4958 7017
1981 864 2366 922 Fondazione
2390 838 2775 922 Memofonte
2800 865 2976 922 onlus

1390 960 1600 1018 Studio
1624 979 1731 1035 per
1754 960 2226 1018 l’elaborazione
2250 960 2632 1018 informatica
2655 961 2813 1018 delle
2838 960 2991 1018 fonti
3018 960 3571 1018 storico—artistiche

712 1251 964 1320 moitié
992 1273 1118 1341 par
1144 1251 1483 1340 Francois
1515 1251 1584 1320 d’
1621 1251 2001 1333 Amboise,
2034 1251 2228 1320 Paris
2268 1251 2475 1320 1622.

712 1363 847 1420 Con
878 1363 990 1420 178
1017 1363 1300 1420 tavolette
1325 1362 1654 1420 finamente
1679 1363 1755 1420 ed
1779 1363 2255 1437 elegantemente
2279 1362 2586 1437 intagliate
2610 1362 2672 1419 in
2694 1381 2876 1420 rame.

479 1559 686 1627 1840.
719 1559 978 1627 ANULI
1001 1558 1518 1640 Bartholomei,
1551 1558 1749 1627 Picta
1776 1558 2049 1640 Poesis,
2081 1558 2415 1648 Lugduni
2454 1558 2662 1640 1552,
2695 1558 2769 1626 in
2802 1559 2865 1640 8,
2898 1558 3024 1648 fig.

711 1673 1184 1763 Aggiuntovi:
1225 1673 1534 1743 Costalii
1561 1676 1758 1742 Petri
1785 1676 2059 1761 Pegma
2090 1697 2251 1742 cum
2280 1673 2826 1742 narrationibus
2847 1673 3402 1761 philosophicis.
3440 1673 3629 1742 Vedi
3664 1673 3988 1743 Costalii.

487 1904 694 1972 1841.
748 1904 1007 1972 ANULI
1050 1903 1567 1985 Bartholomei,
1621 1903 1819 1972 Picta
1867 1903 2140 1985 Poesis,
2193 1903 2527 1993 Lugduni
2587 1903 2795 1985 1564,
2851 1903 2938 1972 ab
2991 1914 3278 1972 auctore
3329 1903 3568 1972 denuo
3618 1903 4007 1993 recognita,
4061 1903 4135 1971 in
4194 1904 4302 1985 12,
4356 1903 4482 1993 fig.

712 2018 1088 2108 Ristampa
1116 2018 1307 2087 della
1333 2018 1565 2108 prima
1593 2018 1948 2087 edizione.

711 2131 796 2187 Fu
834 2129 1110 2187 dedicata
1147 2130 1205 2187 la
1240 2129 1433 2204 prima
1470 2129 1749 2187 edizione
1789 2148 1823 2187 a
1859 2129 2142 2187 Filiberto
2180 2130 2353 2187 Babo
2392 2148 2659 2187 vescovo
2698 2129 2930 2204 inglese
2969 2130 3326 2187 dall’autore
3365 2148 3398 2187 e
3436 2148 3606 2187 narra
3642 2129 3704 2186 in
3741 2148 3859 2187 una
3894 2132 4188 2197 Protasis,
4230 2130 4393 2204 dopo
4433 2130 4490 2187 la

712 2225 944 2293 dedica,
975 2244 1150 2283 come
1179 2226 1414 2283 avendo
1442 2234 1670 2283 trovate
1697 2225 1760 2282 in
1786 2244 1867 2283 un
1894 2225 2250 2300 magazzino
2279 2225 2340 2283 di
2368 2244 2448 2283 un
2475 2225 2777 2300 tipografo
2806 2225 2867 2283 di
2894 2225 3084 2283 Lione
3112 2225 3413 2283 chiamato
3442 2225 3832 2300 Agathandro
3862 2225 4059 2283 alcuni
4085 2225 4310 2300 piccoli
4336 2225 4486 2283 rami

711 2321 1021 2396 intagliati,
1052 2321 1113 2379 di
1141 2321 1239 2379 cui
1267 2340 1390 2379 non
1419 2340 1603 2396 seppe
1631 2321 1832 2396 capire
1860 2322 2021 2379 l’uso
2050 2340 2083 2379 e
2110 2321 2153 2378 il
2184 2321 2548 2396 signiﬁcato,
2578 2321 2911 2396 immaginò
2940 2321 3001 2379 di
3029 2340 3345 2396 comporre
3373 2322 3761 2396 quest’opera
3785 2321 4042 2396 poetica,
4072 2321 4134 2378 in
4163 2321 4397 2396 seguito
4426 2321 4487 2379 di

712 2417 911 2491 quelle
941 2416 1136 2491 figure
1166 2416 1646 2484 emblematiche,
1680 2435 1714 2474 a
1743 2416 1840 2474 cui
1868 2416 2065 2491 poche
2094 2435 2169 2474 ne
2200 2416 2490 2491 aggiunse
2518 2435 2625 2491 per
2653 2417 2945 2474 condurre
2974 2416 3017 2473 il
3049 2435 3157 2474 suo
3188 2416 3341 2474 libro
3373 2435 3407 2474 a
3435 2416 3864 2491 compimento,
3896 2416 3939 2473 il
3969 2417 4145 2491 quale
4174 2416 4251 2474 ha
4277 2416 4487 2491 pregio

710 2531 817 2587 per
840 2513 896 2570 le
920 2513 1120 2570 tavole
1147 2513 1317 2587 (però
1341 2512 1403 2569 in
1427 2513 1634 2587 legno)
1660 2512 1722 2569 in
1746 2521 1894 2570 tutto
1927 2513 2039 2570 107
2066 2521 2181 2570 tav.

481 2710 574 2798 [p.
610 2708 780 2791 315]

483 2920 690 2988 1842.
723 2920 1070 2988 APELLES
1099 2919 1587 3009 Symbolicus,
1619 2920 1937 2988 Auctore
1966 2921 2049 2988 R.
2083 2921 2155 2988 P.
2188 2921 2463 2988 Joanne
2492 2919 2860 2988 Michaele
2889 2941 3035 2988 von
3065 2919 3190 2988 der
3219 2921 3501 3001 Ketten,
3534 2919 4091 3001 Amstelodami,
4126 2941 4234 3009 ap.
4267 2921 4303 2988 J
4310 2941 4483 3001 ans.,

721 3034 929 3116 1699,
962 3034 1106 3103 vol.
1149 3035 1207 3116 1,
1240 3034 1314 3102 in
1347 3035 1409 3103 8.

713 3146 914 3220 Opera
937 3154 1105 3203 vasta
1128 3164 1161 3203 e
1184 3145 1415 3220 ripiena
1438 3145 1499 3203 di
1524 3145 1807 3203 citazioni
1832 3164 1865 3203 e
1891 3145 2172 3203 allusioni
2199 3164 2382 3213 sacre,
2410 3164 2527 3203 con
2551 3164 2673 3203 non
2698 3145 2949 3220 copiose
2974 3164 3007 3203 e
3031 3164 3153 3203 non
3175 3146 3376 3203 buone
3400 3146 3600 3203 tavole
3626 3145 3933 3220 frapposte
3959 3146 4014 3203 al
4038 3154 4209 3203 testo.

483 3341 690 3409 1843.
734 3342 1122 3409 BARGIGLI
1157 3340 1523 3430 Scipione,
1566 3340 1778 3409 Delle
1817 3340 2154 3430 imprese;
2199 3340 2339 3409 alla
2375 3362 2442 3430 p.
2486 3351 2703 3430 parte,
2746 3340 2816 3409 la
2854 3341 2898 3408 2
2940 3362 2979 3409 e
3018 3340 3088 3409 la
3127 3341 3166 3409 3
3210 3351 3695 3409 nuovamente
3736 3340 4095 3430 aggiunte,
4138 3340 4483 3422 Venezia,

711 3477 962 3545 presso
992 3455 1044 3523 il
1072 3455 1523 3537 Franceschi,
1565 3455 1773 3537 1504,
1806 3455 1880 3523 in
1908 3456 1976 3537 4,
2009 3455 2135 3545 fig.

712 3567 828 3624 Col
857 3566 1081 3624 ritratto
1113 3566 1174 3624 di
1204 3566 1454 3624 Ridolfo
1485 3568 1538 3623 II
1569 3585 1602 3624 e
1633 3567 1691 3624 la
1722 3585 1828 3624 sua
1856 3566 2135 3641 impresa,
2169 3567 2318 3624 oltre
2349 3567 2405 3624 le
2435 3585 2756 3624 numerose
2786 3567 2986 3624 tavole
3017 3567 3175 3624 delle
3205 3566 3465 3641 imprese
3496 3566 3594 3624 dei
3623 3566 3940 3641 principali
3973 3566 4199 3641 signori
4230 3566 4484 3634 d’Italia,

711 3662 1017 3737 intagliate
1041 3662 1104 3719 in
1126 3681 1307 3720 rame.

491 3859 698 3927 1844.
766 3860 1141 3927 BAUDOIN
1197 3860 1280 3940 J.,
1347 3858 1648 3927 Recueil
1712 3858 2193 3927 d’emblemes
2259 3858 2496 3927 divers
2564 3880 2739 3927 avec
2804 3858 2931 3927 des
2997 3858 3323 3927 discours
3388 3880 3690 3927 moraux
3753 3858 4354 3948 philosophiques
4420 3869 4489 3927 et

711 3973 1124 4063 politiques,
1159 3974 1199 4042 à
1226 3973 1420 4042 Paris
1460 3973 1668 4055 1638,
1701 3973 1775 4041 in
1808 3974 1871 4055 8,
1904 3973 2030 4063 fig.

712 4085 847 4142 Con
871 4084 950 4142 76
975 4085 1175 4142 tavole
1199 4084 1505 4159 intagliate
1531 4093 2008 4142 accuratamente
2032 4084 2094 4141 in
2116 4103 2299 4152 rame,
2327 4103 2426 4142 ma
2449 4084 2761 4159 disegnate
2786 4103 2903 4142 con
2925 4103 3083 4159 poca
3106 4085 3394 4159 eleganza
3417 4084 3478 4142 di
3505 4084 3654 4142 stile.

483 4279 690 4348 1845.
726 4281 1172 4348 BENEDETTI
1196 4279 1458 4361 Felice,
1493 4281 1594 4348 Le
1626 4279 1938 4369 imprese
1971 4279 2043 4348 di
2075 4281 2163 4348 D.
2199 4279 2484 4369 Filippo
2518 4279 2892 4348 d’Austria
2922 4281 3004 4361 Il,
3040 4281 3147 4348 Re
3179 4279 3251 4348 di
3286 4280 3596 4369 Spagna,
3630 4290 4160 4369 rappresentate
4192 4279 4386 4369 dopo
4418 4279 4489 4348 la

715 4416 843 4463 sua
870 4405 1099 4463 morte
1128 4394 1246 4463 nel
1274 4394 1554 4463 tumulo
1585 4405 1807 4463 eretto
1837 4394 2029 4463 nella
2057 4394 2226 4463 città
2254 4394 2725 4484 dell’Aquila,
2768 4394 2976 4476 1589,
3009 4394 3110 4463 ivi
3140 4394 3214 4462 in
3242 4395 3309 4463 4.

711 4505 1004 4563 Edizione
1031 4506 1395 4580 d’un’opera
1420 4505 1726 4563 mediocre
1753 4524 1786 4563 e
1811 4505 2158 4580 pubblicata
2181 4524 2288 4580 per
2314 4506 2554 4563 adulare
2579 4506 2961 4563 bassamente
2987 4524 3068 4563 un
3094 4524 3298 4573 uomo,
3328 4505 3439 4563 che
3467 4506 3525 4563 la
3552 4505 3733 4563 storia
3759 4506 4052 4563 vorrebbe
4079 4505 4485 4573 dimenticare,

712 4620 887 4659 come
915 4620 1167 4659 saranno
1193 4601 1577 4659 dimenticate
1602 4602 1658 4659 le
1682 4602 1883 4659 tavole
1908 4602 2028 4659 mal
2052 4601 2359 4676 intagliale
2384 4601 2445 4659 di
2470 4610 2683 4676 questo
2709 4601 2880 4659 libro.

491 4797 698 4866 1846.
746 4799 1011 4865 BEZAE
1048 4797 1410 4866 Theodori
1454 4797 1760 4879 Vezelii,
1807 4799 2149 4866 Poemata
2190 4797 2406 4879 varia,
2453 4797 2854 4887 Epitaphia,
2900 4797 3378 4887 Epigramata,
3425 4797 3898 4879 Emblemata,
3944 4798 4040 4865 44
4083 4808 4201 4866 tav
4245 4797 4319 4865 in
4361 4798 4488 4865 4m

721 4912 929 4994 1597,
965 4912 1119 4981 sine
1148 4912 1315 4981 loco
1346 4923 1415 4981 et
1442 4912 1647 5002 impr.
1681 4912 1997 4981 nomine.

713 5028 990 5113 Questo
1020 5027 1316 5096 volume
1346 5028 1385 5096 è
1413 5027 1804 5117 preceduto
1835 5027 2373 5117 dall’opuscolo
2406 5038 2770 5117 seguente:

710 5139 913 5196 Jacbii
938 5141 1127 5196 Lectii
1159 5141 1215 5196 V.
1255 5140 1363 5196 CL.
1398 5139 1600 5196 Jonah
1629 5158 1736 5196 seu
1764 5141 2016 5196 Poetica
2038 5139 2384 5212 parafrasis
2412 5139 2496 5196 ad
2523 5158 2657 5196 eum
2690 5141 2913 5206 Vatem,
2947 5147 3138 5196 stesso
3169 5157 3344 5196 anno.
3376 5140 3443 5195 In
3472 5138 3597 5196 fine
3626 5139 3703 5196 da
3729 5157 3810 5196 un
3839 5138 4051 5196 avviso
4081 5138 4243 5213 degli
4272 5138 4486 5196 editori

712 5234 920 5292 vedesi
945 5234 1056 5292 che
1081 5234 1410 5292 l’edizione
1436 5234 1502 5292 fu
1526 5234 1890 5292 cominciata
1913 5235 1990 5292 da
2015 5234 2262 5292 Stefano
2288 5253 2321 5292 e
2346 5234 2519 5292 finita
2542 5235 2619 5292 da
2643 5234 2941 5292 Giacomo
2967 5236 3198 5292 Stoero.

483 5430 690 5498 1847.
730 5431 842 5498 De
878 5431 1016 5497 BIE
1044 5431 1373 5519 Jacques,
1413 5429 1836 5519 Iconologie
1872 5451 1967 5498 ou
2004 5429 2444 5519 explication
2479 5429 2819 5498 nouvelle
2855 5429 2944 5498 de
2978 5429 3335 5519 plusieurs
3372 5429 3672 5519 images,
3712 5429 4111 5498 emblemes
4149 5440 4218 5498 et
4254 5440 4484 5498 autres

712 5544 983 5634 figures
1016 5544 1633 5634 hiérogliphiques
1668 5544 1795 5613 des
1829 5555 2090 5626 vertus,
2127 5544 2253 5613 des
2287 5544 2510 5626 vices,
2547 5544 2673 5613 des
2710 5555 2869 5626 arts,
2906 5544 3032 5613 des
3069 5544 3393 5613 sciences
3428 5555 3559 5613 etc.
3595 5544 3771 5613 tirée
3804 5544 3930 5613 des
3963 5544 4385 5613 recherches
4421 5555 4490 5613 et

713 5659 839 5728 des
891 5659 1162 5749 figures
1215 5659 1304 5728 de
1355 5660 1580 5728 Cesar
1628 5659 1815 5749 Ripa
1864 5659 2284 5728 dessinnées
2337 5670 2406 5728 et
2456 5660 2755 5749 gravées
2806 5681 2932 5749 par
2979 5661 3285 5749 Jacques
3338 5659 3427 5728 de
3477 5659 3612 5728 Bie
3663 5670 3732 5728 et
3781 5659 4202 5728 moralisées
4253 5681 4379 5749 par
4426 5661 4483 5728 J.

712 5774 1067 5856 Baudoin,
1100 5774 1294 5843 Paris
1334 5774 1542 5856 1637,
1575 5774 1649 5842 in
1678 5774 1806 5843 fol.
1840 5774 1966 5864 fig.

714 5885 943 5943 Sonovi
968 5886 1046 5944 29
1072 5886 1272 5943 tavole
1296 5885 1358 5942 in
1382 5885 1480 5943 cui
1507 5894 1718 5943 stanno
1744 5885 2050 5960 intagliate
2077 5885 2163 5943 sei
2189 5885 2383 5960 figure
2408 5885 2872 5943 emblematiche
2895 5904 3002 5960 per
3025 5885 3445 5953 ciascheduna,
3473 5904 3590 5943 con
3614 5885 3869 5960 qualche
3895 5894 4295 5943 accuratezza.

477 6102 570 6190 [p.
606 6101 645 6169 3
663 6100 776 6183 16]

479 6331 686 6399 1848.
749 6332 1071 6398 BIRALLI
1130 6330 1451 6412 Simone,
1514 6330 1726 6399 Delle
1784 6330 2096 6420 imprese
2157 6330 2378 6399 scelte
2438 6330 2627 6399 dove
2684 6330 3002 6399 trovansi
3060 6341 3235 6399 tutte
3293 6330 3534 6420 quelle
3593 6330 3726 6399 che
3785 6330 3876 6399 da
3933 6330 4200 6399 diversi
4261 6330 4487 6399 autori

2171 6657 2347 6694 WWW.
2358 6637 2734 6710 memofonte.
2748 6639 2791 6694 il
