4958 7017
1981 864 2366 922 Fondazione
2390 838 2775 922 Memofonte
2800 865 2976 922 onlus

1390 960 1600 1018 Studio
1624 979 1731 1035 per
1754 960 2226 1018 l’elaborazione
2250 960 2632 1018 informatica
2655 961 2813 1018 delle
2838 960 2991 1018 fonti
3018 960 3571 1018 storico—artistiche

2271 1344 2688 1401 MDCCXCV

473 1439 655 1497 4551.
682 1441 1015 1507 BARTSCH,
1043 1440 1376 1514 Catalogue
1399 1439 1679 1497 raisonné
1704 1440 1811 1497 des
1837 1448 2137 1514 estampes
2164 1440 2412 1514 gravées
2439 1440 2473 1497 a
2497 1440 2660 1497 l’eau
2684 1439 2837 1497 forte
2860 1458 2967 1514 par
2991 1439 3193 1497 Guido
3218 1439 3390 1507 Reni,
3418 1448 3476 1497 et
3502 1458 3596 1497 ses
3622 1439 3927 1514 disciples,
3954 1439 4192 1497 Vienne
4224 1439 4399 1507 1795,
4426 1439 4488 1496 in

702 1536 754 1593 8.

473 1726 655 1784 4552.
699 1728 1082 1794 REGNAULT,
1128 1727 1461 1801 Catalogue
1504 1727 1688 1784 d’une
1730 1726 2056 1784 collection
2097 1727 2172 1784 de
2213 1727 2509 1794 tableaux,
2554 1726 2993 1801 compositions
3036 1727 3111 1784 de
3152 1727 3392 1784 maîtres
3435 1727 3703 1784 célebres
3746 1727 3826 1784 du
3867 1726 4123 1784 Cabinet
4163 1727 4238 1784 de
4279 1728 4367 1784 M.
4413 1727 4488 1784 de

698 1822 1036 1890 Baudouin,
1063 1822 1226 1880 Paris
1253 1841 1343 1880 an.
1371 1824 1428 1880 V
1453 1823 1528 1880 de
1553 1823 1611 1880 la
1633 1822 2028 1897 Repubblica,
2055 1822 2117 1879 in
2144 1823 2197 1890 8,
2232 1822 2405 1881 1796.

2243 2015 2716 2072 MDCCXCVII

473 2110 655 2168 4553.
686 2112 1002 2168 BARTSCH
1029 2111 1247 2178 Adam,
1279 2111 1612 2185 Catalogue
1639 2110 1920 2168 raisonné
1949 2111 2024 2168 de
2052 2119 2247 2168 toutes
2277 2111 2364 2168 les
2394 2119 2714 2185 estampes,
2746 2110 2848 2185 qui
2878 2110 3139 2168 forment
3166 2111 3440 2168 l’oeuvre
3470 2111 3545 2168 de
3573 2111 3915 2178 Rembrant,
3946 2110 4184 2168 Vienne
4220 2111 4395 2178 1797,
4426 2110 4488 2167 in

702 2207 755 2274 8,
784 2225 930 2264 avec
956 2206 1199 2281 figures.

473 2397 655 2455 4554.
695 2398 999 2455 GOTTELF
1035 2397 1264 2465 Sidner,
1303 2398 1636 2472 Catalogue
1672 2398 2042 2472 d’estampes
2079 2397 2361 2465 choisies,
2400 2397 2691 2465 desseins,
2730 2397 3063 2465 médailles,
3102 2406 3212 2455 etc.
3252 2398 3332 2455 du
3367 2397 3623 2455 Cabinet
3657 2398 3737 2455 du
3774 2397 3932 2455 sieur
3965 2399 4111 2455 Jean
4146 2398 4483 2465 Casanova,

706 2494 881 2561 1797,
907 2493 969 2550 in
996 2494 1048 2551 8.

473 2685 655 2743 4555.
685 2687 1069 2753 REGNAULT,
1100 2686 1434 2760 Catalogue
1462 2686 1568 2743 des
1596 2686 1875 2743 tableaux
1902 2686 1960 2743 la
1984 2686 2221 2760 plupart
2247 2686 2322 2743 de
2348 2685 2608 2760 peintres
2638 2685 2900 2760 francois
2930 2686 3100 2760 après
3129 2686 3185 2743 le
3213 2686 3393 2743 décès
3422 2686 3503 2743 du
3530 2685 3772 2760 citoyen
3798 2686 4169 2753 Beauvallet,
4199 2685 4362 2743 Paris
4392 2704 4483 2743 an.

698 2783 783 2839 VI
808 2782 883 2839 de
908 2782 966 2839 la
988 2783 1158 2856 Rep.,
1185 2781 1247 2838 in
1274 2782 1327 2849 8,
1362 2782 1535 2840 1797.

473 2972 655 3030 4556.
693 2974 1076 3040 REGNAULT,
1116 2973 1449 3047 Catalogue
1483 2972 1762 3030 raisonné
1798 2973 1948 3030 d’un
1983 2972 2164 3030 choix
2197 2972 2483 3047 précieux
2519 2973 2594 3030 de
2630 2972 2920 3040 desseins,
2959 2981 3017 3030 et
3051 2973 3420 3047 d’estampes
3457 2973 3537 3030 du
3572 2972 3828 3030 Cabinet
3862 2973 3937 3030 de
3972 2972 4169 3030 Pierre
4204 2972 4486 3047 Francois

698 3070 921 3136 Bazan,
948 3068 1111 3126 Paris
1138 3087 1187 3126 a.
1215 3070 1300 3126 VI
1325 3069 1400 3126 de
1424 3069 1482 3126 la
1504 3070 1652 3143 Rep.
1688 3069 1861 3127 1797.

2229 3261 2730 3318 MDCCXCVIII

473 3355 655 3413 4557.
687 3357 964 3412 PAILLET
993 3364 1051 3413 et
1079 3356 1154 3413 de
1184 3356 1242 3413 la
1270 3355 1499 3423 Roche,
1532 3356 1865 3430 Catalogue
1895 3356 2081 3413 d’une
2109 3355 2422 3430 precieuse
2452 3355 2778 3413 collection
2807 3356 2882 3413 de
2911 3356 3191 3413 tableaux
3218 3364 3552 3430 provenant
3580 3356 3655 3413 de
3685 3356 4023 3430 l’étranger,
4055 3355 4218 3413 Paris
4250 3374 4341 3413 an.
4374 3357 4487 3413 VII

699 3452 774 3509 de
799 3452 857 3509 la
879 3453 1049 3526 Rep.,
1076 3451 1138 3508 in
1165 3452 1218 3519 8,
1253 3452 1426 3510 1798.

2257 3644 2702 3701 MDCCXCIX

473 3739 655 3797 4558.
684 3740 1057 3797 CATALOGO
1081 3740 1176 3797 de’
1209 3739 1344 3814 capi
1369 3740 1623 3814 d’opera
1646 3739 1707 3797 di
1730 3739 1963 3814 pittura,
1993 3740 2269 3807 scultura,
2298 3739 2675 3797 architettura
2698 3748 2808 3797 etc.
2837 3740 2913 3797 ed
2939 3740 3082 3797 altre
3107 3739 3392 3797 curiosità
3414 3748 3764 3814 trasportate
3789 3739 4110 3797 dall’Italia
4133 3739 4195 3796 in
4219 3739 4484 3807 Francia,

698 3835 969 3893 Venezia
999 3836 1174 3903 1799,
1201 3835 1263 3892 in
1286 3836 1343 3903 4,
1371 3835 1649 3893 edizione
1676 3836 1956 3903 seconda,
1983 3837 2071 3893 M.
2100 3836 2197 3894 93.

2331 4027 2627 4084 MDCCC

473 4122 655 4181 4559.
692 4123 1105 4180 CATALOGUE
1137 4123 1243 4180 des
1277 4131 1578 4197 estampes
1612 4123 1718 4180 des
1751 4122 1895 4180 trois
1929 4123 2151 4190 écoles,
2187 4122 2289 4197 qui
2324 4141 2387 4180 se
2419 4131 2696 4180 trouvent
2728 4123 2762 4180 à
2792 4122 2955 4180 Paris
2990 4141 3064 4180 au
3095 4123 3314 4180 Musée
3348 4123 3590 4180 Central
3623 4123 3729 4180 des
3762 4123 3920 4190 Arts,
3956 4131 4014 4180 et
4045 4123 4120 4180 de
4151 4122 4485 4197 plusieures

700 4227 892 4276 autres
920 4218 1122 4286 suites,
1149 4237 1271 4276 non
1295 4218 1628 4293 comprises
1654 4219 1802 4276 dans
1828 4219 1884 4276 le
1909 4219 2242 4293 catalogue,
2270 4218 2372 4293 qui
2397 4237 2473 4276 en
2497 4218 2587 4276 fut
2610 4219 2815 4276 dressé
2840 4237 2915 4276 en
2946 4219 3121 4286 1742,
3148 4218 3311 4276 Paris
3338 4237 3387 4276 a.
3414 4220 3499 4275 IX
3531 4219 3704 4276 1800.

2317 4411 2642 4468 MDCCCI

473 4505 655 4563 4560.
691 4506 943 4563 GOESIN
972 4505 1334 4580 Verhaerge,
1369 4506 1702 4580 Catalogue
1734 4506 1920 4563 d’une
1952 4505 2277 4563 collection
2308 4506 2383 4563 de
2420 4507 2498 4580 [p.
2536 4505 2678 4575 306]
2715 4506 2993 4563 tableaux
3024 4506 3104 4563 du
3135 4505 3374 4563 cabinet
3404 4506 3479 4563 de
3510 4507 3598 4563 M.
3633 4507 3769 4563 Van
3802 4505 4253 4580 Stemberghen,
4289 4506 4482 4563 Gand.

700 4620 790 4659 an.
818 4603 875 4658 X
900 4602 975 4659 de
1000 4602 1058 4659 la
1080 4603 1250 4676 Rep.,
1277 4601 1339 4658 in
1366 4602 1419 4669 8,
1454 4602 1627 4659 1801.

473 4793 655 4851 4561.
683 4795 959 4851 HUBERT
981 4793 1231 4861 Michel,
1259 4794 1592 4868 Catalogue
1615 4793 1896 4851 raisonné
1921 4794 2001 4851 du
2025 4793 2282 4851 Cabinet
2305 4794 2675 4868 d’estampes
2701 4794 2776 4851 de
2800 4795 2888 4851 M.
2915 4793 3240 4861 Winckler,
3268 4794 3305 4850 2
3331 4794 3472 4861 vol.,
3499 4793 3749 4868 Leipzig
3781 4794 3956 4861 1801,
3983 4793 4045 4850 in
4072 4794 4124 4851 8.

473 4985 655 5043 4562.
687 4987 964 5042 PAILLET
992 4994 1050 5043 et
1078 4986 1153 5043 de
1183 4986 1241 5043 la
1269 4985 1497 5053 Roche,
1530 4986 1863 5060 Catalogue
1893 4986 2079 5043 d’une
2107 4985 2271 5043 riche
2301 4985 2627 5043 collection
2656 4986 2731 5043 de
2760 4986 3057 5053 tableaux,
3090 4985 3381 5053 desseins,
3417 4994 3697 5060 stampes,
3730 5004 3924 5053 vases,
3955 4986 4230 5053 bronzes,
4263 4994 4373 5043 etc.
4407 4986 4488 5043 du

699 5080 955 5138 Cabinet
978 5081 1053 5138 de
1077 5082 1165 5138 M.
1194 5081 1426 5138 Claude
1450 5081 1738 5148 Tolozan,
1765 5080 1928 5138 Paris
1961 5081 2135 5148 1801,
2162 5080 2224 5137 in
2251 5081 2303 5138 8.

473 5272 655 5330 4563.
684 5274 961 5329 PAILLET
986 5281 1044 5330 et
1069 5273 1144 5330 de
1171 5273 1229 5330 la
1254 5272 1481 5340 Roche,
1512 5273 1845 5347 Catalogue
1872 5273 2058 5330 d’une
2083 5272 2247 5330 riche
2274 5272 2600 5330 collection
2626 5273 2701 5330 de
2727 5273 3007 5330 tableaux
3033 5273 3113 5330 du
3139 5272 3396 5330 Cabinet
3421 5273 3501 5330 du
3528 5272 3769 5347 citoyen
3795 5272 3995 5340 Robit,
4024 5272 4187 5330 Paris
4222 5273 4397 5340 1801,
4426 5272 4488 5329 in

702 5369 754 5426 8.

2303 5560 2656 5617 MDCCCII

473 5655 655 5713 4564.
692 5656 1106 5713 CATALOGUE
1139 5656 1245 5713 des
1278 5655 1566 5730 planches
1601 5656 1837 5730 diaprès
1872 5656 1959 5713 les
1992 5656 2127 5730 plus
2160 5656 2358 5713 beaux
2390 5656 2687 5723 tableaux,
2724 5664 2782 5713 et
2814 5655 3105 5723 desseins,
3142 5655 3244 5730 qui
3278 5664 3637 5730 composent
3669 5656 3725 5713 le
3759 5655 3909 5713 fond
3942 5656 4022 5713 du
4055 5657 4128 5713 H.
4165 5657 4229 5713 L.
4266 5657 4485 5723 Basan,

698 5751 1024 5809 marchand
1048 5752 1436 5826 d’estampes,
1463 5751 1626 5809 Paris
1659 5752 1834 5819 1802,
1861 5751 1923 5808 in
1946 5752 2002 5809 4.

473 5943 655 6001 4565.
682 5945 959 6000 PAILLET
982 5952 1040 6001 et
1063 5944 1138 6001 de
1163 5944 1221 6001 la
1243 5943 1470 6011 Roche,
1499 5944 1832 6018 Catalogue
1857 5944 1963 6001 des
1988 5944 2268 6001 tableaux
2292 5944 2372 6001 du
2396 5944 2634 6001 celebre
2659 5943 2897 6001 cabinet
2920 5944 2995 6001 de
3019 5945 3107 6001 M.
3135 5945 3271 6001 Van
3295 5944 3651 6011 Helsleuter,
3678 5943 3841 6001 Paris
3874 5944 4048 6011 1802,
4075 5943 4137 6000 in
4164 5944 4216 6001 8.

2289 6135 2670 6192 MDCCCIII

473 6230 655 6288 4566.
694 6232 1085 6298 BAGNAULT,
1125 6231 1458 6305 Catalogue
1496 6231 1681 6288 d’une
1717 6231 2079 6288 nombreuse
2116 6230 2441 6288 collection
2477 6231 2846 6305 d’estampes
2884 6239 2942 6288 et
2977 6231 3052 6288 de
3089 6230 3360 6288 desseins
3399 6231 3569 6305 après
3607 6231 3663 6288 le
3700 6231 3880 6288 décès
3918 6231 3993 6288 de
4028 6231 4195 6288 Mad.
4234 6230 4484 6298 Alibert,

698 6326 861 6384 Paris
894 6327 1068 6394 1803,
1095 6326 1157 6383 in
1184 6327 1236 6384 8.

2171 6657 2347 6694 WWW.
2358 6637 2734 6710 memofonte.
2748 6639 2791 6694 il
