4958 7017
1981 864 2366 922 Fondazione
2390 864 2775 922 Memofonte
2800 865 2976 922 onlus

1390 960 1600 1018 Studio
1624 979 1731 1035 per
1754 960 2226 1018 l’elaborazione
2250 960 2632 1018 informatica
2655 961 2813 1018 delle
2838 960 2991 1018 fonti
3018 960 3571 1018 storico—artistiche

476 1343 655 1401 3528.
678 1345 1074 1401 MENETREIO
1099 1343 1376 1411 Claudio,
1406 1343 1758 1418 Symbolica
1780 1343 2013 1401 Dianae
2037 1343 2335 1418 Ephesiae
2362 1352 2552 1401 statua
2575 1343 2866 1418 exposita,
2893 1345 3126 1401 Romae
3158 1343 3333 1411 1657,
3361 1343 3487 1418 fig.,
3514 1343 3576 1400 in
3599 1344 3656 1411 4,
3683 1345 3771 1401 M.
3807 1344 3897 1401 10.

704 1440 931 1511 Questa
962 1440 995 1497 e
1028 1440 1086 1497 la
1115 1439 1310 1514 prima
1341 1439 1619 1497 edizione
1653 1458 1687 1497 a
1719 1439 1816 1497 cui
1849 1458 1925 1497 va
1957 1458 2213 1497 annessa
2245 1440 2442 1497 l’altra
2473 1448 2740 1514 operetta
2771 1440 2869 1497 del
2901 1439 3130 1497 Bellori
3165 1442 3223 1497 in
3253 1442 3589 1497 Nmismata
3624 1451 3744 1497 tum
3775 1440 4041 1513 Ephesia
4076 1451 4196 1497 tum
4228 1439 4488 1497 aliamm

713 1536 962 1593 Urbium
989 1536 1209 1609 apibus
1239 1538 1538 1609 insignita.
1571 1538 1800 1593 Romae
1831 1535 2010 1603 1658,
2040 1535 2102 1592 in
2128 1536 2166 1592 4
2195 1535 2604 1610 coll’epistola
2630 1535 3017 1593 d’Holstenio
3045 1536 3120 1593 de
3149 1536 3409 1593 vembus
3434 1538 3678 1593 Dianae
3705 1536 4008 1609 Ephesiae
4037 1554 4154 1593 con
4181 1536 4260 1592 24
4288 1536 4488 1593 tavole

707 1650 740 1689 e
766 1632 977 1689 alcune
1002 1631 1304 1706 medaglie
1329 1650 1362 1689 e
1387 1631 1763 1689 monumenti
1788 1631 1878 1689 fra
1900 1631 1943 1688 il
1967 1640 2138 1689 testo.

476 1822 655 1881 3529.
698 1824 1099 1880 MENETREJO
1142 1822 1419 1890 Claudio,
1467 1822 1980 1880 Ceimeliothecae
2024 1822 2387 1880 Barberinae
2429 1822 2754 1897 praefecto.
2804 1822 3156 1897 Symbolica
3197 1822 3430 1880 Dianae
3474 1822 3771 1897 Ephesiae
3818 1831 4007 1880 statua
4050 1822 4341 1897 exposita,
4389 1822 4486 1880 cui

708 1937 1017 1976 accessere
1043 1920 1243 1976 Lucae
1270 1918 1571 1976 Holstenii
1598 1918 1856 1993 epistola
1881 1919 1956 1976 de
1983 1918 2189 1976 fulcris
2219 1937 2325 1976 seu
2352 1919 2610 1976 verubus
2637 1918 2870 1976 Dianae
2896 1918 3044 1993 Eph.
3077 1918 3398 1976 simulacro
3427 1918 3735 1993 appositis.
3766 1920 3855 1976 Jo.
3884 1920 4005 1976 Pet.
4034 1918 4286 1976 Bellorii
4312 1927 4488 1976 notae

706 2014 768 2071 in
791 2014 1174 2072 Numismata
1196 2014 1475 2089 Ephesia,
1502 2023 1630 2072 tum
1654 2014 1906 2072 aliarum
1927 2014 2186 2072 Urbium
2209 2014 2421 2089 apibus
2446 2014 2748 2089 insignita.
2776 2014 2976 2072 Editio
3003 2015 3185 2072 altera
3209 2014 3453 2082 auctior,
3480 2016 3711 2072 Romae
3744 2015 3919 2082 1788,
3945 2014 4007 2071 in
4031 2014 4136 2072 fol.
4163 2014 4302 2089 pic.,
4330 2014 4434 2089 fig.

702 2112 786 2168 Le
825 2111 1026 2168 tavole
1066 2110 1127 2168 di
1166 2119 1311 2168 tutte
1351 2111 1407 2168 le
1448 2110 1865 2168 dissertazioni
1905 2111 2063 2168 delle
2103 2110 2266 2185 quali
2306 2129 2339 2168 e
2380 2110 2692 2168 arricchita
2736 2112 2814 2185 [p.
2865 2110 3001 2180 161]
3047 2119 3257 2185 questa
3293 2110 3571 2185 preziosa
3611 2111 3876 2168 seconda
3914 2110 4192 2168 edizione
4234 2129 4384 2168 sono
4425 2110 4487 2167 in

706 2225 956 2264 numero
982 2206 1043 2264 di
1068 2207 1166 2274 24,
1195 2207 1406 2264 alcune
1431 2207 1589 2264 delle
1614 2206 1777 2281 quali
1802 2206 2098 2281 veggonsi
2122 2206 2656 2264 indubitatamente
2680 2206 2987 2281 intagliate
3012 2207 3089 2264 da
3111 2208 3172 2264 P.
3203 2207 3260 2264 S.
3288 2206 3533 2264 Bartoli.

476 2397 655 2455 3530.
679 2399 939 2465 MILLIN,
968 2397 1362 2455 L’Oresteide
1387 2416 1467 2455 ou
1492 2397 1868 2472 dexcription
1892 2398 1967 2455 de
1992 2398 2151 2455 deux
2173 2397 2517 2455 bas—reliefs
2543 2398 2623 2455 du
2646 2397 2841 2455 Palais
2869 2397 3141 2455 Grimani
3167 2398 3201 2455 a
3224 2397 3470 2465 Venise,
3499 2406 3557 2455 et
3580 2398 3655 2455 de
3680 2398 3970 2472 quelques
3997 2416 4357 2455 monumens
4383 2397 4486 2472 qui

707 2502 811 2551 ont
832 2502 1032 2568 raport
1056 2494 1090 2551 a
1113 2493 1408 2551 l’histoire
1433 2494 1735 2561 d’Oreste,
1762 2493 1925 2551 Paris
1958 2494 2132 2561 1817,
2159 2493 2221 2550 in
2245 2493 2372 2561 fol.,
2400 2493 2504 2568 fig.

716 2590 851 2647 Con
877 2590 915 2646 4
943 2598 1059 2647 tav.
1090 2589 1153 2646 in
1178 2608 1359 2647 rame.
1390 2591 1415 2646 I
1443 2590 1560 2647 due
1588 2589 1981 2657 monumenti,
2012 2589 2124 2647 che
2153 2589 2449 2664 veggonsi
2477 2589 2539 2646 in
2566 2608 2708 2647 casa
2736 2589 3008 2647 Grimani
3036 2608 3158 2647 non
3188 2608 3338 2647 sono
3368 2590 3700 2647 altrettanto
3730 2589 3971 2647 caricati
3999 2608 4175 2647 come
4202 2589 4222 2646 i
4250 2589 4487 2664 disegni

707 2685 818 2743 che
842 2704 923 2743 un
948 2685 1164 2753 artista,
1194 2685 1382 2756 (forse
1408 2686 1652 2756 veneto)
1679 2686 1928 2760 esagerò
1953 2685 2051 2743 nei
2076 2685 2367 2743 contorni.

476 2876 655 2934 3531.
678 2878 1005 2934 MISSIRINI
1027 2876 1413 2944 Melchiorre,
1443 2876 1547 2934 Sui
1572 2876 1785 2934 marmi
1810 2876 1871 2934 di
1896 2876 2164 2934 Antonio
2190 2877 2458 2944 Canova,
2487 2876 2662 2944 versi,
2689 2876 2977 2944 Venezia,
3004 2876 3355 2951 Tipografia
3377 2876 3609 2944 Picotti,
3644 2877 3818 2944 1817,
3845 2876 3907 2933 in
3931 2876 4036 2934 fol.

711 2974 778 3029 In
802 2973 1003 3047 quella
1026 2972 1223 3030 forma
1245 2991 1368 3030 non
1392 2972 1609 3030 furono
1634 2972 1788 3030 tirati
1813 2972 1924 3030 che
1949 2972 2111 3030 venti
2139 2972 2253 3030 soli
2278 2972 2614 3047 esemplari.

476 3164 655 3222 3532.
677 3175 990 3222 MISSIRINI
1012 3164 1398 3232 Melchiorre,
1425 3164 1810 3222 Monumenti
1835 3164 1896 3222 di
1923 3165 2182 3222 scultura
2205 3183 2238 3222 e
2264 3164 2656 3232 architettura,
2686 3164 2920 3232 sonetti,
2947 3166 3145 3222 Roma
3175 3165 3350 3232 1818,
3377 3164 3439 3221 in
3466 3165 3518 3222 8.

702 3262 812 3318 Fra
838 3260 1032 3335 questi
1059 3260 1282 3318 trattasi
1310 3260 1371 3318 di
1398 3279 1517 3318 una
1543 3279 1688 3335 gran
1713 3269 1878 3335 parte
1906 3261 2064 3318 delle
2092 3279 2275 3335 opera
2300 3260 2361 3318 di
2389 3261 2640 3318 Canova
2666 3260 2778 3318 che
2805 3279 2927 3318 non
2957 3279 3107 3318 sono
3135 3260 3423 3318 illustrate
3450 3261 3548 3318 nel
3577 3261 3822 3318 volume
3850 3260 3952 3335 qui
3982 3279 4175 3335 sopra:
4208 3260 4425 3318 furono
4455 3279 4489 3318 a

706 3355 809 3413 noi
833 3355 1112 3413 intitolati
1137 3355 1488 3413 dall’amico
1515 3364 1737 3423 autore,
1765 3355 1876 3413 che
1901 3356 1934 3413 e
1958 3374 2078 3413 uno
2104 3355 2202 3413 dei
2225 3355 2330 3430 più
2355 3355 2494 3413 forti
2519 3374 2552 3413 e
2575 3355 2739 3430 begli
2764 3355 3010 3430 ingegni
3034 3355 3279 3413 italiani.

476 3547 655 3605 3533.
684 3549 768 3605 Le
798 3558 959 3605 NOIR
983 3548 1344 3615 Alexandre,
1377 3547 1763 3622 Description
1792 3547 2140 3622 historique,
2174 3556 2232 3605 et
2261 3547 2737 3622 chronologique
2768 3548 2874 3605 des
2906 3566 3285 3615 monumens,
3319 3556 3377 3605 et
3408 3548 3756 3622 sculptures,
3788 3547 4026 3605 réunies
4059 3566 4133 3605 au
4162 3548 4380 3605 Musée
4411 3548 4486 3605 de

706 3652 1097 3701 monumenta
1121 3643 1397 3701 francais.
1428 3643 1598 3701 Suivi
1623 3644 1772 3701 d’un
1795 3643 1963 3701 traité
1988 3643 2318 3718 historique
2343 3644 2418 3701 de
2443 3644 2501 3701 la
2522 3643 2792 3718 peinture
2819 3662 2916 3701 sur
2940 3662 3125 3711 verre,
3152 3643 3315 3701 Paris
3342 3662 3432 3701 an.
3460 3645 3545 3701 VI
3570 3644 3645 3701 de
3670 3644 3727 3701 la
3749 3643 4147 3718 République,
4174 3643 4237 3700 in
4264 3644 4316 3701 8.

476 3835 655 3893 3534.
679 3837 763 3893 Le
788 3846 949 3893 NOIR
974 3836 1335 3903 Alexandre,
1363 3835 1583 3893 Notice
1611 3835 1877 3893 succinte
1903 3836 2010 3893 des
2037 3836 2232 3910 objets
2259 3836 2334 3893 de
2362 3836 2661 3910 sculpture
2687 3844 2745 3893 et
2770 3835 3158 3893 architecture
3182 3835 3351 3893 reuni
3378 3854 3453 3893 au
3479 3836 3663 3910 depot
3685 3835 4020 3910 provisoire
4045 3835 4327 3893 national.
4356 3837 4487 3893 Rue

707 3931 813 3988 des
837 3930 1014 4005 petits
1040 3930 1391 4005 Augustins,
1418 3930 1581 3988 Paris
1614 3931 1789 3998 1793,
1816 3930 1878 3987 in
1902 3939 2124 3998 ottavo,
2151 3932 2239 3988 M.
2271 3930 2365 3988 86.

476 4122 655 4180 3535.
679 4124 892 4179 FATTE
918 4122 1255 4190 architecte,
1283 4124 1654 4180 Monumens
1681 4122 1880 4197 erigée
1906 4141 1982 4180 en
2006 4124 2230 4180 France
2257 4123 2291 4180 a
2315 4123 2373 4180 la
2397 4122 2588 4197 gloire
2614 4123 2689 4180 de
2714 4122 2898 4180 Louis
2924 4124 3060 4190 XV,
3087 4123 3376 4197 précedés
3403 4123 3552 4180 d’un
3576 4123 3814 4180 tableau
3839 4123 3920 4180 du
3943 4123 4190 4197 progrés
4217 4123 4323 4180 des
4351 4131 4484 4190 arts,

707 4227 765 4276 et
788 4219 894 4276 des
922 4218 1192 4276 sciences
1220 4237 1361 4276 sous
1387 4237 1457 4276 ce
1480 4237 1680 4293 regne,
1709 4237 1972 4293 ouvrage
1997 4218 2225 4276 enrichi
2250 4219 2325 4276 de
2351 4218 2427 4276 57
2455 4218 2680 4293 figures
2706 4219 2954 4293 gravées
2980 4237 3056 4276 en
3079 4218 3242 4276 taille
3267 4219 3480 4286 douce,
3507 4218 3670 4276 Paris
3703 4218 3878 4286 1767,
3904 4218 3966 4275 in
3990 4218 4095 4276 fol.

708 4315 909 4389 Opera
943 4314 1265 4372 utilissima
1301 4333 1334 4372 e
1371 4314 1432 4372 di
1467 4314 1805 4372 bellissima
1840 4314 2202 4372 esecuzione
2239 4333 2272 4372 e
2310 4314 2472 4372 forse
2510 4315 2568 4372 la
2603 4314 2882 4389 migliore
2919 4314 3030 4372 che
3070 4314 3212 4372 siasi
3250 4314 3396 4372 fatta
3430 4314 3667 4372 intorno
3707 4314 3762 4372 ai
3799 4314 4072 4372 moderni
4110 4314 4486 4372 monumenti

707 4410 983 4468 francesi.
1018 4412 1043 4467 I
1075 4410 1340 4485 migliori
1371 4410 1734 4485 intagliatori
1766 4410 1827 4468 di
1858 4410 2106 4468 Francia
2136 4410 2497 4485 eseguirono
2530 4429 2652 4468 non
2686 4411 2819 4468 solo
2852 4411 2908 4468 le
2939 4411 3157 4478 tavole,
3192 4429 3292 4468 ma
3323 4410 3512 4468 anche
3544 4411 3600 4468 le
3631 4411 3791 4468 belle
3823 4411 3899 4468 ed
3930 4410 4189 4485 eleganti
4222 4410 4486 4485 vignette

707 4505 818 4563 che
842 4505 1107 4563 trovansi
1134 4524 1336 4580 sparse
1361 4506 1459 4563 nel
1484 4506 1748 4563 volume.

476 4697 655 4755 3536.
690 4699 972 4754 PERRIER
1007 4697 1327 4765 Francisci,
1367 4699 1599 4765 Icones,
1640 4706 1698 4755 et
1736 4706 2046 4772 segmenta
2081 4697 2404 4755 illustrium
2440 4716 2473 4755 e
2512 4716 2808 4755 marmore
2845 4698 3197 4765 tabularum,
3238 4716 3391 4772 quae
3429 4699 3661 4755 Romae
3700 4697 3893 4755 adhuc
3932 4706 4134 4755 extant
4170 4697 4484 4765 delineata,

706 4793 914 4861 incisa,
954 4802 1012 4851 et
1048 4794 1123 4851 ad
1160 4793 1466 4868 antiquam
1502 4793 1763 4851 formam
1798 4793 2052 4868 lapideis
2095 4795 2173 4868 [p.
2221 4793 2357 4863 162]
2400 4793 2842 4868 exemplaribus
2878 4793 3109 4868 passim
3144 4793 3430 4868 collapsis
3466 4793 3752 4861 restituta,
3791 4795 4023 4851 Romae
4067 4793 4242 4861 1645,
4281 4793 4343 4850 in
4379 4793 4484 4851 fol.

707 4890 973 4964 oblong.,
1001 4898 1234 4947 constat
1256 4890 1372 4947 tab.
1402 4889 1498 4947 50.

476 5080 655 5138 3537.
685 5082 983 5148 PERRIER,
1014 5081 1185 5138 Altro
1214 5081 1549 5155 esemplare
1577 5099 1693 5138 ove
1720 5099 1843 5138 non
1870 5099 1970 5138 era
1997 5099 2217 5138 ancora
2242 5080 2435 5138 incisa
2462 5081 2521 5138 la
2547 5081 2700 5148 data,
2731 5080 2792 5138 di
2818 5080 3012 5155 prima
3038 5099 3071 5138 e
3098 5080 3403 5138 rarissima
3429 5080 3847 5155 impressione,
3877 5080 3920 5137 il
3948 5081 4125 5155 quale
4154 5080 4488 5138 all’infuori

707 5177 805 5234 del
838 5176 1230 5251 frontespizio
1264 5195 1297 5234 e
1330 5177 1490 5234 della
1521 5176 1752 5244 dedica,
1788 5177 1821 5234 e
1853 5185 2001 5234 tutto
2035 5185 2353 5251 composto
2387 5176 2448 5234 di
2481 5185 2926 5251 contro—prove,
2962 5176 3073 5234 che
3108 5177 3263 5234 servi
3296 5176 3357 5234 di
3389 5195 3600 5234 norma
3632 5195 3666 5234 a
3696 5176 3891 5234 Pietro
3927 5176 4091 5234 Santi
4123 5176 4352 5234 Bartoli
4383 5195 4490 5251 per

706 5273 892 5330 molte
919 5281 1149 5347 stampe
1174 5273 1698 5330 dell’Admiranda
1723 5291 1756 5330 e
1781 5272 1879 5330 dei
1908 5275 2149 5330 Veteres
2168 5274 2364 5330 Arcus
2387 5272 2718 5347 pubblicati
2744 5273 2842 5330 dal
2867 5273 2942 5330 de
2966 5272 3164 5330 Rossi.

476 5464 655 5522 3538.
682 5466 980 5532 PERRIER,
1010 5465 1248 5522 Statuae
1272 5464 1434 5522 urbis
1460 5466 1710 5532 Romae,
1737 5466 1970 5522 Romae
2002 5464 2177 5532 1638,
2204 5464 2266 5521 in
2289 5465 2346 5532 4,
2374 5473 2606 5522 constat
2628 5465 2744 5522 tab.
2780 5465 2912 5522 100.

476 5655 655 5714 3539.
682 5657 980 5723 PERRIER,
1007 5656 1178 5713 Altro
1204 5656 1538 5730 esemplare
1562 5674 1684 5713 non
1708 5656 2031 5730 completo.

711 5753 795 5809 Le
832 5760 1062 5826 stampe
1099 5770 1249 5809 sono
1285 5751 1563 5826 originali
1598 5770 1631 5809 e
1664 5751 2017 5819 bellissime,
2055 5752 2314 5809 essendo
2350 5752 2427 5809 da
2459 5751 2682 5809 notarsi
2717 5751 2828 5809 che
2863 5770 3126 5809 vennero
3162 5751 3542 5809 contraffatte
3577 5752 3633 5809 le
3667 5752 3867 5809 tavole
3902 5770 3935 5809 e
3968 5751 4295 5826 riprodotte
4330 5752 4490 5809 colla

709 5856 898 5905 stessa
927 5848 1082 5915 data;
1116 5866 1215 5905 ma
1244 5847 1513 5905 l’occhio
1545 5847 2068 5922 dell’intelligente
2101 5848 2273 5922 saprà
2302 5847 2710 5922 distinguerle;
2745 5848 2894 5905 oltre
2925 5847 3036 5905 che
3066 5847 3128 5904 in
3159 5848 3370 5905 alcune
3400 5847 3443 5904 il
3476 5856 3753 5922 soggetto
3785 5848 3818 5905 e
3847 5847 4092 5905 rimasto
4125 5866 4159 5905 a
4186 5847 4484 5915 rovescio,

707 5962 882 6001 come
908 5962 942 6001 a
965 5943 1184 6018 cagion
1208 5943 1551 6018 d’esempio
1576 5944 1737 6001 nella
1759 5944 1961 6001 tavola
1986 5943 2060 6001 35
2089 5943 2200 6001 che
2223 5952 2607 6018 rappresenta
2629 5943 2672 6000 il
2697 5962 2928 6018 gruppo
2954 5944 3114 6001 della
3136 5945 3325 6001 Lotta.

476 6134 655 6192 3540.
682 6136 927 6191 PIAZZA
950 6134 1278 6209 Giuseppe,
1305 6134 1700 6192 Descrizione
1725 6135 1885 6192 della
1907 6134 2187 6192 Minerva
2209 6134 2535 6202 Veliterna,
2562 6134 2813 6192 Velletri
2845 6135 3020 6202 1797,
3046 6134 3108 6191 in
3131 6135 3187 6192 4.

476 6326 655 6384 3541.
692 6328 1020 6384 PIMBIOLO
1053 6328 1406 6394 Francesco,
1443 6327 1546 6384 Pel
1581 6335 1973 6384 monumento
2008 6326 2268 6384 inalzato
2305 6327 2380 6384 ad
2413 6326 2631 6384 Alfieri
2665 6326 2727 6383 in
2760 6326 3007 6384 Firenze
3042 6327 3119 6384 da
3151 6326 3419 6384 Antonio
3455 6327 3722 6384 Canova.
3762 6327 3896 6384 Ode
3931 6345 4048 6384 con
4083 6326 4484 6394 annotazioni,

706 6422 970 6490 Firenze,
997 6422 1059 6479 in
1086 6423 1139 6490 8,
1166 6424 1254 6480 M.
1290 6423 1422 6480 101.

2171 6657 2347 6694 WWW.
2358 6637 2734 6710 memofonte.
2748 6639 2791 6694 il
