<?xml version="1.0" encoding="UTF-8"?>
<!DOCTYPE html PUBLIC "-//W3C//DTD XHTML 1.0 Transitional//EN" "http://www.w3.org/TR/xhtml1/DTD/xhtml1-transitional.dtd">
<html xmlns="http://www.w3.org/1999/xhtml" xml:lang="en" lang="en">
  <head>
    <title>
</title>
    <meta http-equiv="Content-Type" content="text/html;charset=utf-8" />
    <meta name="ocr-system" content="tesseract 3.04.00" />
    <meta name="ocr-capabilities" content="ocr_page ocr_carea ocr_par ocr_line ocrx_word" />
  </head>
  <body>
    <div class="ocr_page" id="page_1" title="image &quot;tess/page480.tif&quot;; bbox 0 0 4958 7017; ppageno 0">
      <div class="ocr_carea" id="block_1_1" title="bbox 2188 398 2776 754">
        <p class="ocr_par" dir="ltr" id="par_1_1" title="bbox 2188 398 2776 754">
          <span class="ocr_line" id="line_1_1" title="bbox 2188 398 2776 754; baseline 0 6263">
            <span class="ocrx_word" id="word_1_1" title="bbox 2188 398 2776 754; x_wconf 95" lang="ita" dir="ltr" xml:lang="ita"> </span>
          </span>
        </p>
      </div>
      <div class="ocr_carea" id="block_1_2" title="bbox 1390 864 3571 1035">
        <p class="ocr_par" dir="ltr" id="par_1_2" title="bbox 1390 864 3571 1035">
          <span class="ocr_line" id="line_1_2" title="bbox 1981 864 2976 922; baseline 0.001 -1">
            <span class="ocrx_word" id="word_1_2" title="bbox 1981 864 2366 922; x_wconf 80" lang="ita" dir="ltr" xml:lang="ita">Fondazione</span>
            <span class="ocrx_word" id="word_1_3" title="bbox 2390 864 2775 922; x_wconf 93" lang="ita" dir="ltr" xml:lang="ita">Memofonte</span>
            <span class="ocrx_word" id="word_1_4" title="bbox 2800 865 2976 922; x_wconf 86" lang="ita" dir="ltr" xml:lang="ita">onlus</span>
          </span>
          <span class="ocr_line" id="line_1_3" title="bbox 1390 960 3571 1035; baseline 0 -17">
            <span class="ocrx_word" id="word_1_5" title="bbox 1390 960 1600 1018; x_wconf 98" lang="ita" dir="ltr" xml:lang="ita">Studio</span>
            <span class="ocrx_word" id="word_1_6" title="bbox 1624 979 1731 1035; x_wconf 99" lang="ita" dir="ltr" xml:lang="ita">per</span>
            <span class="ocrx_word" id="word_1_7" title="bbox 1754 960 2226 1018; x_wconf 98" lang="ita" dir="ltr" xml:lang="ita">l’elaborazione</span>
            <span class="ocrx_word" id="word_1_8" title="bbox 2250 960 2632 1018; x_wconf 97" lang="ita" dir="ltr" xml:lang="ita">informatica</span>
            <span class="ocrx_word" id="word_1_9" title="bbox 2655 961 2813 1018; x_wconf 98" lang="ita" dir="ltr" xml:lang="ita">delle</span>
            <span class="ocrx_word" id="word_1_10" title="bbox 2838 960 2991 1018; x_wconf 99" lang="ita" dir="ltr" xml:lang="ita">fonti</span>
            <span class="ocrx_word" id="word_1_11" title="bbox 3018 960 3571 1018; x_wconf 97" lang="ita" dir="ltr" xml:lang="ita">storico—artistiche</span>
          </span>
        </p>
      </div>
      <div class="ocr_carea" id="block_1_3" title="bbox 472 1119 4264 1123">
        <p class="ocr_par" dir="ltr" id="par_1_3" title="bbox 472 1119 4264 1123">
          <span class="ocr_line" id="line_1_4" title="bbox 472 1119 4264 1123; baseline 0 0">
            <span class="ocrx_word" id="word_1_12" title="bbox 472 1119 4264 1123; x_wconf 95" lang="ita" dir="ltr" xml:lang="ita"> </span>
          </span>
        </p>
      </div>
      <div class="ocr_carea" id="block_1_4" title="bbox 473 1247 4489 1610">
        <p class="ocr_par" dir="ltr" id="par_1_4" title="bbox 473 1247 4489 1610">
          <span class="ocr_line" id="line_1_5" title="bbox 473 1247 4489 1322; baseline 0 -17">
            <span class="ocrx_word" id="word_1_13" title="bbox 473 1248 655 1305; x_wconf 87" lang="ita" xml:lang="ita">4708.</span>
            <span class="ocrx_word" id="word_1_14" title="bbox 706 1248 1113 1305; x_wconf 85" lang="ita" dir="ltr" xml:lang="ita">GIACCHETTI</span>
            <span class="ocrx_word" id="word_1_15" title="bbox 1156 1247 1421 1315; x_wconf 96" lang="ita" dir="ltr" xml:lang="ita">Joannis,</span>
            <span class="ocrx_word" id="word_1_16" title="bbox 1470 1247 1825 1322; x_wconf 97" lang="ita" dir="ltr" xml:lang="ita">Iconologia</span>
            <span class="ocrx_word" id="word_1_17" title="bbox 1871 1247 2216 1315; x_wconf 98" lang="ita" dir="ltr" xml:lang="ita">Salvatoris,</span>
            <span class="ocrx_word" id="word_1_18" title="bbox 2265 1256 2323 1305; x_wconf 99" lang="ita" dir="ltr" xml:lang="ita">et</span>
            <span class="ocrx_word" id="word_1_19" title="bbox 2367 1247 2662 1322; x_wconf 85" lang="ita" dir="ltr" xml:lang="ita">karilogia</span>
            <span class="ocrx_word" id="word_1_20" title="bbox 2704 1247 3127 1322; x_wconf 98" lang="ita" dir="ltr" xml:lang="ita">praecursoris,</span>
            <span class="ocrx_word" id="word_1_21" title="bbox 3179 1247 3307 1305; x_wconf 86" lang="ita" dir="ltr" xml:lang="ita">sive</span>
            <span class="ocrx_word" id="word_1_22" title="bbox 3353 1248 3428 1305; x_wconf 99" lang="ita" dir="ltr" xml:lang="ita">de</span>
            <span class="ocrx_word" id="word_1_23" title="bbox 3473 1247 3738 1322; x_wconf 83" lang="ita" dir="ltr" xml:lang="ita">imagine</span>
            <span class="ocrx_word" id="word_1_24" title="bbox 3787 1247 4113 1305; x_wconf 97" lang="ita" dir="ltr" xml:lang="ita">Salvatoris</span>
            <span class="ocrx_word" id="word_1_25" title="bbox 4161 1248 4236 1305; x_wconf 97" lang="ita" dir="ltr" xml:lang="ita">ad</span>
            <span class="ocrx_word" id="word_1_26" title="bbox 4279 1266 4489 1322; x_wconf 80" lang="ita" dir="ltr" xml:lang="ita">regem</span>
          </span>
          <span class="ocr_line" id="line_1_6" title="bbox 698 1343 3700 1418; baseline 0 -17">
            <span class="ocrx_word" id="word_1_27" title="bbox 698 1344 1011 1418; x_wconf 85" lang="ita" dir="ltr" xml:lang="ita">Abgarum</span>
            <span class="ocrx_word" id="word_1_28" title="bbox 1034 1343 1237 1411; x_wconf 97" lang="ita" dir="ltr" xml:lang="ita">missa,</span>
            <span class="ocrx_word" id="word_1_29" title="bbox 1265 1352 1323 1401; x_wconf 99" lang="ita" dir="ltr" xml:lang="ita">et</span>
            <span class="ocrx_word" id="word_1_30" title="bbox 1346 1344 1421 1401; x_wconf 99" lang="ita" dir="ltr" xml:lang="ita">de</span>
            <span class="ocrx_word" id="word_1_31" title="bbox 1446 1343 1641 1418; x_wconf 98" lang="ita" dir="ltr" xml:lang="ita">capite</span>
            <span class="ocrx_word" id="word_1_32" title="bbox 1668 1343 1870 1401; x_wconf 85" lang="ita" dir="ltr" xml:lang="ita">Sancti</span>
            <span class="ocrx_word" id="word_1_33" title="bbox 1894 1343 2140 1401; x_wconf 84" lang="ita" dir="ltr" xml:lang="ita">Joannis</span>
            <span class="ocrx_word" id="word_1_34" title="bbox 2165 1343 2472 1418; x_wconf 90" lang="ita" dir="ltr" xml:lang="ita">Baptistae</span>
            <span class="ocrx_word" id="word_1_35" title="bbox 2496 1352 2774 1401; x_wconf 98" lang="ita" dir="ltr" xml:lang="ita">tractatus</span>
            <span class="ocrx_word" id="word_1_36" title="bbox 2800 1352 2932 1411; x_wconf 99" lang="ita" dir="ltr" xml:lang="ita">etc.,</span>
            <span class="ocrx_word" id="word_1_37" title="bbox 2959 1345 3192 1401; x_wconf 88" lang="ita" dir="ltr" xml:lang="ita">Romae</span>
            <span class="ocrx_word" id="word_1_38" title="bbox 3224 1343 3399 1411; x_wconf 88" lang="ita" xml:lang="ita">1628,</span>
            <span class="ocrx_word" id="word_1_39" title="bbox 3426 1343 3488 1400; x_wconf 98" lang="ita" dir="ltr" xml:lang="ita">in</span>
            <span class="ocrx_word" id="word_1_40" title="bbox 3515 1344 3568 1411; x_wconf 87" lang="ita" xml:lang="ita">8,</span>
            <span class="ocrx_word" id="word_1_41" title="bbox 3596 1343 3700 1418; x_wconf 99" lang="ita" dir="ltr" xml:lang="ita">fig.</span>
          </span>
          <span class="ocr_line" id="line_1_7" title="bbox 698 1439 4487 1514; baseline 0 -17">
            <span class="ocrx_word" id="word_1_42" title="bbox 698 1440 746 1496; x_wconf 99" lang="ita" dir="ltr" xml:lang="ita">Il</span>
            <span class="ocrx_word" id="word_1_43" title="bbox 774 1439 969 1514; x_wconf 98" lang="ita" dir="ltr" xml:lang="ita">primo</span>
            <span class="ocrx_word" id="word_1_44" title="bbox 1000 1440 1296 1514; x_wconf 87" lang="ita" dir="ltr" xml:lang="ita">opuscolo</span>
            <span class="ocrx_word" id="word_1_45" title="bbox 1327 1440 1360 1497; x_wconf 87" lang="ita" dir="ltr" xml:lang="ita">e</span>
            <span class="ocrx_word" id="word_1_46" title="bbox 1390 1439 1451 1497; x_wconf 99" lang="ita" dir="ltr" xml:lang="ita">di</span>
            <span class="ocrx_word" id="word_1_47" title="bbox 1480 1440 1558 1497; x_wconf 92" lang="ita" xml:lang="ita">47</span>
            <span class="ocrx_word" id="word_1_48" title="bbox 1588 1439 1825 1514; x_wconf 96" lang="ita" dir="ltr" xml:lang="ita">pagine,</span>
            <span class="ocrx_word" id="word_1_49" title="bbox 1858 1439 1919 1497; x_wconf 99" lang="ita" dir="ltr" xml:lang="ita">di</span>
            <span class="ocrx_word" id="word_1_50" title="bbox 1952 1439 2025 1497; x_wconf 87" lang="ita" xml:lang="ita">85</span>
            <span class="ocrx_word" id="word_1_51" title="bbox 2058 1439 2101 1496; x_wconf 99" lang="ita" dir="ltr" xml:lang="ita">il</span>
            <span class="ocrx_word" id="word_1_52" title="bbox 2133 1440 2418 1507; x_wconf 96" lang="ita" dir="ltr" xml:lang="ita">secondo,</span>
            <span class="ocrx_word" id="word_1_53" title="bbox 2450 1458 2572 1497; x_wconf 99" lang="ita" dir="ltr" xml:lang="ita">non</span>
            <span class="ocrx_word" id="word_1_54" title="bbox 2601 1458 2919 1514; x_wconf 99" lang="ita" dir="ltr" xml:lang="ita">compreso</span>
            <span class="ocrx_word" id="word_1_55" title="bbox 2950 1439 3200 1497; x_wconf 99" lang="ita" dir="ltr" xml:lang="ita">l’indice</span>
            <span class="ocrx_word" id="word_1_56" title="bbox 3230 1440 3388 1497; x_wconf 98" lang="ita" dir="ltr" xml:lang="ita">delle</span>
            <span class="ocrx_word" id="word_1_57" title="bbox 3418 1439 3680 1497; x_wconf 97" lang="ita" dir="ltr" xml:lang="ita">materia.</span>
            <span class="ocrx_word" id="word_1_58" title="bbox 3714 1441 3813 1497; x_wconf 95" lang="ita" dir="ltr" xml:lang="ita">Un</span>
            <span class="ocrx_word" id="word_1_59" title="bbox 3842 1440 4115 1514; x_wconf 82" lang="ita" dir="ltr" xml:lang="ita">elegante</span>
            <span class="ocrx_word" id="word_1_60" title="bbox 4144 1439 4395 1514; x_wconf 86" lang="ita" dir="ltr" xml:lang="ita">intaglio</span>
            <span class="ocrx_word" id="word_1_61" title="bbox 4425 1439 4487 1496; x_wconf 98" lang="ita" dir="ltr" xml:lang="ita">in</span>
          </span>
          <span class="ocr_line" id="line_1_8" title="bbox 697 1535 1612 1610; baseline 0 -18">
            <span class="ocrx_word" id="word_1_62" title="bbox 697 1554 861 1593; x_wconf 98" lang="ita" dir="ltr" xml:lang="ita">rame</span>
            <span class="ocrx_word" id="word_1_63" title="bbox 887 1536 1111 1593; x_wconf 97" lang="ita" dir="ltr" xml:lang="ita">adorna</span>
            <span class="ocrx_word" id="word_1_64" title="bbox 1133 1535 1176 1592; x_wconf 99" lang="ita" dir="ltr" xml:lang="ita">il</span>
            <span class="ocrx_word" id="word_1_65" title="bbox 1201 1535 1612 1610; x_wconf 80" lang="ita" dir="ltr" xml:lang="ita">frontespizio.</span>
          </span>
        </p>
      </div>
      <div class="ocr_carea" id="block_1_5" title="bbox 473 1726 4487 1993">
        <p class="ocr_par" dir="ltr" id="par_1_5" title="bbox 473 1726 4487 1993">
          <span class="ocr_line" id="line_1_9" title="bbox 473 1726 3655 1801; baseline 0 -18">
            <span class="ocrx_word" id="word_1_66" title="bbox 473 1727 655 1785; x_wconf 90" lang="ita" xml:lang="ita">4709.</span>
            <span class="ocrx_word" id="word_1_67" title="bbox 684 1727 1028 1784; x_wconf 85" lang="ita" dir="ltr" xml:lang="ita">GIRARDET</span>
            <span class="ocrx_word" id="word_1_68" title="bbox 1051 1726 1348 1784; x_wconf 98" lang="ita" dir="ltr" xml:lang="ita">chanoine</span>
            <span class="ocrx_word" id="word_1_69" title="bbox 1373 1727 1448 1784; x_wconf 99" lang="ita" dir="ltr" xml:lang="ita">de</span>
            <span class="ocrx_word" id="word_1_70" title="bbox 1472 1728 1773 1801; x_wconf 88" lang="ita" dir="ltr" xml:lang="ita">Nozeroy,</span>
            <span class="ocrx_word" id="word_1_71" title="bbox 1800 1728 2098 1784; x_wconf 85" lang="ita" dir="ltr" xml:lang="ita">Nouveau</span>
            <span class="ocrx_word" id="word_1_72" title="bbox 2125 1735 2387 1801; x_wconf 86" lang="ita" dir="ltr" xml:lang="ita">systeme</span>
            <span class="ocrx_word" id="word_1_73" title="bbox 2414 1745 2513 1784; x_wconf 98" lang="ita" dir="ltr" xml:lang="ita">sur</span>
            <span class="ocrx_word" id="word_1_74" title="bbox 2536 1727 2594 1784; x_wconf 98" lang="ita" dir="ltr" xml:lang="ita">la</span>
            <span class="ocrx_word" id="word_1_75" title="bbox 2616 1726 3009 1801; x_wconf 86" lang="ita" dir="ltr" xml:lang="ita">mythologie,</span>
            <span class="ocrx_word" id="word_1_76" title="bbox 3038 1745 3072 1784; x_wconf 97" lang="ita" dir="ltr" xml:lang="ita">a</span>
            <span class="ocrx_word" id="word_1_77" title="bbox 3094 1726 3282 1801; x_wconf 87" lang="ita" dir="ltr" xml:lang="ita">Dijon</span>
            <span class="ocrx_word" id="word_1_78" title="bbox 3313 1727 3488 1794; x_wconf 89" lang="ita" xml:lang="ita">1788,</span>
            <span class="ocrx_word" id="word_1_79" title="bbox 3514 1726 3576 1783; x_wconf 98" lang="ita" dir="ltr" xml:lang="ita">in</span>
            <span class="ocrx_word" id="word_1_80" title="bbox 3599 1727 3655 1784; x_wconf 92" lang="ita" xml:lang="ita">4.</span>
          </span>
          <span class="ocr_line" id="line_1_10" title="bbox 700 1822 4487 1897; baseline 0 -17">
            <span class="ocrx_word" id="word_1_81" title="bbox 700 1823 929 1894; x_wconf 88" lang="ita" dir="ltr" xml:lang="ita">Questo</span>
            <span class="ocrx_word" id="word_1_82" title="bbox 956 1822 1341 1890; x_wconf 96" lang="ita" dir="ltr" xml:lang="ita">orientalista,</span>
            <span class="ocrx_word" id="word_1_83" title="bbox 1370 1822 1781 1880; x_wconf 97" lang="ita" dir="ltr" xml:lang="ita">versatissimo</span>
            <span class="ocrx_word" id="word_1_84" title="bbox 1811 1822 2240 1897; x_wconf 90" lang="ita" dir="ltr" xml:lang="ita">specialmente</span>
            <span class="ocrx_word" id="word_1_85" title="bbox 2266 1823 2426 1880; x_wconf 98" lang="ita" dir="ltr" xml:lang="ita">nella</span>
            <span class="ocrx_word" id="word_1_86" title="bbox 2450 1822 2657 1897; x_wconf 97" lang="ita" dir="ltr" xml:lang="ita">lingua</span>
            <span class="ocrx_word" id="word_1_87" title="bbox 2682 1822 2937 1890; x_wconf 97" lang="ita" dir="ltr" xml:lang="ita">ebraica,</span>
            <span class="ocrx_word" id="word_1_88" title="bbox 2965 1831 3135 1880; x_wconf 97" lang="ita" dir="ltr" xml:lang="ita">tratta</span>
            <span class="ocrx_word" id="word_1_89" title="bbox 3159 1823 3217 1880; x_wconf 98" lang="ita" dir="ltr" xml:lang="ita">la</span>
            <span class="ocrx_word" id="word_1_90" title="bbox 3241 1822 3489 1880; x_wconf 97" lang="ita" dir="ltr" xml:lang="ita">materia</span>
            <span class="ocrx_word" id="word_1_91" title="bbox 3515 1831 3670 1880; x_wconf 99" lang="ita" dir="ltr" xml:lang="ita">sotto</span>
            <span class="ocrx_word" id="word_1_92" title="bbox 3697 1841 3777 1880; x_wconf 99" lang="ita" dir="ltr" xml:lang="ita">un</span>
            <span class="ocrx_word" id="word_1_93" title="bbox 3804 1831 4034 1897; x_wconf 97" lang="ita" dir="ltr" xml:lang="ita">aspetto</span>
            <span class="ocrx_word" id="word_1_94" title="bbox 4061 1822 4302 1880; x_wconf 98" lang="ita" dir="ltr" xml:lang="ita">diverso</span>
            <span class="ocrx_word" id="word_1_95" title="bbox 4330 1822 4487 1880; x_wconf 97" lang="ita" dir="ltr" xml:lang="ita">assai</span>
          </span>
          <span class="ocr_line" id="line_1_11" title="bbox 699 1918 1411 1993; baseline 0 -17">
            <span class="ocrx_word" id="word_1_96" title="bbox 699 1918 797 1976; x_wconf 97" lang="ita" dir="ltr" xml:lang="ita">dai</span>
            <span class="ocrx_word" id="word_1_97" title="bbox 824 1918 956 1976; x_wconf 99" lang="ita" dir="ltr" xml:lang="ita">suoi</span>
            <span class="ocrx_word" id="word_1_98" title="bbox 979 1918 1411 1993; x_wconf 91" lang="ita" dir="ltr" xml:lang="ita">predecessori.</span>
          </span>
        </p>
      </div>
      <div class="ocr_carea" id="block_1_6" title="bbox 473 2110 4489 2664">
        <p class="ocr_par" dir="ltr" id="par_1_6" title="bbox 473 2110 4489 2376">
          <span class="ocr_line" id="line_1_12" title="bbox 473 2110 4489 2185; baseline 0 -17">
            <span class="ocrx_word" id="word_1_99" title="bbox 473 2111 655 2168; x_wconf 89" lang="ita" xml:lang="ita">4710.</span>
            <span class="ocrx_word" id="word_1_100" title="bbox 713 2111 1099 2181; x_wconf 89" lang="ita" dir="ltr" xml:lang="ita">GRIPPIS(de)</span>
            <span class="ocrx_word" id="word_1_101" title="bbox 1154 2112 1506 2168; x_wconf 91" lang="ita" dir="ltr" xml:lang="ita">Fortunatus</span>
            <span class="ocrx_word" id="word_1_102" title="bbox 1561 2110 2051 2178; x_wconf 96" lang="ita" dir="ltr" xml:lang="ita">mediolanensis,</span>
            <span class="ocrx_word" id="word_1_103" title="bbox 2107 2112 2201 2168; x_wconf 92" lang="ita" dir="ltr" xml:lang="ita">De</span>
            <span class="ocrx_word" id="word_1_104" title="bbox 2257 2110 2676 2185; x_wconf 98" lang="ita" dir="ltr" xml:lang="ita">superstitione</span>
            <span class="ocrx_word" id="word_1_105" title="bbox 2730 2119 2788 2168; x_wconf 99" lang="ita" dir="ltr" xml:lang="ita">et</span>
            <span class="ocrx_word" id="word_1_106" title="bbox 2840 2110 3098 2168; x_wconf 98" lang="ita" dir="ltr" xml:lang="ita">vinculis</span>
            <span class="ocrx_word" id="word_1_107" title="bbox 3153 2111 3521 2168; x_wconf 97" lang="ita" dir="ltr" xml:lang="ita">daemonum</span>
            <span class="ocrx_word" id="word_1_108" title="bbox 3575 2111 3908 2168; x_wconf 98" lang="ita" dir="ltr" xml:lang="ita">secundum</span>
            <span class="ocrx_word" id="word_1_109" title="bbox 3961 2110 4379 2185; x_wconf 88" lang="ita" dir="ltr" xml:lang="ita">aegyptiorum</span>
            <span class="ocrx_word" id="word_1_110" title="bbox 4430 2119 4489 2168; x_wconf 99" lang="ita" dir="ltr" xml:lang="ita">et</span>
          </span>
          <span class="ocr_line" id="line_1_13" title="bbox 699 2206 4486 2281; baseline 0 -17">
            <span class="ocrx_word" id="word_1_111" title="bbox 699 2206 1090 2264; x_wconf 98" lang="ita" dir="ltr" xml:lang="ita">chaldeorum</span>
            <span class="ocrx_word" id="word_1_112" title="bbox 1137 2207 1422 2281; x_wconf 97" lang="ita" dir="ltr" xml:lang="ita">dogmata</span>
            <span class="ocrx_word" id="word_1_113" title="bbox 1462 2207 1635 2281; x_wconf 77" lang="ita" dir="ltr" xml:lang="ita">juxta</span>
            <span class="ocrx_word" id="word_1_114" title="bbox 1683 2206 1867 2264; x_wconf 98" lang="ita" dir="ltr" xml:lang="ita">etiam</span>
            <span class="ocrx_word" id="word_1_115" title="bbox 1913 2206 2219 2281; x_wconf 88" lang="ita" dir="ltr" xml:lang="ita">Tychonis</span>
            <span class="ocrx_word" id="word_1_116" title="bbox 2271 2206 2699 2264; x_wconf 90" lang="ita" dir="ltr" xml:lang="ita">Calendarium</span>
            <span class="ocrx_word" id="word_1_117" title="bbox 2749 2215 3021 2264; x_wconf 97" lang="ita" dir="ltr" xml:lang="ita">accurate</span>
            <span class="ocrx_word" id="word_1_118" title="bbox 3071 2207 3473 2274; x_wconf 97" lang="ita" dir="ltr" xml:lang="ita">emendatum,</span>
            <span class="ocrx_word" id="word_1_119" title="bbox 3525 2206 3865 2264; x_wconf 93" lang="ita" dir="ltr" xml:lang="ita">Mediolani</span>
            <span class="ocrx_word" id="word_1_120" title="bbox 3922 2207 4097 2274; x_wconf 98" lang="ita" xml:lang="ita">1803,</span>
            <span class="ocrx_word" id="word_1_121" title="bbox 4152 2206 4486 2281; x_wconf 98" lang="ita" dir="ltr" xml:lang="ita">sumptibus</span>
          </span>
          <span class="ocr_line" id="line_1_14" title="bbox 700 2301 2688 2376; baseline 0 -17">
            <span class="ocrx_word" id="word_1_122" title="bbox 700 2301 957 2359; x_wconf 98" lang="ita" dir="ltr" xml:lang="ita">auctoris</span>
            <span class="ocrx_word" id="word_1_123" title="bbox 982 2301 1140 2376; x_wconf 86" lang="ita" dir="ltr" xml:lang="ita">typis</span>
            <span class="ocrx_word" id="word_1_124" title="bbox 1166 2302 1388 2369; x_wconf 96" lang="ita" dir="ltr" xml:lang="ita">datum,</span>
            <span class="ocrx_word" id="word_1_125" title="bbox 1415 2301 1477 2358; x_wconf 98" lang="ita" dir="ltr" xml:lang="ita">in</span>
            <span class="ocrx_word" id="word_1_126" title="bbox 1502 2301 1629 2369; x_wconf 99" lang="ita" dir="ltr" xml:lang="ita">fol.,</span>
            <span class="ocrx_word" id="word_1_127" title="bbox 1657 2301 1784 2376; x_wconf 85" lang="ita" dir="ltr" xml:lang="ita">fig.,</span>
            <span class="ocrx_word" id="word_1_128" title="bbox 1814 2320 1994 2359; x_wconf 97" lang="ita" dir="ltr" xml:lang="ita">senza</span>
            <span class="ocrx_word" id="word_1_129" title="bbox 2017 2320 2198 2359; x_wconf 99" lang="ita" dir="ltr" xml:lang="ita">nome</span>
            <span class="ocrx_word" id="word_1_130" title="bbox 2223 2301 2284 2359; x_wconf 99" lang="ita" dir="ltr" xml:lang="ita">di</span>
            <span class="ocrx_word" id="word_1_131" title="bbox 2311 2310 2688 2376; x_wconf 97" lang="ita" dir="ltr" xml:lang="ita">stampatore.</span>
          </span>
        </p>
        <p class="ocr_par" dir="ltr" id="par_1_7" title="bbox 698 2397 4487 2664">
          <span class="ocr_line" id="line_1_15" title="bbox 700 2397 4485 2472; baseline 0 -17">
            <span class="ocrx_word" id="word_1_132" title="bbox 700 2398 901 2472; x_wconf 92" lang="ita" dir="ltr" xml:lang="ita">Opera</span>
            <span class="ocrx_word" id="word_1_133" title="bbox 932 2397 1208 2455; x_wconf 97" lang="ita" dir="ltr" xml:lang="ita">dedicata</span>
            <span class="ocrx_word" id="word_1_134" title="bbox 1240 2398 1711 2472; x_wconf 91" lang="ita" dir="ltr" xml:lang="ita">all’Imperatore</span>
            <span class="ocrx_word" id="word_1_135" title="bbox 1744 2397 1805 2455; x_wconf 99" lang="ita" dir="ltr" xml:lang="ita">di</span>
            <span class="ocrx_word" id="word_1_136" title="bbox 1837 2397 2057 2455; x_wconf 92" lang="ita" dir="ltr" xml:lang="ita">Russia</span>
            <span class="ocrx_word" id="word_1_137" title="bbox 2089 2416 2206 2455; x_wconf 99" lang="ita" dir="ltr" xml:lang="ita">con</span>
            <span class="ocrx_word" id="word_1_138" title="bbox 2239 2397 2631 2472; x_wconf 84" lang="ita" dir="ltr" xml:lang="ita">frontespizio</span>
            <span class="ocrx_word" id="word_1_139" title="bbox 2666 2397 2943 2472; x_wconf 97" lang="ita" dir="ltr" xml:lang="ita">figurato,</span>
            <span class="ocrx_word" id="word_1_140" title="bbox 2979 2416 3012 2455; x_wconf 99" lang="ita" dir="ltr" xml:lang="ita">e</span>
            <span class="ocrx_word" id="word_1_141" title="bbox 3044 2397 3087 2454; x_wconf 99" lang="ita" dir="ltr" xml:lang="ita">il</span>
            <span class="ocrx_word" id="word_1_142" title="bbox 3118 2397 3343 2455; x_wconf 98" lang="ita" dir="ltr" xml:lang="ita">ritratto</span>
            <span class="ocrx_word" id="word_1_143" title="bbox 3377 2398 3751 2455; x_wconf 97" lang="ita" dir="ltr" xml:lang="ita">dell’autore.</span>
            <span class="ocrx_word" id="word_1_144" title="bbox 3787 2399 3871 2455; x_wconf 97" lang="ita" dir="ltr" xml:lang="ita">Le</span>
            <span class="ocrx_word" id="word_1_145" title="bbox 3905 2397 4067 2455; x_wconf 98" lang="ita" dir="ltr" xml:lang="ita">varie</span>
            <span class="ocrx_word" id="word_1_146" title="bbox 4099 2398 4300 2455; x_wconf 97" lang="ita" dir="ltr" xml:lang="ita">tavole</span>
            <span class="ocrx_word" id="word_1_147" title="bbox 4335 2416 4485 2455; x_wconf 98" lang="ita" dir="ltr" xml:lang="ita">sono</span>
          </span>
          <span class="ocr_line" id="line_1_16" title="bbox 701 2493 4487 2568; baseline 0 -17">
            <span class="ocrx_word" id="word_1_148" title="bbox 701 2512 903 2568; x_wconf 98" lang="ita" dir="ltr" xml:lang="ita">sparse</span>
            <span class="ocrx_word" id="word_1_149" title="bbox 934 2493 1024 2551; x_wconf 98" lang="ita" dir="ltr" xml:lang="ita">fra</span>
            <span class="ocrx_word" id="word_1_150" title="bbox 1052 2493 1095 2550; x_wconf 99" lang="ita" dir="ltr" xml:lang="ita">il</span>
            <span class="ocrx_word" id="word_1_151" title="bbox 1125 2502 1297 2551; x_wconf 91" lang="ita" dir="ltr" xml:lang="ita">testo:</span>
            <span class="ocrx_word" id="word_1_152" title="bbox 1333 2512 1366 2551; x_wconf 99" lang="ita" dir="ltr" xml:lang="ita">e</span>
            <span class="ocrx_word" id="word_1_153" title="bbox 1396 2493 1660 2551; x_wconf 98" lang="ita" dir="ltr" xml:lang="ita">trovansi</span>
            <span class="ocrx_word" id="word_1_154" title="bbox 1690 2493 1753 2550; x_wconf 99" lang="ita" dir="ltr" xml:lang="ita">in</span>
            <span class="ocrx_word" id="word_1_155" title="bbox 1783 2493 1908 2551; x_wconf 99" lang="ita" dir="ltr" xml:lang="ita">fine</span>
            <span class="ocrx_word" id="word_1_156" title="bbox 1939 2494 1995 2551; x_wconf 99" lang="ita" dir="ltr" xml:lang="ita">le</span>
            <span class="ocrx_word" id="word_1_157" title="bbox 2026 2502 2257 2568; x_wconf 92" lang="ita" dir="ltr" xml:lang="ita">quattro</span>
            <span class="ocrx_word" id="word_1_158" title="bbox 2289 2493 2497 2568; x_wconf 98" lang="ita" dir="ltr" xml:lang="ita">grandi</span>
            <span class="ocrx_word" id="word_1_159" title="bbox 2527 2494 2727 2551; x_wconf 98" lang="ita" dir="ltr" xml:lang="ita">tavole</span>
            <span class="ocrx_word" id="word_1_160" title="bbox 2759 2494 2857 2551; x_wconf 99" lang="ita" dir="ltr" xml:lang="ita">del</span>
            <span class="ocrx_word" id="word_1_161" title="bbox 2888 2493 3248 2551; x_wconf 90" lang="ita" dir="ltr" xml:lang="ita">Calendario</span>
            <span class="ocrx_word" id="word_1_162" title="bbox 3279 2494 3579 2551; x_wconf 93" lang="ita" dir="ltr" xml:lang="ita">Naturale.</span>
            <span class="ocrx_word" id="word_1_163" title="bbox 3615 2494 3815 2568; x_wconf 92" lang="ita" dir="ltr" xml:lang="ita">Opera</span>
            <span class="ocrx_word" id="word_1_164" title="bbox 3846 2493 4231 2561; x_wconf 96" lang="ita" dir="ltr" xml:lang="ita">stranissima,</span>
            <span class="ocrx_word" id="word_1_165" title="bbox 4265 2512 4298 2551; x_wconf 99" lang="ita" dir="ltr" xml:lang="ita">e</span>
            <span class="ocrx_word" id="word_1_166" title="bbox 4327 2512 4487 2568; x_wconf 99" lang="ita" dir="ltr" xml:lang="ita">poco</span>
          </span>
          <span class="ocr_line" id="line_1_17" title="bbox 698 2589 3558 2664; baseline 0 -17">
            <span class="ocrx_word" id="word_1_167" title="bbox 698 2598 840 2647; x_wconf 97" lang="ita" dir="ltr" xml:lang="ita">nota</span>
            <span class="ocrx_word" id="word_1_168" title="bbox 864 2589 919 2647; x_wconf 98" lang="ita" dir="ltr" xml:lang="ita">ai</span>
            <span class="ocrx_word" id="word_1_169" title="bbox 942 2589 1309 2664; x_wconf 97" lang="ita" dir="ltr" xml:lang="ita">bibliografi,</span>
            <span class="ocrx_word" id="word_1_170" title="bbox 1336 2589 1506 2647; x_wconf 97" lang="ita" dir="ltr" xml:lang="ita">tirata</span>
            <span class="ocrx_word" id="word_1_171" title="bbox 1528 2589 1591 2646; x_wconf 99" lang="ita" dir="ltr" xml:lang="ita">in</span>
            <span class="ocrx_word" id="word_1_172" title="bbox 1617 2608 1819 2647; x_wconf 98" lang="ita" dir="ltr" xml:lang="ita">scarso</span>
            <span class="ocrx_word" id="word_1_173" title="bbox 1844 2608 2094 2647; x_wconf 99" lang="ita" dir="ltr" xml:lang="ita">numero</span>
            <span class="ocrx_word" id="word_1_174" title="bbox 2120 2589 2527 2664; x_wconf 96" lang="ita" dir="ltr" xml:lang="ita">d’esemplari,</span>
            <span class="ocrx_word" id="word_1_175" title="bbox 2555 2608 2588 2647; x_wconf 99" lang="ita" dir="ltr" xml:lang="ita">e</span>
            <span class="ocrx_word" id="word_1_176" title="bbox 2612 2608 2734 2647; x_wconf 99" lang="ita" dir="ltr" xml:lang="ita">non</span>
            <span class="ocrx_word" id="word_1_177" title="bbox 2760 2608 3061 2647; x_wconf 97" lang="ita" dir="ltr" xml:lang="ita">ammessa</span>
            <span class="ocrx_word" id="word_1_178" title="bbox 3083 2589 3146 2646; x_wconf 99" lang="ita" dir="ltr" xml:lang="ita">in</span>
            <span class="ocrx_word" id="word_1_179" title="bbox 3170 2589 3558 2647; x_wconf 98" lang="ita" dir="ltr" xml:lang="ita">commercio.</span>
          </span>
        </p>
      </div>
      <div class="ocr_carea" id="block_1_7" title="bbox 473 2781 4488 3239">
        <p class="ocr_par" dir="ltr" id="par_1_8" title="bbox 473 2781 4488 3239">
          <span class="ocr_line" id="line_1_18" title="bbox 473 2781 4487 2856; baseline -0 -17">
            <span class="ocrx_word" id="word_1_180" title="bbox 473 2782 655 2839; x_wconf 92" lang="ita" xml:lang="ita">4711.</span>
            <span class="ocrx_word" id="word_1_181" title="bbox 707 2782 1048 2839; x_wconf 84" lang="ita" dir="ltr" xml:lang="ita">GUARANA</span>
            <span class="ocrx_word" id="word_1_182" title="bbox 1091 2783 1339 2856; x_wconf 84" lang="ita" dir="ltr" xml:lang="ita">Jacopo,</span>
            <span class="ocrx_word" id="word_1_183" title="bbox 1390 2781 1653 2849; x_wconf 92" lang="ita" dir="ltr" xml:lang="ita">Oracoli,</span>
            <span class="ocrx_word" id="word_1_184" title="bbox 1704 2781 1952 2856; x_wconf 98" lang="ita" dir="ltr" xml:lang="ita">augurii,</span>
            <span class="ocrx_word" id="word_1_185" title="bbox 2003 2781 2303 2856; x_wconf 96" lang="ita" dir="ltr" xml:lang="ita">aruspicii,</span>
            <span class="ocrx_word" id="word_1_186" title="bbox 2356 2781 2572 2849; x_wconf 98" lang="ita" dir="ltr" xml:lang="ita">sibille,</span>
            <span class="ocrx_word" id="word_1_187" title="bbox 2621 2781 2895 2839; x_wconf 98" lang="ita" dir="ltr" xml:lang="ita">indovini</span>
            <span class="ocrx_word" id="word_1_188" title="bbox 2942 2782 3102 2839; x_wconf 98" lang="ita" dir="ltr" xml:lang="ita">della</span>
            <span class="ocrx_word" id="word_1_189" title="bbox 3145 2781 3440 2856; x_wconf 98" lang="ita" dir="ltr" xml:lang="ita">religione</span>
            <span class="ocrx_word" id="word_1_190" title="bbox 3486 2800 3721 2856; x_wconf 97" lang="ita" dir="ltr" xml:lang="ita">pagana</span>
            <span class="ocrx_word" id="word_1_191" title="bbox 3765 2781 3920 2839; x_wconf 99" lang="ita" dir="ltr" xml:lang="ita">tratti</span>
            <span class="ocrx_word" id="word_1_192" title="bbox 3967 2782 4044 2839; x_wconf 98" lang="ita" dir="ltr" xml:lang="ita">da</span>
            <span class="ocrx_word" id="word_1_193" title="bbox 4090 2781 4487 2839; x_wconf 96" lang="ita" dir="ltr" xml:lang="ita">antichissimi</span>
          </span>
          <span class="ocr_line" id="line_1_19" title="bbox 698 2876 3580 2951; baseline 0 -18">
            <span class="ocrx_word" id="word_1_194" title="bbox 698 2876 1074 2934; x_wconf 99" lang="ita" dir="ltr" xml:lang="ita">monumenti</span>
            <span class="ocrx_word" id="word_1_195" title="bbox 1099 2877 1175 2934; x_wconf 99" lang="ita" dir="ltr" xml:lang="ita">ed</span>
            <span class="ocrx_word" id="word_1_196" title="bbox 1198 2876 1375 2934; x_wconf 99" lang="ita" dir="ltr" xml:lang="ita">incisi</span>
            <span class="ocrx_word" id="word_1_197" title="bbox 1399 2876 1461 2933; x_wconf 99" lang="ita" dir="ltr" xml:lang="ita">in</span>
            <span class="ocrx_word" id="word_1_198" title="bbox 1483 2895 1648 2934; x_wconf 99" lang="ita" dir="ltr" xml:lang="ita">rame</span>
            <span class="ocrx_word" id="word_1_199" title="bbox 1673 2877 1750 2934; x_wconf 99" lang="ita" dir="ltr" xml:lang="ita">da</span>
            <span class="ocrx_word" id="word_1_200" title="bbox 1771 2876 1876 2951; x_wconf 88" lang="ita" dir="ltr" xml:lang="ita">più</span>
            <span class="ocrx_word" id="word_1_201" title="bbox 1900 2876 2118 2951; x_wconf 99" lang="ita" dir="ltr" xml:lang="ita">esperti</span>
            <span class="ocrx_word" id="word_1_202" title="bbox 2143 2876 2430 2934; x_wconf 98" lang="ita" dir="ltr" xml:lang="ita">viniziani</span>
            <span class="ocrx_word" id="word_1_203" title="bbox 2456 2876 2705 2944; x_wconf 99" lang="ita" dir="ltr" xml:lang="ita">artefici,</span>
            <span class="ocrx_word" id="word_1_204" title="bbox 2732 2876 3003 2934; x_wconf 91" lang="ita" dir="ltr" xml:lang="ita">Venezia</span>
            <span class="ocrx_word" id="word_1_205" title="bbox 3033 2877 3208 2944; x_wconf 88" lang="ita" xml:lang="ita">1792,</span>
            <span class="ocrx_word" id="word_1_206" title="bbox 3235 2876 3297 2933; x_wconf 99" lang="ita" dir="ltr" xml:lang="ita">in</span>
            <span class="ocrx_word" id="word_1_207" title="bbox 3321 2876 3448 2944; x_wconf 99" lang="ita" dir="ltr" xml:lang="ita">fol.,</span>
            <span class="ocrx_word" id="word_1_208" title="bbox 3476 2876 3580 2951; x_wconf 99" lang="ita" dir="ltr" xml:lang="ita">fig.</span>
          </span>
          <span class="ocr_line" id="line_1_20" title="bbox 701 2972 4483 3047; baseline 0 -17">
            <span class="ocrx_word" id="word_1_209" title="bbox 701 2973 865 3030; x_wconf 99" lang="ita" dir="ltr" xml:lang="ita">Sono</span>
            <span class="ocrx_word" id="word_1_210" title="bbox 904 2981 1092 3030; x_wconf 98" lang="ita" dir="ltr" xml:lang="ita">trenta</span>
            <span class="ocrx_word" id="word_1_211" title="bbox 1128 2973 1329 3030; x_wconf 97" lang="ita" dir="ltr" xml:lang="ita">tavole</span>
            <span class="ocrx_word" id="word_1_212" title="bbox 1368 2972 1637 3047; x_wconf 98" lang="ita" dir="ltr" xml:lang="ita">eseguite</span>
            <span class="ocrx_word" id="word_1_213" title="bbox 1676 2972 1775 3030; x_wconf 97" lang="ita" dir="ltr" xml:lang="ita">dai</span>
            <span class="ocrx_word" id="word_1_214" title="bbox 1814 2972 2050 3047; x_wconf 98" lang="ita" dir="ltr" xml:lang="ita">disegni</span>
            <span class="ocrx_word" id="word_1_215" title="bbox 2089 2973 2187 3030; x_wconf 99" lang="ita" dir="ltr" xml:lang="ita">del</span>
            <span class="ocrx_word" id="word_1_216" title="bbox 2227 2973 2506 3030; x_wconf 92" lang="ita" dir="ltr" xml:lang="ita">Guarana</span>
            <span class="ocrx_word" id="word_1_217" title="bbox 2543 2973 2641 3030; x_wconf 99" lang="ita" dir="ltr" xml:lang="ita">col</span>
            <span class="ocrx_word" id="word_1_218" title="bbox 2679 2981 2833 3030; x_wconf 98" lang="ita" dir="ltr" xml:lang="ita">testo</span>
            <span class="ocrx_word" id="word_1_219" title="bbox 2872 2972 3182 3047; x_wconf 97" lang="ita" dir="ltr" xml:lang="ita">intagliato</span>
            <span class="ocrx_word" id="word_1_220" title="bbox 3221 2972 3284 3029; x_wconf 99" lang="ita" dir="ltr" xml:lang="ita">in</span>
            <span class="ocrx_word" id="word_1_221" title="bbox 3320 2991 3485 3030; x_wconf 97" lang="ita" dir="ltr" xml:lang="ita">rame</span>
            <span class="ocrx_word" id="word_1_222" title="bbox 3524 2972 3585 3030; x_wconf 99" lang="ita" dir="ltr" xml:lang="ita">di</span>
            <span class="ocrx_word" id="word_1_223" title="bbox 3624 2981 3833 3030; x_wconf 99" lang="ita" dir="ltr" xml:lang="ita">contro</span>
            <span class="ocrx_word" id="word_1_224" title="bbox 3874 2991 3908 3030; x_wconf 97" lang="ita" dir="ltr" xml:lang="ita">a</span>
            <span class="ocrx_word" id="word_1_225" title="bbox 3945 2972 4229 3030; x_wconf 97" lang="ita" dir="ltr" xml:lang="ita">ciascuna</span>
            <span class="ocrx_word" id="word_1_226" title="bbox 4265 2973 4483 3030; x_wconf 97" lang="ita" dir="ltr" xml:lang="ita">tavola.</span>
          </span>
          <span class="ocr_line" id="line_1_21" title="bbox 701 3068 4488 3143; baseline 0 -17">
            <span class="ocrx_word" id="word_1_227" title="bbox 701 3069 964 3126; x_wconf 89" lang="ita" dir="ltr" xml:lang="ita">Sarebbe</span>
            <span class="ocrx_word" id="word_1_228" title="bbox 999 3069 1144 3143; x_wconf 92" lang="ita" dir="ltr" xml:lang="ita">però</span>
            <span class="ocrx_word" id="word_1_229" title="bbox 1181 3077 1394 3143; x_wconf 99" lang="ita" dir="ltr" xml:lang="ita">troppo</span>
            <span class="ocrx_word" id="word_1_230" title="bbox 1431 3068 1676 3126; x_wconf 98" lang="ita" dir="ltr" xml:lang="ita">infelice</span>
            <span class="ocrx_word" id="word_1_231" title="bbox 1714 3068 1901 3126; x_wconf 98" lang="ita" dir="ltr" xml:lang="ita">l’idea</span>
            <span class="ocrx_word" id="word_1_232" title="bbox 1936 3068 2047 3126; x_wconf 99" lang="ita" dir="ltr" xml:lang="ita">che</span>
            <span class="ocrx_word" id="word_1_233" title="bbox 2084 3068 2246 3143; x_wconf 98" lang="ita" dir="ltr" xml:lang="ita">degli</span>
            <span class="ocrx_word" id="word_1_234" title="bbox 2283 3068 2501 3143; x_wconf 99" lang="ita" dir="ltr" xml:lang="ita">esperti</span>
            <span class="ocrx_word" id="word_1_235" title="bbox 2539 3068 2771 3126; x_wconf 97" lang="ita" dir="ltr" xml:lang="ita">artefici</span>
            <span class="ocrx_word" id="word_1_236" title="bbox 2808 3068 3122 3126; x_wconf 85" lang="ita" dir="ltr" xml:lang="ita">veneziani</span>
            <span class="ocrx_word" id="word_1_237" title="bbox 3161 3068 3210 3126; x_wconf 99" lang="ita" dir="ltr" xml:lang="ita">si</span>
            <span class="ocrx_word" id="word_1_238" title="bbox 3248 3068 3646 3136; x_wconf 96" lang="ita" dir="ltr" xml:lang="ita">formerebbe,</span>
            <span class="ocrx_word" id="word_1_239" title="bbox 3688 3087 3751 3126; x_wconf 99" lang="ita" dir="ltr" xml:lang="ita">se</span>
            <span class="ocrx_word" id="word_1_240" title="bbox 3788 3068 3959 3126; x_wconf 98" lang="ita" dir="ltr" xml:lang="ita">fidati</span>
            <span class="ocrx_word" id="word_1_241" title="bbox 3997 3069 4112 3126; x_wconf 98" lang="ita" dir="ltr" xml:lang="ita">alle</span>
            <span class="ocrx_word" id="word_1_242" title="bbox 4147 3069 4354 3143; x_wconf 97" lang="ita" dir="ltr" xml:lang="ita">parole</span>
            <span class="ocrx_word" id="word_1_243" title="bbox 4391 3069 4488 3126; x_wconf 99" lang="ita" dir="ltr" xml:lang="ita">del</span>
          </span>
          <span class="ocr_line" id="line_1_22" title="bbox 699 3164 3734 3239; baseline 0 -18">
            <span class="ocrx_word" id="word_1_244" title="bbox 699 3164 1091 3239; x_wconf 98" lang="ita" dir="ltr" xml:lang="ita">frontespizio</span>
            <span class="ocrx_word" id="word_1_245" title="bbox 1116 3164 1136 3221; x_wconf 99" lang="ita" dir="ltr" xml:lang="ita">i</span>
            <span class="ocrx_word" id="word_1_246" title="bbox 1161 3183 1318 3222; x_wconf 99" lang="ita" dir="ltr" xml:lang="ita">cono</span>
            <span class="ocrx_word" id="word_1_247" title="bbox 1349 3166 1427 3239; x_wconf 93" lang="ita" dir="ltr" xml:lang="ita">[p.</span>
            <span class="ocrx_word" id="word_1_248" title="bbox 1458 3165 1600 3234; x_wconf 91" lang="ita" xml:lang="ita">322]</span>
            <span class="ocrx_word" id="word_1_249" title="bbox 1632 3164 1834 3222; x_wconf 98" lang="ita" dir="ltr" xml:lang="ita">scitori</span>
            <span class="ocrx_word" id="word_1_250" title="bbox 1861 3164 2228 3222; x_wconf 97" lang="ita" dir="ltr" xml:lang="ita">stabilissero</span>
            <span class="ocrx_word" id="word_1_251" title="bbox 2253 3164 2315 3221; x_wconf 98" lang="ita" dir="ltr" xml:lang="ita">in</span>
            <span class="ocrx_word" id="word_1_252" title="bbox 2339 3165 2727 3239; x_wconf 92" lang="ita" dir="ltr" xml:lang="ita">quest’opera</span>
            <span class="ocrx_word" id="word_1_253" title="bbox 2749 3164 2792 3221; x_wconf 99" lang="ita" dir="ltr" xml:lang="ita">il</span>
            <span class="ocrx_word" id="word_1_254" title="bbox 2817 3164 3029 3222; x_wconf 99" lang="ita" dir="ltr" xml:lang="ita">merito</span>
            <span class="ocrx_word" id="word_1_255" title="bbox 3055 3165 3215 3222; x_wconf 98" lang="ita" dir="ltr" xml:lang="ita">della</span>
            <span class="ocrx_word" id="word_1_256" title="bbox 3240 3165 3462 3222; x_wconf 89" lang="ita" dir="ltr" xml:lang="ita">Scuola</span>
            <span class="ocrx_word" id="word_1_257" title="bbox 3484 3166 3734 3222; x_wconf 91" lang="ita" dir="ltr" xml:lang="ita">Veneta.</span>
          </span>
        </p>
      </div>
      <div class="ocr_carea" id="block_1_8" title="bbox 473 3355 4488 3701">
        <p class="ocr_par" dir="ltr" id="par_1_9" title="bbox 473 3355 4488 3701">
          <span class="ocr_line" id="line_1_23" title="bbox 473 3355 4488 3430; baseline 0 -18">
            <span class="ocrx_word" id="word_1_258" title="bbox 473 3356 655 3413; x_wconf 99" lang="ita" xml:lang="ita">4712.</span>
            <span class="ocrx_word" id="word_1_259" title="bbox 689 3356 1194 3413; x_wconf 91" lang="ita" dir="ltr" xml:lang="ita">GUMPPENBERG</span>
            <span class="ocrx_word" id="word_1_260" title="bbox 1221 3355 1553 3423; x_wconf 92" lang="ita" dir="ltr" xml:lang="ita">Guillelmi,</span>
            <span class="ocrx_word" id="word_1_261" title="bbox 1585 3356 1756 3413; x_wconf 84" lang="ita" dir="ltr" xml:lang="ita">Atlas</span>
            <span class="ocrx_word" id="word_1_262" title="bbox 1785 3355 2115 3423; x_wconf 93" lang="ita" dir="ltr" xml:lang="ita">Marianus,</span>
            <span class="ocrx_word" id="word_1_263" title="bbox 2150 3355 2277 3413; x_wconf 98" lang="ita" dir="ltr" xml:lang="ita">sive</span>
            <span class="ocrx_word" id="word_1_264" title="bbox 2307 3356 2382 3413; x_wconf 99" lang="ita" dir="ltr" xml:lang="ita">de</span>
            <span class="ocrx_word" id="word_1_265" title="bbox 2410 3355 2776 3430; x_wconf 99" lang="ita" dir="ltr" xml:lang="ita">imaginibus</span>
            <span class="ocrx_word" id="word_1_266" title="bbox 2806 3355 3104 3430; x_wconf 92" lang="ita" dir="ltr" xml:lang="ita">Deiparae</span>
            <span class="ocrx_word" id="word_1_267" title="bbox 3131 3374 3238 3430; x_wconf 99" lang="ita" dir="ltr" xml:lang="ita">per</span>
            <span class="ocrx_word" id="word_1_268" title="bbox 3265 3356 3475 3413; x_wconf 99" lang="ita" dir="ltr" xml:lang="ita">orbem</span>
            <span class="ocrx_word" id="word_1_269" title="bbox 3502 3355 3894 3413; x_wconf 99" lang="ita" dir="ltr" xml:lang="ita">christianum</span>
            <span class="ocrx_word" id="word_1_270" title="bbox 3921 3355 4319 3423; x_wconf 99" lang="ita" dir="ltr" xml:lang="ita">miraculosis,</span>
            <span class="ocrx_word" id="word_1_271" title="bbox 4351 3355 4488 3413; x_wconf 99" lang="ita" dir="ltr" xml:lang="ita">libri</span>
          </span>
          <span class="ocr_line" id="line_1_24" title="bbox 699 3451 1707 3526; baseline -0.001 -17">
            <span class="ocrx_word" id="word_1_272" title="bbox 699 3452 838 3519; x_wconf 99" lang="ita" dir="ltr" xml:lang="ita">duo,</span>
            <span class="ocrx_word" id="word_1_273" title="bbox 865 3451 1157 3509; x_wconf 93" lang="ita" dir="ltr" xml:lang="ita">Monachi</span>
            <span class="ocrx_word" id="word_1_274" title="bbox 1189 3451 1364 3519; x_wconf 89" lang="ita" xml:lang="ita">1657,</span>
            <span class="ocrx_word" id="word_1_275" title="bbox 1391 3451 1453 3508; x_wconf 98" lang="ita" dir="ltr" xml:lang="ita">in</span>
            <span class="ocrx_word" id="word_1_276" title="bbox 1484 3452 1575 3519; x_wconf 99" lang="ita" xml:lang="ita">12,</span>
            <span class="ocrx_word" id="word_1_277" title="bbox 1603 3451 1707 3526; x_wconf 99" lang="ita" dir="ltr" xml:lang="ita">fig.</span>
          </span>
          <span class="ocr_line" id="line_1_25" title="bbox 698 3547 4486 3622; baseline 0 -18">
            <span class="ocrx_word" id="word_1_278" title="bbox 698 3549 784 3605; x_wconf 97" lang="ita" dir="ltr" xml:lang="ita">La</span>
            <span class="ocrx_word" id="word_1_279" title="bbox 814 3547 1117 3605; x_wconf 97" lang="ita" dir="ltr" xml:lang="ita">relazione</span>
            <span class="ocrx_word" id="word_1_280" title="bbox 1152 3566 1185 3605; x_wconf 99" lang="ita" dir="ltr" xml:lang="ita">e</span>
            <span class="ocrx_word" id="word_1_281" title="bbox 1218 3547 1261 3604; x_wconf 99" lang="ita" dir="ltr" xml:lang="ita">il</span>
            <span class="ocrx_word" id="word_1_282" title="bbox 1294 3547 1421 3622; x_wconf 99" lang="ita" dir="ltr" xml:lang="ita">tipo</span>
            <span class="ocrx_word" id="word_1_283" title="bbox 1456 3547 1714 3622; x_wconf 97" lang="ita" dir="ltr" xml:lang="ita">figurato</span>
            <span class="ocrx_word" id="word_1_284" title="bbox 1749 3547 1811 3604; x_wconf 98" lang="ita" dir="ltr" xml:lang="ita">in</span>
            <span class="ocrx_word" id="word_1_285" title="bbox 1842 3547 2109 3622; x_wconf 98" lang="ita" dir="ltr" xml:lang="ita">pessime</span>
            <span class="ocrx_word" id="word_1_286" title="bbox 2142 3548 2343 3605; x_wconf 97" lang="ita" dir="ltr" xml:lang="ita">tavole</span>
            <span class="ocrx_word" id="word_1_287" title="bbox 2377 3547 2438 3605; x_wconf 99" lang="ita" dir="ltr" xml:lang="ita">di</span>
            <span class="ocrx_word" id="word_1_288" title="bbox 2473 3547 2551 3605; x_wconf 99" lang="ita" xml:lang="ita">50</span>
            <span class="ocrx_word" id="word_1_289" title="bbox 2586 3547 2823 3605; x_wconf 98" lang="ita" dir="ltr" xml:lang="ita">diverse</span>
            <span class="ocrx_word" id="word_1_290" title="bbox 2856 3547 3172 3622; x_wconf 98" lang="ita" dir="ltr" xml:lang="ita">immagini</span>
            <span class="ocrx_word" id="word_1_291" title="bbox 3206 3547 3429 3605; x_wconf 99" lang="ita" dir="ltr" xml:lang="ita">celebri</span>
            <span class="ocrx_word" id="word_1_292" title="bbox 3464 3547 3741 3605; x_wconf 97" lang="ita" dir="ltr" xml:lang="ita">formano</span>
            <span class="ocrx_word" id="word_1_293" title="bbox 3776 3548 3834 3605; x_wconf 98" lang="ita" dir="ltr" xml:lang="ita">la</span>
            <span class="ocrx_word" id="word_1_294" title="bbox 3868 3556 4146 3605; x_wconf 98" lang="ita" dir="ltr" xml:lang="ita">sostanza</span>
            <span class="ocrx_word" id="word_1_295" title="bbox 4178 3547 4239 3605; x_wconf 99" lang="ita" dir="ltr" xml:lang="ita">di</span>
            <span class="ocrx_word" id="word_1_296" title="bbox 4273 3556 4486 3622; x_wconf 98" lang="ita" dir="ltr" xml:lang="ita">questo</span>
          </span>
          <span class="ocr_line" id="line_1_26" title="bbox 699 3643 870 3701; baseline 0.006 -1">
            <span class="ocrx_word" id="word_1_297" title="bbox 699 3643 870 3701; x_wconf 99" lang="ita" dir="ltr" xml:lang="ita">libro.</span>
          </span>
        </p>
      </div>
      <div class="ocr_carea" id="block_1_9" title="bbox 473 3835 4487 4101">
        <p class="ocr_par" dir="ltr" id="par_1_10" title="bbox 473 3835 4487 4101">
          <span class="ocr_line" id="line_1_27" title="bbox 473 3835 4487 3910; baseline 0 -18">
            <span class="ocrx_word" id="word_1_298" title="bbox 473 3836 655 3893; x_wconf 99" lang="ita" xml:lang="ita">4713.</span>
            <span class="ocrx_word" id="word_1_299" title="bbox 701 3836 1008 3893; x_wconf 85" lang="ita" dir="ltr" xml:lang="ita">GYRALDI</span>
            <span class="ocrx_word" id="word_1_300" title="bbox 1049 3835 1344 3910; x_wconf 92" lang="ita" dir="ltr" xml:lang="ita">Gregorii,</span>
            <span class="ocrx_word" id="word_1_301" title="bbox 1387 3837 1481 3893; x_wconf 92" lang="ita" dir="ltr" xml:lang="ita">De</span>
            <span class="ocrx_word" id="word_1_302" title="bbox 1522 3835 1656 3893; x_wconf 92" lang="ita" dir="ltr" xml:lang="ita">Diis</span>
            <span class="ocrx_word" id="word_1_303" title="bbox 1700 3835 1970 3910; x_wconf 99" lang="ita" dir="ltr" xml:lang="ita">gentium</span>
            <span class="ocrx_word" id="word_1_304" title="bbox 2010 3835 2163 3903; x_wconf 98" lang="ita" dir="ltr" xml:lang="ita">libri,</span>
            <span class="ocrx_word" id="word_1_305" title="bbox 2209 3835 2337 3893; x_wconf 99" lang="ita" dir="ltr" xml:lang="ita">sive</span>
            <span class="ocrx_word" id="word_1_306" title="bbox 2381 3844 2756 3910; x_wconf 86" lang="ita" dir="ltr" xml:lang="ita">syntagmata</span>
            <span class="ocrx_word" id="word_1_307" title="bbox 2794 3837 2968 3893; x_wconf 89" lang="ita" dir="ltr" xml:lang="ita">XVII</span>
            <span class="ocrx_word" id="word_1_308" title="bbox 3009 3835 3226 3910; x_wconf 92" lang="ita" dir="ltr" xml:lang="ita">quibus</span>
            <span class="ocrx_word" id="word_1_309" title="bbox 3269 3835 3433 3893; x_wconf 97" lang="ita" dir="ltr" xml:lang="ita">varia</span>
            <span class="ocrx_word" id="word_1_310" title="bbox 3472 3837 3744 3893; x_wconf 93" lang="ita" dir="ltr" xml:lang="ita">Deorum</span>
            <span class="ocrx_word" id="word_1_311" title="bbox 3782 3835 4047 3903; x_wconf 96" lang="ita" dir="ltr" xml:lang="ita">historia,</span>
            <span class="ocrx_word" id="word_1_312" title="bbox 4090 3835 4387 3910; x_wconf 97" lang="ita" dir="ltr" xml:lang="ita">imagines</span>
            <span class="ocrx_word" id="word_1_313" title="bbox 4429 3844 4487 3893; x_wconf 99" lang="ita" dir="ltr" xml:lang="ita">et</span>
          </span>
          <span class="ocr_line" id="line_1_28" title="bbox 699 3930 4194 4005; baseline 0 -17">
            <span class="ocrx_word" id="word_1_314" title="bbox 699 3930 1066 4005; x_wconf 98" lang="ita" dir="ltr" xml:lang="ita">cognomina</span>
            <span class="ocrx_word" id="word_1_315" title="bbox 1089 3930 1462 4005; x_wconf 76" lang="ita" dir="ltr" xml:lang="ita">explicantur</span>
            <span class="ocrx_word" id="word_1_316" title="bbox 1485 3930 1939 4005; x_wconf 97" lang="ita" dir="ltr" xml:lang="ita">clarissimeque</span>
            <span class="ocrx_word" id="word_1_317" title="bbox 1963 3939 2298 3998; x_wconf 96" lang="ita" dir="ltr" xml:lang="ita">tractantur,</span>
            <span class="ocrx_word" id="word_1_318" title="bbox 2325 3930 2621 4005; x_wconf 97" lang="ita" dir="ltr" xml:lang="ita">Lugduni,</span>
            <span class="ocrx_word" id="word_1_319" title="bbox 2650 3931 2809 4005; x_wconf 97" lang="ita" dir="ltr" xml:lang="ita">apud</span>
            <span class="ocrx_word" id="word_1_320" title="bbox 2832 3930 3119 3988; x_wconf 97" lang="ita" dir="ltr" xml:lang="ita">haeredes</span>
            <span class="ocrx_word" id="word_1_321" title="bbox 3144 3931 3349 3988; x_wconf 84" lang="ita" dir="ltr" xml:lang="ita">Jacob.</span>
            <span class="ocrx_word" id="word_1_322" title="bbox 3376 3932 3406 3988; x_wconf 99" lang="ita" dir="ltr" xml:lang="ita">J</span>
            <span class="ocrx_word" id="word_1_323" title="bbox 3409 3939 3640 3998; x_wconf 98" lang="ita" dir="ltr" xml:lang="ita">unctae,</span>
            <span class="ocrx_word" id="word_1_324" title="bbox 3675 3930 3850 3998; x_wconf 89" lang="ita" xml:lang="ita">1535,</span>
            <span class="ocrx_word" id="word_1_325" title="bbox 3877 3930 3939 3987; x_wconf 98" lang="ita" dir="ltr" xml:lang="ita">in</span>
            <span class="ocrx_word" id="word_1_326" title="bbox 3963 3930 4068 3988; x_wconf 99" lang="ita" dir="ltr" xml:lang="ita">fol.</span>
            <span class="ocrx_word" id="word_1_327" title="bbox 4097 3949 4194 4005; x_wconf 99" lang="ita" dir="ltr" xml:lang="ita">op.</span>
          </span>
          <span class="ocr_line" id="line_1_29" title="bbox 700 4026 2230 4101; baseline 0 -17">
            <span class="ocrx_word" id="word_1_328" title="bbox 700 4027 901 4101; x_wconf 92" lang="ita" dir="ltr" xml:lang="ita">Opera</span>
            <span class="ocrx_word" id="word_1_329" title="bbox 924 4026 1279 4094; x_wconf 98" lang="ita" dir="ltr" xml:lang="ita">dottissima,</span>
            <span class="ocrx_word" id="word_1_330" title="bbox 1305 4026 1580 4101; x_wconf 97" lang="ita" dir="ltr" xml:lang="ita">prolissa,</span>
            <span class="ocrx_word" id="word_1_331" title="bbox 1608 4045 1641 4084; x_wconf 99" lang="ita" dir="ltr" xml:lang="ita">e</span>
            <span class="ocrx_word" id="word_1_332" title="bbox 1666 4026 1727 4084; x_wconf 99" lang="ita" dir="ltr" xml:lang="ita">di</span>
            <span class="ocrx_word" id="word_1_333" title="bbox 1750 4027 1912 4084; x_wconf 97" lang="ita" dir="ltr" xml:lang="ita">bella</span>
            <span class="ocrx_word" id="word_1_334" title="bbox 1935 4026 2230 4084; x_wconf 97" lang="ita" dir="ltr" xml:lang="ita">edizione.</span>
          </span>
        </p>
      </div>
      <div class="ocr_carea" id="block_1_10" title="bbox 473 4218 4484 4580">
        <p class="ocr_par" dir="ltr" id="par_1_11" title="bbox 473 4218 4484 4580">
          <span class="ocr_line" id="line_1_30" title="bbox 473 4218 4484 4293; baseline 0 -17">
            <span class="ocrx_word" id="word_1_335" title="bbox 473 4219 655 4276; x_wconf 98" lang="ita" xml:lang="ita">4714.</span>
            <span class="ocrx_word" id="word_1_336" title="bbox 689 4220 927 4276; x_wconf 85" lang="ita" dir="ltr" xml:lang="ita">HAGER</span>
            <span class="ocrx_word" id="word_1_337" title="bbox 954 4218 1196 4293; x_wconf 96" lang="ita" dir="ltr" xml:lang="ita">Joseph,</span>
            <span class="ocrx_word" id="word_1_338" title="bbox 1228 4218 1536 4276; x_wconf 87" lang="ita" dir="ltr" xml:lang="ita">Pantheon</span>
            <span class="ocrx_word" id="word_1_339" title="bbox 1565 4218 1819 4286; x_wconf 99" lang="ita" dir="ltr" xml:lang="ita">chinois,</span>
            <span class="ocrx_word" id="word_1_340" title="bbox 1852 4237 1933 4276; x_wconf 99" lang="ita" dir="ltr" xml:lang="ita">ou</span>
            <span class="ocrx_word" id="word_1_341" title="bbox 1960 4219 2245 4293; x_wconf 97" lang="ita" dir="ltr" xml:lang="ita">paralelle</span>
            <span class="ocrx_word" id="word_1_342" title="bbox 2275 4227 2437 4276; x_wconf 99" lang="ita" dir="ltr" xml:lang="ita">entre</span>
            <span class="ocrx_word" id="word_1_343" title="bbox 2468 4219 2524 4276; x_wconf 99" lang="ita" dir="ltr" xml:lang="ita">le</span>
            <span class="ocrx_word" id="word_1_344" title="bbox 2554 4219 2711 4276; x_wconf 99" lang="ita" dir="ltr" xml:lang="ita">culte</span>
            <span class="ocrx_word" id="word_1_345" title="bbox 2739 4218 3035 4293; x_wconf 76" lang="ita" dir="ltr" xml:lang="ita">réligieux</span>
            <span class="ocrx_word" id="word_1_346" title="bbox 3064 4219 3170 4276; x_wconf 98" lang="ita" dir="ltr" xml:lang="ita">des</span>
            <span class="ocrx_word" id="word_1_347" title="bbox 3202 4237 3391 4293; x_wconf 99" lang="ita" dir="ltr" xml:lang="ita">grecs,</span>
            <span class="ocrx_word" id="word_1_348" title="bbox 3424 4227 3482 4276; x_wconf 99" lang="ita" dir="ltr" xml:lang="ita">et</span>
            <span class="ocrx_word" id="word_1_349" title="bbox 3511 4218 3668 4276; x_wconf 98" lang="ita" dir="ltr" xml:lang="ita">celui</span>
            <span class="ocrx_word" id="word_1_350" title="bbox 3698 4219 3804 4276; x_wconf 98" lang="ita" dir="ltr" xml:lang="ita">des</span>
            <span class="ocrx_word" id="word_1_351" title="bbox 3835 4218 4090 4286; x_wconf 99" lang="ita" dir="ltr" xml:lang="ita">chinois,</span>
            <span class="ocrx_word" id="word_1_352" title="bbox 4122 4218 4304 4286; x_wconf 91" lang="ita" dir="ltr" xml:lang="ita">Paris,</span>
            <span class="ocrx_word" id="word_1_353" title="bbox 4336 4218 4399 4275; x_wconf 99" lang="ita" dir="ltr" xml:lang="ita">in</span>
            <span class="ocrx_word" id="word_1_354" title="bbox 4427 4219 4484 4286; x_wconf 99" lang="ita" xml:lang="ita">4,</span>
          </span>
          <span class="ocr_line" id="line_1_31" title="bbox 700 4314 1285 4389; baseline 0 -17">
            <span class="ocrx_word" id="word_1_355" title="bbox 700 4333 846 4372; x_wconf 97" lang="ita" dir="ltr" xml:lang="ita">avec</span>
            <span class="ocrx_word" id="word_1_356" title="bbox 871 4333 988 4372; x_wconf 99" lang="ita" dir="ltr" xml:lang="ita">une</span>
            <span class="ocrx_word" id="word_1_357" title="bbox 1011 4314 1285 4389; x_wconf 97" lang="ita" dir="ltr" xml:lang="ita">planche.</span>
          </span>
          <span class="ocr_line" id="line_1_32" title="bbox 700 4410 4479 4485; baseline 0 -17">
            <span class="ocrx_word" id="word_1_358" title="bbox 700 4411 901 4485; x_wconf 92" lang="ita" dir="ltr" xml:lang="ita">Opera</span>
            <span class="ocrx_word" id="word_1_359" title="bbox 930 4410 1270 4468; x_wconf 97" lang="ita" dir="ltr" xml:lang="ita">dottissima</span>
            <span class="ocrx_word" id="word_1_360" title="bbox 1302 4419 1593 4485; x_wconf 97" lang="ita" dir="ltr" xml:lang="ita">stampata</span>
            <span class="ocrx_word" id="word_1_361" title="bbox 1623 4411 1783 4468; x_wconf 98" lang="ita" dir="ltr" xml:lang="ita">colla</span>
            <span class="ocrx_word" id="word_1_362" title="bbox 1812 4410 2101 4468; x_wconf 98" lang="ita" dir="ltr" xml:lang="ita">massima</span>
            <span class="ocrx_word" id="word_1_363" title="bbox 2131 4411 2436 4485; x_wconf 97" lang="ita" dir="ltr" xml:lang="ita">eleganza,</span>
            <span class="ocrx_word" id="word_1_364" title="bbox 2471 4429 2504 4468; x_wconf 99" lang="ita" dir="ltr" xml:lang="ita">e</span>
            <span class="ocrx_word" id="word_1_365" title="bbox 2535 4411 2695 4468; x_wconf 98" lang="ita" dir="ltr" xml:lang="ita">nella</span>
            <span class="ocrx_word" id="word_1_366" title="bbox 2725 4411 2901 4485; x_wconf 98" lang="ita" dir="ltr" xml:lang="ita">quale</span>
            <span class="ocrx_word" id="word_1_367" title="bbox 2934 4410 2984 4468; x_wconf 98" lang="ita" dir="ltr" xml:lang="ita">si</span>
            <span class="ocrx_word" id="word_1_368" title="bbox 3013 4429 3203 4485; x_wconf 97" lang="ita" dir="ltr" xml:lang="ita">prova</span>
            <span class="ocrx_word" id="word_1_369" title="bbox 3232 4429 3409 4468; x_wconf 99" lang="ita" dir="ltr" xml:lang="ita">come</span>
            <span class="ocrx_word" id="word_1_370" title="bbox 3440 4411 3498 4468; x_wconf 98" lang="ita" dir="ltr" xml:lang="ita">la</span>
            <span class="ocrx_word" id="word_1_371" title="bbox 3528 4410 3725 4468; x_wconf 90" lang="ita" dir="ltr" xml:lang="ita">China</span>
            <span class="ocrx_word" id="word_1_372" title="bbox 3755 4410 3922 4468; x_wconf 98" lang="ita" dir="ltr" xml:lang="ita">fosse</span>
            <span class="ocrx_word" id="word_1_373" title="bbox 3954 4410 4352 4468; x_wconf 97" lang="ita" dir="ltr" xml:lang="ita">anticamente</span>
            <span class="ocrx_word" id="word_1_374" title="bbox 4383 4411 4479 4468; x_wconf 98" lang="ita" dir="ltr" xml:lang="ita">da’</span>
          </span>
          <span class="ocr_line" id="line_1_33" title="bbox 699 4505 4263 4580; baseline 0 -17">
            <span class="ocrx_word" id="word_1_375" title="bbox 699 4505 861 4580; x_wconf 99" lang="ita" dir="ltr" xml:lang="ita">greci</span>
            <span class="ocrx_word" id="word_1_376" title="bbox 886 4505 1240 4563; x_wconf 97" lang="ita" dir="ltr" xml:lang="ita">conosciuta</span>
            <span class="ocrx_word" id="word_1_377" title="bbox 1263 4524 1380 4563; x_wconf 99" lang="ita" dir="ltr" xml:lang="ita">con</span>
            <span class="ocrx_word" id="word_1_378" title="bbox 1403 4524 1522 4563; x_wconf 98" lang="ita" dir="ltr" xml:lang="ita">una</span>
            <span class="ocrx_word" id="word_1_379" title="bbox 1546 4524 1690 4580; x_wconf 97" lang="ita" dir="ltr" xml:lang="ita">gran</span>
            <span class="ocrx_word" id="word_1_380" title="bbox 1714 4506 1916 4563; x_wconf 97" lang="ita" dir="ltr" xml:lang="ita">tavola</span>
            <span class="ocrx_word" id="word_1_381" title="bbox 1938 4505 2000 4562; x_wconf 98" lang="ita" dir="ltr" xml:lang="ita">in</span>
            <span class="ocrx_word" id="word_1_382" title="bbox 2025 4505 2238 4580; x_wconf 98" lang="ita" dir="ltr" xml:lang="ita">foglio,</span>
            <span class="ocrx_word" id="word_1_383" title="bbox 2266 4505 2377 4563; x_wconf 99" lang="ita" dir="ltr" xml:lang="ita">che</span>
            <span class="ocrx_word" id="word_1_384" title="bbox 2400 4514 2784 4580; x_wconf 97" lang="ita" dir="ltr" xml:lang="ita">rappresenta</span>
            <span class="ocrx_word" id="word_1_385" title="bbox 2806 4524 2924 4563; x_wconf 98" lang="ita" dir="ltr" xml:lang="ita">una</span>
            <span class="ocrx_word" id="word_1_386" title="bbox 2945 4506 3184 4580; x_wconf 98" lang="ita" dir="ltr" xml:lang="ita">pagode</span>
            <span class="ocrx_word" id="word_1_387" title="bbox 3209 4505 3413 4563; x_wconf 98" lang="ita" dir="ltr" xml:lang="ita">cinese</span>
            <span class="ocrx_word" id="word_1_388" title="bbox 3439 4514 3915 4563; x_wconf 97" lang="ita" dir="ltr" xml:lang="ita">accuratamente</span>
            <span class="ocrx_word" id="word_1_389" title="bbox 3939 4505 4263 4580; x_wconf 97" lang="ita" dir="ltr" xml:lang="ita">intagliata.</span>
          </span>
        </p>
      </div>
      <div class="ocr_carea" id="block_1_11" title="bbox 473 4697 4202 4868">
        <p class="ocr_par" dir="ltr" id="par_1_12" title="bbox 473 4697 4202 4868">
          <span class="ocr_line" id="line_1_34" title="bbox 473 4697 4202 4772; baseline 0 -18">
            <span class="ocrx_word" id="word_1_390" title="bbox 473 4697 655 4755; x_wconf 99" lang="ita" xml:lang="ita">4715.</span>
            <span class="ocrx_word" id="word_1_391" title="bbox 683 4699 1113 4755; x_wconf 89" lang="ita" dir="ltr" xml:lang="ita">HENSBERGIO</span>
            <span class="ocrx_word" id="word_1_392" title="bbox 1136 4697 1479 4765; x_wconf 92" lang="ita" dir="ltr" xml:lang="ita">Vincentio,</span>
            <span class="ocrx_word" id="word_1_393" title="bbox 1507 4697 1876 4755; x_wconf 91" lang="ita" dir="ltr" xml:lang="ita">Viridarium</span>
            <span class="ocrx_word" id="word_1_394" title="bbox 1897 4697 2243 4755; x_wconf 93" lang="ita" dir="ltr" xml:lang="ita">Marianum</span>
            <span class="ocrx_word" id="word_1_395" title="bbox 2267 4697 2446 4755; x_wconf 97" lang="ita" dir="ltr" xml:lang="ita">variis</span>
            <span class="ocrx_word" id="word_1_396" title="bbox 2470 4697 2837 4755; x_wconf 98" lang="ita" dir="ltr" xml:lang="ita">rosariorum</span>
            <span class="ocrx_word" id="word_1_397" title="bbox 2859 4706 2969 4755; x_wconf 99" lang="ita" dir="ltr" xml:lang="ita">etc.</span>
            <span class="ocrx_word" id="word_1_398" title="bbox 2998 4706 3130 4765; x_wconf 99" lang="ita" dir="ltr" xml:lang="ita">etc.,</span>
            <span class="ocrx_word" id="word_1_399" title="bbox 3157 4697 3524 4772; x_wconf 84" lang="ita" dir="ltr" xml:lang="ita">Antuerpiae</span>
            <span class="ocrx_word" id="word_1_400" title="bbox 3556 4697 3730 4765; x_wconf 90" lang="ita" xml:lang="ita">1626,</span>
            <span class="ocrx_word" id="word_1_401" title="bbox 3757 4697 3819 4754; x_wconf 98" lang="ita" dir="ltr" xml:lang="ita">in</span>
            <span class="ocrx_word" id="word_1_402" title="bbox 3846 4698 3899 4765; x_wconf 96" lang="ita" xml:lang="ita">8,</span>
            <span class="ocrx_word" id="word_1_403" title="bbox 3927 4697 4202 4772; x_wconf 97" lang="ita" dir="ltr" xml:lang="ita">figurato.</span>
          </span>
          <span class="ocr_line" id="line_1_35" title="bbox 701 4793 3042 4868; baseline 0 -17">
            <span class="ocrx_word" id="word_1_404" title="bbox 701 4793 930 4851; x_wconf 98" lang="ita" dir="ltr" xml:lang="ita">Sonovi</span>
            <span class="ocrx_word" id="word_1_405" title="bbox 953 4793 1150 4868; x_wconf 99" lang="ita" dir="ltr" xml:lang="ita">poche</span>
            <span class="ocrx_word" id="word_1_406" title="bbox 1174 4794 1375 4851; x_wconf 97" lang="ita" dir="ltr" xml:lang="ita">tavole</span>
            <span class="ocrx_word" id="word_1_407" title="bbox 1399 4793 1461 4850; x_wconf 98" lang="ita" dir="ltr" xml:lang="ita">in</span>
            <span class="ocrx_word" id="word_1_408" title="bbox 1483 4812 1648 4851; x_wconf 97" lang="ita" dir="ltr" xml:lang="ita">rame</span>
            <span class="ocrx_word" id="word_1_409" title="bbox 1672 4793 1983 4861; x_wconf 98" lang="ita" dir="ltr" xml:lang="ita">mediocri,</span>
            <span class="ocrx_word" id="word_1_410" title="bbox 2011 4812 2044 4851; x_wconf 99" lang="ita" dir="ltr" xml:lang="ita">e</span>
            <span class="ocrx_word" id="word_1_411" title="bbox 2071 4812 2273 4868; x_wconf 98" lang="ita" dir="ltr" xml:lang="ita">sparse</span>
            <span class="ocrx_word" id="word_1_412" title="bbox 2298 4793 2388 4851; x_wconf 98" lang="ita" dir="ltr" xml:lang="ita">fra</span>
            <span class="ocrx_word" id="word_1_413" title="bbox 2410 4793 2453 4850; x_wconf 99" lang="ita" dir="ltr" xml:lang="ita">il</span>
            <span class="ocrx_word" id="word_1_414" title="bbox 2477 4802 2630 4851; x_wconf 98" lang="ita" dir="ltr" xml:lang="ita">testo</span>
            <span class="ocrx_word" id="word_1_415" title="bbox 2657 4794 2755 4851; x_wconf 99" lang="ita" dir="ltr" xml:lang="ita">del</span>
            <span class="ocrx_word" id="word_1_416" title="bbox 2780 4794 3042 4851; x_wconf 99" lang="ita" dir="ltr" xml:lang="ita">volume.</span>
          </span>
        </p>
      </div>
      <div class="ocr_carea" id="block_1_12" title="bbox 473 4985 4489 5148">
        <p class="ocr_par" dir="ltr" id="par_1_13" title="bbox 473 4985 4489 5148">
          <span class="ocr_line" id="line_1_36" title="bbox 473 4985 4489 5060; baseline 0 -17">
            <span class="ocrx_word" id="word_1_417" title="bbox 473 4985 655 5043; x_wconf 98" lang="ita" xml:lang="ita">4716.</span>
            <span class="ocrx_word" id="word_1_418" title="bbox 697 4987 928 5043; x_wconf 87" lang="ita" dir="ltr" xml:lang="ita">IKENIO</span>
            <span class="ocrx_word" id="word_1_419" title="bbox 963 4986 1265 5053; x_wconf 90" lang="ita" dir="ltr" xml:lang="ita">Conrado,</span>
            <span class="ocrx_word" id="word_1_420" title="bbox 1307 4985 1709 5060; x_wconf 84" lang="ita" dir="ltr" xml:lang="ita">Antiquitates</span>
            <span class="ocrx_word" id="word_1_421" title="bbox 1750 4985 2084 5043; x_wconf 95" lang="ita" dir="ltr" xml:lang="ita">Hebraicae</span>
            <span class="ocrx_word" id="word_1_422" title="bbox 2126 4986 2459 5043; x_wconf 98" lang="ita" dir="ltr" xml:lang="ita">secundum</span>
            <span class="ocrx_word" id="word_1_423" title="bbox 2495 4985 2796 5060; x_wconf 99" lang="ita" dir="ltr" xml:lang="ita">triplicem</span>
            <span class="ocrx_word" id="word_1_424" title="bbox 2832 4986 3197 5043; x_wconf 98" lang="ita" dir="ltr" xml:lang="ita">Judaeorum</span>
            <span class="ocrx_word" id="word_1_425" title="bbox 3236 4994 3470 5053; x_wconf 97" lang="ita" dir="ltr" xml:lang="ita">statum,</span>
            <span class="ocrx_word" id="word_1_426" title="bbox 3513 4985 4012 5053; x_wconf 96" lang="ita" dir="ltr" xml:lang="ita">ecclesiasticum,</span>
            <span class="ocrx_word" id="word_1_427" title="bbox 4053 4985 4388 5060; x_wconf 96" lang="ita" dir="ltr" xml:lang="ita">politicum,</span>
            <span class="ocrx_word" id="word_1_428" title="bbox 4431 4994 4489 5043; x_wconf 99" lang="ita" dir="ltr" xml:lang="ita">et</span>
          </span>
          <span class="ocr_line" id="line_1_37" title="bbox 699 5080 1841 5148; baseline -0.001 -10">
            <span class="ocrx_word" id="word_1_429" title="bbox 699 5080 1184 5148; x_wconf 96" lang="ita" dir="ltr" xml:lang="ita">oeconomicum,</span>
            <span class="ocrx_word" id="word_1_430" title="bbox 1211 5082 1467 5138; x_wconf 91" lang="ita" dir="ltr" xml:lang="ita">Bremae</span>
            <span class="ocrx_word" id="word_1_431" title="bbox 1499 5080 1674 5148; x_wconf 98" lang="ita" xml:lang="ita">1764,</span>
            <span class="ocrx_word" id="word_1_432" title="bbox 1700 5080 1762 5137; x_wconf 98" lang="ita" dir="ltr" xml:lang="ita">in</span>
            <span class="ocrx_word" id="word_1_433" title="bbox 1789 5081 1841 5138; x_wconf 99" lang="ita" xml:lang="ita">8.</span>
          </span>
        </p>
      </div>
      <div class="ocr_carea" id="block_1_13" title="bbox 473 5272 4447 5347">
        <p class="ocr_par" dir="ltr" id="par_1_14" title="bbox 473 5272 4447 5347">
          <span class="ocr_line" id="line_1_38" title="bbox 473 5272 4447 5347; baseline 0 -17">
            <span class="ocrx_word" id="word_1_434" title="bbox 473 5273 655 5330; x_wconf 98" lang="ita" xml:lang="ita">4717.</span>
            <span class="ocrx_word" id="word_1_435" title="bbox 682 5274 1013 5330; x_wconf 85" lang="ita" dir="ltr" xml:lang="ita">LEONISSA</span>
            <span class="ocrx_word" id="word_1_436" title="bbox 1036 5272 1277 5330; x_wconf 92" lang="ita" dir="ltr" xml:lang="ita">Giovan</span>
            <span class="ocrx_word" id="word_1_437" title="bbox 1300 5274 1654 5340; x_wconf 92" lang="ita" dir="ltr" xml:lang="ita">Francesco,</span>
            <span class="ocrx_word" id="word_1_438" title="bbox 1682 5272 2063 5330; x_wconf 82" lang="ita" dir="ltr" xml:lang="ita">Conformità</span>
            <span class="ocrx_word" id="word_1_439" title="bbox 2086 5273 2244 5330; x_wconf 98" lang="ita" dir="ltr" xml:lang="ita">delle</span>
            <span class="ocrx_word" id="word_1_440" title="bbox 2269 5272 2612 5330; x_wconf 99" lang="ita" dir="ltr" xml:lang="ita">ceremonie</span>
            <span class="ocrx_word" id="word_1_441" title="bbox 2637 5272 2827 5330; x_wconf 98" lang="ita" dir="ltr" xml:lang="ita">cinesi</span>
            <span class="ocrx_word" id="word_1_442" title="bbox 2853 5272 3239 5330; x_wconf 97" lang="ita" dir="ltr" xml:lang="ita">all’idolatria</span>
            <span class="ocrx_word" id="word_1_443" title="bbox 3262 5291 3440 5347; x_wconf 97" lang="ita" dir="ltr" xml:lang="ita">greca</span>
            <span class="ocrx_word" id="word_1_444" title="bbox 3463 5291 3496 5330; x_wconf 99" lang="ita" dir="ltr" xml:lang="ita">e</span>
            <span class="ocrx_word" id="word_1_445" title="bbox 3520 5291 3785 5340; x_wconf 96" lang="ita" dir="ltr" xml:lang="ita">romana,</span>
            <span class="ocrx_word" id="word_1_446" title="bbox 3813 5272 4074 5330; x_wconf 90" lang="ita" dir="ltr" xml:lang="ita">Colonia</span>
            <span class="ocrx_word" id="word_1_447" title="bbox 4104 5273 4279 5340; x_wconf 93" lang="ita" xml:lang="ita">1701,</span>
            <span class="ocrx_word" id="word_1_448" title="bbox 4306 5272 4368 5329; x_wconf 98" lang="ita" dir="ltr" xml:lang="ita">in</span>
            <span class="ocrx_word" id="word_1_449" title="bbox 4395 5273 4447 5330; x_wconf 99" lang="ita" xml:lang="ita">8.</span>
          </span>
        </p>
      </div>
      <div class="ocr_carea" id="block_1_14" title="bbox 473 5464 3111 5631">
        <p class="ocr_par" dir="ltr" id="par_1_15" title="bbox 473 5464 3111 5631">
          <span class="ocr_line" id="line_1_39" title="bbox 473 5464 3111 5539; baseline 0 -17">
            <span class="ocrx_word" id="word_1_450" title="bbox 473 5465 655 5522; x_wconf 98" lang="ita" xml:lang="ita">4718.</span>
            <span class="ocrx_word" id="word_1_451" title="bbox 682 5466 945 5522; x_wconf 85" lang="ita" dir="ltr" xml:lang="ita">L]BICUS</span>
            <span class="ocrx_word" id="word_1_452" title="bbox 971 5464 1416 5539; x_wconf 91" lang="ita" dir="ltr" xml:lang="ita">Philadelphus,</span>
            <span class="ocrx_word" id="word_1_453" title="bbox 1444 5466 1538 5522; x_wconf 92" lang="ita" dir="ltr" xml:lang="ita">De</span>
            <span class="ocrx_word" id="word_1_454" title="bbox 1565 5464 1747 5522; x_wconf 98" lang="ita" dir="ltr" xml:lang="ita">sacris</span>
            <span class="ocrx_word" id="word_1_455" title="bbox 1772 5464 2138 5539; x_wconf 98" lang="ita" dir="ltr" xml:lang="ita">imaginibus</span>
            <span class="ocrx_word" id="word_1_456" title="bbox 2164 5464 2522 5532; x_wconf 97" lang="ita" dir="ltr" xml:lang="ita">dissertatio,</span>
            <span class="ocrx_word" id="word_1_457" title="bbox 2549 5464 2901 5532; x_wconf 91" lang="ita" dir="ltr" xml:lang="ita">Florentiae,</span>
            <span class="ocrx_word" id="word_1_458" title="bbox 2928 5464 2990 5521; x_wconf 98" lang="ita" dir="ltr" xml:lang="ita">in</span>
            <span class="ocrx_word" id="word_1_459" title="bbox 3021 5465 3111 5522; x_wconf 98" lang="ita" xml:lang="ita">12.</span>
          </span>
          <span class="ocr_line" id="line_1_40" title="bbox 700 5559 1884 5631; baseline -0.001 -14">
            <span class="ocrx_word" id="word_1_460" title="bbox 700 5560 927 5631; x_wconf 89" lang="ita" dir="ltr" xml:lang="ita">Questa</span>
            <span class="ocrx_word" id="word_1_461" title="bbox 950 5560 983 5617; x_wconf 87" lang="ita" dir="ltr" xml:lang="ita">e</span>
            <span class="ocrx_word" id="word_1_462" title="bbox 1008 5559 1284 5617; x_wconf 97" lang="ita" dir="ltr" xml:lang="ita">dedicata</span>
            <span class="ocrx_word" id="word_1_463" title="bbox 1308 5578 1342 5617; x_wconf 97" lang="ita" dir="ltr" xml:lang="ita">a</span>
            <span class="ocrx_word" id="word_1_464" title="bbox 1366 5559 1671 5617; x_wconf 92" lang="ita" dir="ltr" xml:lang="ita">Giovanni</span>
            <span class="ocrx_word" id="word_1_465" title="bbox 1695 5559 1884 5617; x_wconf 97" lang="ita" dir="ltr" xml:lang="ita">Lami.</span>
          </span>
        </p>
      </div>
      <div class="ocr_carea" id="block_1_15" title="bbox 473 5751 4490 6097">
        <p class="ocr_par" dir="ltr" id="par_1_16" title="bbox 473 5751 4490 6097">
          <span class="ocr_line" id="line_1_41" title="bbox 473 5751 4490 5826; baseline 0 -18">
            <span class="ocrx_word" id="word_1_466" title="bbox 473 5752 655 5810; x_wconf 90" lang="ita" xml:lang="ita">4719.</span>
            <span class="ocrx_word" id="word_1_467" title="bbox 688 5753 1106 5809; x_wconf 85" lang="ita" dir="ltr" xml:lang="ita">MACEDONIO</span>
            <span class="ocrx_word" id="word_1_468" title="bbox 1135 5752 1451 5819; x_wconf 93" lang="ita" dir="ltr" xml:lang="ita">Marcello,</span>
            <span class="ocrx_word" id="word_1_469" title="bbox 1484 5753 1568 5809; x_wconf 97" lang="ita" dir="ltr" xml:lang="ita">Le</span>
            <span class="ocrx_word" id="word_1_470" title="bbox 1598 5770 1756 5809; x_wconf 99" lang="ita" dir="ltr" xml:lang="ita">nove</span>
            <span class="ocrx_word" id="word_1_471" title="bbox 1786 5753 1968 5809; x_wconf 93" lang="ita" dir="ltr" xml:lang="ita">Muse</span>
            <span class="ocrx_word" id="word_1_472" title="bbox 1997 5752 2277 5819; x_wconf 97" lang="ita" dir="ltr" xml:lang="ita">raccolte,</span>
            <span class="ocrx_word" id="word_1_473" title="bbox 2310 5770 2343 5809; x_wconf 99" lang="ita" dir="ltr" xml:lang="ita">e</span>
            <span class="ocrx_word" id="word_1_474" title="bbox 2373 5752 2509 5809; x_wconf 98" lang="ita" dir="ltr" xml:lang="ita">date</span>
            <span class="ocrx_word" id="word_1_475" title="bbox 2540 5752 2655 5809; x_wconf 98" lang="ita" dir="ltr" xml:lang="ita">alle</span>
            <span class="ocrx_word" id="word_1_476" title="bbox 2688 5760 2917 5826; x_wconf 98" lang="ita" dir="ltr" xml:lang="ita">stampe</span>
            <span class="ocrx_word" id="word_1_477" title="bbox 2948 5752 3025 5809; x_wconf 98" lang="ita" dir="ltr" xml:lang="ita">da</span>
            <span class="ocrx_word" id="word_1_478" title="bbox 3052 5751 3248 5809; x_wconf 91" lang="ita" dir="ltr" xml:lang="ita">Pietro</span>
            <span class="ocrx_word" id="word_1_479" title="bbox 3278 5751 3650 5809; x_wconf 93" lang="ita" dir="ltr" xml:lang="ita">Macedonio</span>
            <span class="ocrx_word" id="word_1_480" title="bbox 3683 5770 3791 5809; x_wconf 98" lang="ita" dir="ltr" xml:lang="ita">suo</span>
            <span class="ocrx_word" id="word_1_481" title="bbox 3823 5751 4078 5819; x_wconf 98" lang="ita" dir="ltr" xml:lang="ita">fratello,</span>
            <span class="ocrx_word" id="word_1_482" title="bbox 4110 5751 4352 5826; x_wconf 93" lang="ita" dir="ltr" xml:lang="ita">Napoli,</span>
            <span class="ocrx_word" id="word_1_483" title="bbox 4383 5770 4490 5826; x_wconf 99" lang="ita" dir="ltr" xml:lang="ita">per</span>
          </span>
          <span class="ocr_line" id="line_1_42" title="bbox 698 5847 1657 5922; baseline 0 -18">
            <span class="ocrx_word" id="word_1_484" title="bbox 698 5847 1022 5922; x_wconf 96" lang="ita" dir="ltr" xml:lang="ita">Tarquinio</span>
            <span class="ocrx_word" id="word_1_485" title="bbox 1047 5849 1279 5922; x_wconf 97" lang="ita" dir="ltr" xml:lang="ita">Longo,</span>
            <span class="ocrx_word" id="word_1_486" title="bbox 1314 5847 1489 5915; x_wconf 99" lang="ita" xml:lang="ita">1614,</span>
            <span class="ocrx_word" id="word_1_487" title="bbox 1516 5847 1578 5904; x_wconf 99" lang="ita" dir="ltr" xml:lang="ita">in</span>
            <span class="ocrx_word" id="word_1_488" title="bbox 1605 5848 1657 5905; x_wconf 99" lang="ita" xml:lang="ita">8.</span>
          </span>
          <span class="ocr_line" id="line_1_43" title="bbox 698 5943 4487 6018; baseline 0 -17">
            <span class="ocrx_word" id="word_1_489" title="bbox 698 5943 879 6001; x_wconf 97" lang="ita" dir="ltr" xml:lang="ita">Libro</span>
            <span class="ocrx_word" id="word_1_490" title="bbox 905 5943 966 6001; x_wconf 99" lang="ita" dir="ltr" xml:lang="ita">di</span>
            <span class="ocrx_word" id="word_1_491" title="bbox 989 5943 1200 6018; x_wconf 98" lang="ita" dir="ltr" xml:lang="ita">poesie</span>
            <span class="ocrx_word" id="word_1_492" title="bbox 1225 5943 1286 6001; x_wconf 99" lang="ita" dir="ltr" xml:lang="ita">di</span>
            <span class="ocrx_word" id="word_1_493" title="bbox 1312 5943 1478 6001; x_wconf 97" lang="ita" dir="ltr" xml:lang="ita">vario</span>
            <span class="ocrx_word" id="word_1_494" title="bbox 1505 5962 1723 6018; x_wconf 99" lang="ita" dir="ltr" xml:lang="ita">genere</span>
            <span class="ocrx_word" id="word_1_495" title="bbox 1748 5943 1859 6001; x_wconf 99" lang="ita" dir="ltr" xml:lang="ita">che</span>
            <span class="ocrx_word" id="word_1_496" title="bbox 1884 5962 2007 6001; x_wconf 99" lang="ita" dir="ltr" xml:lang="ita">non</span>
            <span class="ocrx_word" id="word_1_497" title="bbox 2031 5943 2230 6001; x_wconf 98" lang="ita" dir="ltr" xml:lang="ita">hanno</span>
            <span class="ocrx_word" id="word_1_498" title="bbox 2256 5944 2421 6001; x_wconf 97" lang="ita" dir="ltr" xml:lang="ita">nulla</span>
            <span class="ocrx_word" id="word_1_499" title="bbox 2445 5962 2479 6001; x_wconf 97" lang="ita" dir="ltr" xml:lang="ita">a</span>
            <span class="ocrx_word" id="word_1_500" title="bbox 2503 5943 2628 6001; x_wconf 98" lang="ita" dir="ltr" xml:lang="ita">fare</span>
            <span class="ocrx_word" id="word_1_501" title="bbox 2653 5944 2812 6001; x_wconf 99" lang="ita" dir="ltr" xml:lang="ita">colle</span>
            <span class="ocrx_word" id="word_1_502" title="bbox 2836 5962 2994 6001; x_wconf 99" lang="ita" dir="ltr" xml:lang="ita">nove</span>
            <span class="ocrx_word" id="word_1_503" title="bbox 3019 5945 3219 6011; x_wconf 93" lang="ita" dir="ltr" xml:lang="ita">Muse,</span>
            <span class="ocrx_word" id="word_1_504" title="bbox 3250 5962 3313 6001; x_wconf 99" lang="ita" dir="ltr" xml:lang="ita">se</span>
            <span class="ocrx_word" id="word_1_505" title="bbox 3338 5962 3460 6001; x_wconf 99" lang="ita" dir="ltr" xml:lang="ita">non</span>
            <span class="ocrx_word" id="word_1_506" title="bbox 3485 5943 3596 6001; x_wconf 99" lang="ita" dir="ltr" xml:lang="ita">che</span>
            <span class="ocrx_word" id="word_1_507" title="bbox 3622 5952 3831 6018; x_wconf 99" lang="ita" dir="ltr" xml:lang="ita">queste</span>
            <span class="ocrx_word" id="word_1_508" title="bbox 3858 5943 3908 6001; x_wconf 98" lang="ita" dir="ltr" xml:lang="ita">si</span>
            <span class="ocrx_word" id="word_1_509" title="bbox 3932 5952 4183 6001; x_wconf 98" lang="ita" dir="ltr" xml:lang="ita">trovano</span>
            <span class="ocrx_word" id="word_1_510" title="bbox 4208 5943 4399 6001; x_wconf 99" lang="ita" dir="ltr" xml:lang="ita">incise</span>
            <span class="ocrx_word" id="word_1_511" title="bbox 4424 5943 4487 6000; x_wconf 99" lang="ita" dir="ltr" xml:lang="ita">in</span>
          </span>
          <span class="ocr_line" id="line_1_44" title="bbox 700 6039 1943 6097; baseline 0 0">
            <span class="ocrx_word" id="word_1_512" title="bbox 700 6040 1027 6097; x_wconf 97" lang="ita" dir="ltr" xml:lang="ita">altrettante</span>
            <span class="ocrx_word" id="word_1_513" title="bbox 1051 6040 1252 6097; x_wconf 97" lang="ita" dir="ltr" xml:lang="ita">tavole</span>
            <span class="ocrx_word" id="word_1_514" title="bbox 1277 6040 1354 6097; x_wconf 98" lang="ita" dir="ltr" xml:lang="ita">da</span>
            <span class="ocrx_word" id="word_1_515" title="bbox 1376 6039 1576 6097; x_wconf 91" lang="ita" dir="ltr" xml:lang="ita">Felice</span>
            <span class="ocrx_word" id="word_1_516" title="bbox 1600 6040 1943 6097; x_wconf 91" lang="ita" dir="ltr" xml:lang="ita">Padovano.</span>
          </span>
        </p>
      </div>
      <div class="ocr_carea" id="block_1_16" title="bbox 473 6230 4486 6497">
        <p class="ocr_par" dir="ltr" id="par_1_17" title="bbox 473 6230 4486 6497">
          <span class="ocr_line" id="line_1_45" title="bbox 473 6230 4486 6305; baseline 0 -18">
            <span class="ocrx_word" id="word_1_517" title="bbox 473 6231 655 6288; x_wconf 99" lang="ita" xml:lang="ita">4720.</span>
            <span class="ocrx_word" id="word_1_518" title="bbox 704 6232 1004 6288; x_wconf 84" lang="ita" dir="ltr" xml:lang="ita">MANUTII</span>
            <span class="ocrx_word" id="word_1_519" title="bbox 1044 6230 1188 6288; x_wconf 85" lang="ita" dir="ltr" xml:lang="ita">Aldi</span>
            <span class="ocrx_word" id="word_1_520" title="bbox 1233 6230 1402 6288; x_wconf 91" lang="ita" dir="ltr" xml:lang="ita">Pauli</span>
            <span class="ocrx_word" id="word_1_521" title="bbox 1448 6230 1564 6287; x_wconf 98" lang="ita" dir="ltr" xml:lang="ita">filii</span>
            <span class="ocrx_word" id="word_1_522" title="bbox 1610 6230 1754 6288; x_wconf 85" lang="ita" dir="ltr" xml:lang="ita">Aldi</span>
            <span class="ocrx_word" id="word_1_523" title="bbox 1800 6230 2055 6305; x_wconf 99" lang="ita" dir="ltr" xml:lang="ita">nepotis,</span>
            <span class="ocrx_word" id="word_1_524" title="bbox 2103 6232 2197 6288; x_wconf 92" lang="ita" dir="ltr" xml:lang="ita">De</span>
            <span class="ocrx_word" id="word_1_525" title="bbox 2243 6230 2398 6288; x_wconf 99" lang="ita" dir="ltr" xml:lang="ita">falsa</span>
            <span class="ocrx_word" id="word_1_526" title="bbox 2447 6232 2526 6305; x_wconf 93" lang="ita" dir="ltr" xml:lang="ita">[p.</span>
            <span class="ocrx_word" id="word_1_527" title="bbox 2578 6231 2719 6300; x_wconf 91" lang="ita" xml:lang="ita">323]</span>
            <span class="ocrx_word" id="word_1_528" title="bbox 2772 6230 3152 6305; x_wconf 97" lang="ita" dir="ltr" xml:lang="ita">antiquorum</span>
            <span class="ocrx_word" id="word_1_529" title="bbox 3194 6230 3488 6305; x_wconf 99" lang="ita" dir="ltr" xml:lang="ita">religione</span>
            <span class="ocrx_word" id="word_1_530" title="bbox 3535 6231 3730 6305; x_wconf 99" lang="ita" dir="ltr" xml:lang="ita">deque</span>
            <span class="ocrx_word" id="word_1_531" title="bbox 3776 6230 4008 6298; x_wconf 97" lang="ita" dir="ltr" xml:lang="ita">larario,</span>
            <span class="ocrx_word" id="word_1_532" title="bbox 4057 6230 4486 6288; x_wconf 97" lang="ita" dir="ltr" xml:lang="ita">commentatio</span>
          </span>
          <span class="ocr_line" id="line_1_46" title="bbox 698 6326 1875 6394; baseline 0 -10">
            <span class="ocrx_word" id="word_1_533" title="bbox 698 6326 999 6394; x_wconf 96" lang="ita" dir="ltr" xml:lang="ita">historica,</span>
            <span class="ocrx_word" id="word_1_534" title="bbox 1026 6328 1259 6384; x_wconf 93" lang="ita" dir="ltr" xml:lang="ita">Romae</span>
            <span class="ocrx_word" id="word_1_535" title="bbox 1291 6327 1466 6394; x_wconf 98" lang="ita" xml:lang="ita">1773,</span>
            <span class="ocrx_word" id="word_1_536" title="bbox 1493 6326 1555 6383; x_wconf 98" lang="ita" dir="ltr" xml:lang="ita">in</span>
            <span class="ocrx_word" id="word_1_537" title="bbox 1582 6327 1635 6394; x_wconf 96" lang="ita" xml:lang="ita">8,</span>
            <span class="ocrx_word" id="word_1_538" title="bbox 1661 6328 1749 6384; x_wconf 93" lang="ita" dir="ltr" xml:lang="ita">M.</span>
            <span class="ocrx_word" id="word_1_539" title="bbox 1777 6327 1875 6384; x_wconf 99" lang="ita" xml:lang="ita">44.</span>
          </span>
          <span class="ocr_line" id="line_1_47" title="bbox 698 6422 4201 6497; baseline 0 -18">
            <span class="ocrx_word" id="word_1_540" title="bbox 698 6422 1115 6480; x_wconf 85" lang="ita" dir="ltr" xml:lang="ita">L’Amaduzzi</span>
            <span class="ocrx_word" id="word_1_541" title="bbox 1138 6422 1427 6497; x_wconf 92" lang="ita" dir="ltr" xml:lang="ita">pubblicò</span>
            <span class="ocrx_word" id="word_1_542" title="bbox 1453 6423 1511 6480; x_wconf 98" lang="ita" dir="ltr" xml:lang="ita">la</span>
            <span class="ocrx_word" id="word_1_543" title="bbox 1532 6422 1727 6497; x_wconf 98" lang="ita" dir="ltr" xml:lang="ita">prima</span>
            <span class="ocrx_word" id="word_1_544" title="bbox 1750 6423 1914 6480; x_wconf 97" lang="ita" dir="ltr" xml:lang="ita">volta</span>
            <span class="ocrx_word" id="word_1_545" title="bbox 1937 6431 2149 6497; x_wconf 98" lang="ita" dir="ltr" xml:lang="ita">questo</span>
            <span class="ocrx_word" id="word_1_546" title="bbox 2175 6422 2347 6490; x_wconf 96" lang="ita" dir="ltr" xml:lang="ita">libro,</span>
            <span class="ocrx_word" id="word_1_547" title="bbox 2375 6441 2408 6480; x_wconf 99" lang="ita" dir="ltr" xml:lang="ita">e</span>
            <span class="ocrx_word" id="word_1_548" title="bbox 2432 6441 2554 6480; x_wconf 99" lang="ita" dir="ltr" xml:lang="ita">non</span>
            <span class="ocrx_word" id="word_1_549" title="bbox 2578 6423 2638 6480; x_wconf 99" lang="ita" dir="ltr" xml:lang="ita">lo</span>
            <span class="ocrx_word" id="word_1_550" title="bbox 2665 6422 2945 6480; x_wconf 97" lang="ita" dir="ltr" xml:lang="ita">abbiamo</span>
            <span class="ocrx_word" id="word_1_551" title="bbox 2973 6431 3267 6497; x_wconf 97" lang="ita" dir="ltr" xml:lang="ita">stampato</span>
            <span class="ocrx_word" id="word_1_552" title="bbox 3293 6422 3404 6480; x_wconf 99" lang="ita" dir="ltr" xml:lang="ita">che</span>
            <span class="ocrx_word" id="word_1_553" title="bbox 3428 6422 3491 6479; x_wconf 99" lang="ita" dir="ltr" xml:lang="ita">in</span>
            <span class="ocrx_word" id="word_1_554" title="bbox 3514 6422 3739 6480; x_wconf 98" lang="ita" dir="ltr" xml:lang="ita">unione</span>
            <span class="ocrx_word" id="word_1_555" title="bbox 3764 6423 3977 6480; x_wconf 97" lang="ita" dir="ltr" xml:lang="ita">d’altre</span>
            <span class="ocrx_word" id="word_1_556" title="bbox 4002 6441 4201 6497; x_wconf 99" lang="ita" dir="ltr" xml:lang="ita">opere.</span>
          </span>
        </p>
      </div>
      <div class="ocr_carea" id="block_1_17" title="bbox 521 6604 4439 6608">
        <p class="ocr_par" dir="ltr" id="par_1_18" title="bbox 521 6604 4439 6608">
          <span class="ocr_line" id="line_1_48" title="bbox 521 6604 4439 6608; baseline 0 0">
            <span class="ocrx_word" id="word_1_557" title="bbox 521 6604 4439 6608; x_wconf 95" lang="ita" dir="ltr" xml:lang="ita"> </span>
          </span>
        </p>
      </div>
      <div class="ocr_carea" id="block_1_18" title="bbox 2171 6637 2791 6710">
        <p class="ocr_par" dir="ltr" id="par_1_19" title="bbox 2171 6637 2791 6710">
          <span class="ocr_line" id="line_1_49" title="bbox 2171 6637 2791 6710; baseline 0 -16">
            <span class="ocrx_word" id="word_1_558" title="bbox 2171 6657 2347 6694; x_wconf 88" lang="ita" dir="ltr" xml:lang="ita">WWW.</span>
            <span class="ocrx_word" id="word_1_559" title="bbox 2358 6637 2734 6710; x_wconf 78" lang="ita" dir="ltr" xml:lang="ita">memofonte.</span>
            <span class="ocrx_word" id="word_1_560" title="bbox 2748 6639 2791 6694; x_wconf 77" lang="ita" dir="ltr" xml:lang="ita">il</span>
          </span>
        </p>
      </div>
    </div>
  </body>
</html>
