4958 7017
1981 864 2366 922 Fondazione
2390 864 2775 922 Memofonte
2800 865 2976 922 onlus

1390 960 1600 1018 Studio
1624 979 1731 1035 per
1754 960 2226 1018 l’elaborazione
2250 960 2632 1018 informatica
2655 961 2813 1018 delle
2838 960 2991 1018 fonti
3018 960 3571 1018 storico—artistiche

708 1251 823 1320 51.

707 1363 842 1420 Con
865 1381 984 1420 una
1006 1363 1209 1420 tavola
1231 1362 1539 1437 intagliata
1561 1362 1624 1419 in
1646 1381 1828 1420 rame.

475 1558 640 1628 906.
679 1560 1209 1627 DESCRIZIONE
1239 1558 1430 1627 della
1466 1558 1699 1627 strada
1732 1558 1850 1627 del
1886 1558 2280 1648 Sempione
2314 1558 2490 1627 fatta
2523 1558 2868 1627 costruire
2903 1558 3020 1627 dal
3056 1559 3400 1627 Governo
3435 1558 3753 1640 italiano,
3791 1558 3865 1626 in
3900 1558 4334 1627 esecuzione
4369 1558 4487 1627 del

708 1673 995 1742 decreto
1026 1674 1120 1742 20
1150 1673 1551 1742 Fruttidoro
1583 1695 1671 1742 an
1701 1675 1889 1755 VIII,
1922 1673 1996 1741 in
2025 1673 2152 1742 fol.
2185 1673 2324 1763 pic.

708 1785 935 1856 Questa
967 1784 1033 1842 fu
1064 1803 1183 1842 una
1214 1785 1372 1842 delle
1403 1784 1508 1859 più
1540 1784 1764 1859 insigni
1797 1803 1979 1859 opere
2012 1784 2155 1842 fatte
2187 1784 2250 1841 in
2281 1784 2451 1842 Italia
2481 1784 2544 1841 in
2576 1793 2787 1859 questa
2817 1793 3019 1842 nostra
3050 1785 3145 1842 età
3176 1784 3288 1842 che
3321 1784 3716 1842 meriterebbe
3749 1785 4017 1842 d’essere
4049 1784 4340 1842 illustrata
4371 1803 4488 1842 con

706 1889 852 1938 tutta
875 1881 933 1938 la
956 1880 1290 1938 diffusione
1315 1899 1348 1938 e
1373 1881 1431 1938 la
1454 1880 1774 1955 diligenza,
1801 1899 1923 1938 non
1947 1881 2206 1938 essendo
2232 1889 2442 1955 questa
2465 1880 2760 1938 memoria
2783 1880 2894 1938 che
2918 1899 2999 1938 un
3021 1881 3204 1938 breve
3229 1899 3441 1938 cenno.

706 1978 780 2034 N.
808 1978 878 2034 B.
905 1995 1012 2051 per
1034 1995 1229 2034 errore
1253 1985 1550 2034 trascorso
1576 1977 1609 2034 e
1633 1985 1946 2034 mancante
1970 1976 2014 2033 il
2038 1995 2199 2034 num.
2228 1977 2367 2035 907.

479 2191 644 2260 908.
678 2192 933 2259 DIEDO
957 2190 1303 2272 Antonio,
1335 2190 1701 2259 Memoria
1731 2190 1840 2259 sui
1873 2190 2154 2272 soffitti,
2187 2190 2512 2259 Venezia
2548 2191 2756 2272 1804,
2789 2190 2863 2258 in
2896 2191 2959 2272 8,
2991 2192 3097 2259 M.
3133 2191 3247 2259 37.

475 2421 640 2490 909.
687 2422 1200 2489 DOBRZENSKI
1242 2420 1331 2489 de
1372 2420 1601 2510 Nigro
1644 2422 1868 2489 Ponte
1911 2420 2155 2489 Iacobi
2197 2422 2335 2502 W.,
2380 2422 2596 2489 Nova
2637 2431 2706 2489 et
2748 2420 3116 2489 amaenior
3157 2420 3246 2489 de
3290 2420 3739 2489 ammirando
3782 2420 4096 2489 fontium
4138 2420 4353 2510 genio
4398 2442 4487 2489 ex

709 2535 968 2604 abditis
999 2546 1246 2604 natura
1274 2535 1600 2604 claustris
1631 2535 1705 2603 in
1736 2535 1929 2604 orbis
1960 2535 2201 2604 lucem
2230 2546 2560 2604 emanata
2586 2535 3071 2625 philosophia,
3103 2535 3460 2604 Ferrariae
3498 2535 3706 2617 1659,
3740 2535 3814 2603 in
3843 2535 3970 2604 fol.
4004 2535 4130 2625 fig.

706 2646 887 2704 Libro
914 2665 1046 2704 raro
1075 2665 1108 2704 e
1134 2647 1460 2721 pregevole
1488 2646 1838 2704 trovandosi
1868 2646 2204 2721 sviluppate
2232 2655 2377 2704 tutte
2405 2647 2461 2704 le
2489 2646 2676 2704 teorie
2704 2646 3033 2704 idrauliche
3062 2665 3095 2704 e
3122 2646 3508 2704 idrostatiche
3536 2665 3569 2704 e
3597 2655 3743 2704 tutte
3771 2647 3827 2704 le
3853 2646 4119 2721 pratiche
4147 2646 4486 2721 ingegnoso

705 2761 812 2817 per
847 2743 905 2800 la
940 2742 1319 2800 costruzione
1356 2743 1514 2800 delle
1552 2742 1797 2800 fontane
1832 2742 1937 2817 più
1973 2742 2085 2800 che
2122 2761 2244 2800 non
2280 2742 2698 2800 crederebbesi
2734 2742 2796 2799 in
2832 2761 2950 2800 una
2985 2761 3178 2817 epoca
3212 2742 3274 2799 in
3310 2742 3408 2800 cui
3446 2743 3504 2800 la
3539 2742 3717 2800 fisica
3752 2761 3874 2800 non
3911 2761 4102 2800 aveva
4138 2761 4321 2800 ancor
4356 2742 4486 2800 fatti

707 2838 1091 2913 grandissimi
1114 2838 1434 2913 progressi.
1463 2840 1547 2896 Le
1571 2857 1893 2896 numerose
1917 2839 2117 2896 tavole
2141 2838 2447 2913 intagliate
2471 2838 2534 2895 in
2556 2857 2720 2896 rame
2748 2857 2898 2896 sono
2924 2838 3014 2896 fra
3036 2838 3079 2895 il
3103 2847 3274 2896 testo.

479 3054 644 3123 910.
677 3055 1208 3122 EXERCITATIO
1224 3053 1556 3143 juridica,
1588 3053 2014 3143 Antiquaria
2042 3053 2131 3122 de
2160 3053 2800 3143 Agrimensoribus
2831 3055 3348 3135 Romanorum,
3381 3055 3687 3122 Bremae
3725 3054 3933 3135 1771,
3966 3053 4040 3121 in
4073 3054 4136 3135 8,
4168 3055 4274 3122 M.
4308 3054 4424 3122 70.

479 3265 644 3334 911.
676 3266 971 3333 FAUJAS
1004 3264 1093 3333 de
1129 3264 1567 3346 Saint-fond,
1605 3264 2059 3333 Recherches
2098 3286 2215 3333 sur
2247 3264 2317 3333 la
2348 3264 2822 3354 pouzzolane,
2863 3286 2980 3333 sur
3012 3264 3082 3333 la
3112 3264 3386 3333 théorie
3421 3264 3510 3333 de
3544 3264 3614 3333 la
3647 3264 3880 3333 chaux
3916 3275 3985 3333 et
4019 3286 4136 3333 sur
4168 3264 4238 3333 la
4271 3286 4487 3333 cause

708 3379 797 3448 de
826 3379 896 3448 la
924 3379 1168 3448 dureté
1198 3379 1293 3448 du
1322 3379 1634 3461 mortier,
1669 3379 2035 3448 Grenoble
2065 3390 2134 3448 et
2161 3379 2356 3448 Paris
2396 3380 2604 3461 1778,
2637 3379 2711 3447 in
2744 3380 2806 3448 8.

471 3590 636 3659 912.
671 3591 966 3658 FAUJAS
996 3589 1085 3658 de
1119 3589 1557 3671 Saint-fond,
1591 3589 1986 3679 Aggiunto:
2024 3589 2335 3679 Higgins
2369 3589 2851 3679 experiments
2886 3589 3025 3658 and
3056 3589 3556 3658 observations
3589 3589 3801 3658 made
3832 3589 4006 3658 with
4036 3589 4155 3658 the
4186 3589 4375 3658 view
4409 3589 4494 3658 of

707 3704 1119 3794 improving
1147 3704 1266 3773 the
1297 3715 1399 3773 art
1427 3704 1512 3773 of
1535 3704 1969 3794 composing
2000 3704 2139 3773 and
2170 3704 2463 3794 appling
2493 3704 2908 3773 calcareous
2940 3715 3261 3773 cements
3293 3726 3422 3786 ec.,
3455 3704 3763 3773 London
3801 3705 4009 3786 1780,
4042 3704 4116 3772 in
4149 3705 4211 3773 8.

709 3816 873 3873 Sono
900 3815 1089 3873 anche
1115 3815 1382 3890 aggiunti
1406 3815 1469 3872 in
1493 3824 1706 3890 questo
1733 3816 1996 3873 volume:

479 4031 644 4100 913.
683 4032 978 4099 FAUJAS
1012 4030 1102 4099 de
1139 4030 1577 4112 Saint-fond,
1617 4030 1672 4098 Il
1709 4030 2042 4120 catalogo
2079 4030 2193 4099 de’
2238 4030 2571 4112 cammei,
2608 4030 2822 4112 busti,
2861 4030 3223 4120 medaglie
3260 4052 3299 4099 e
3336 4030 3479 4099 anti
3523 4032 3616 4120 [p.
3665 4030 3828 4113 169]
3872 4030 4063 4099 chità
4096 4030 4486 4099 modellate

707 4145 899 4214 nella
930 4145 1254 4214 fabbrica
1286 4145 1358 4214 di
1391 4145 1850 4235 Wedgwood
1883 4167 1922 4214 e
1955 4145 2281 4235 Bentley,
2321 4156 2674 4235 stampato
2709 4145 2827 4214 nel
2869 4146 3054 4215 1779
3089 4145 3163 4213 in
3195 4145 3480 4214 Londra
3512 4167 3551 4214 e
3584 4145 3824 4214 l’altro
3858 4145 4049 4214 della
4081 4145 4487 4214 collezione

708 4260 824 4329 dei
881 4260 1059 4329 zolfi
1117 4260 1382 4329 antichi
1439 4282 1478 4329 e
1533 4260 1860 4329 moderni
1917 4260 2149 4329 cavati
2206 4260 2395 4329 dalle
2452 4282 2741 4350 gemme
2797 4260 2888 4329 da
2940 4262 2976 4329 J
2986 4318 2997 4329 .
3057 4260 3329 4342 Tassie,
3391 4271 3743 4350 stampato
3799 4260 3873 4328 in
3927 4260 4213 4329 Londra
4275 4260 4483 4342 1775,

709 4375 1063 4444 amendue
1092 4375 1166 4443 in
1195 4375 1494 4465 inglese.

479 4587 644 4656 914.
685 4588 797 4655 De
833 4586 904 4655 la
937 4588 1173 4668 FAYE,
1207 4586 1571 4655 Mémoire
1606 4608 1788 4676 pour
1826 4586 2048 4655 servir
2084 4586 2173 4655 de
2213 4586 2395 4655 suite
2433 4608 2572 4655 aux
2608 4586 3029 4655 recherches
3070 4608 3187 4655 sur
3222 4586 3292 4655 la
3325 4586 3778 4676 preparation
3814 4608 3954 4676 que
3991 4586 4096 4655 les
4134 4586 4485 4655 Romains

708 4701 1105 4770 donnoient
1134 4702 1174 4770 à
1201 4701 1271 4770 la
1299 4701 1554 4783 chaux,
1587 4701 1782 4770 Paris
1822 4702 2030 4783 1778,
2064 4723 2153 4770 en
2186 4702 2248 4770 8.

475 4912 640 4982 915.
683 4914 1070 4981 FONTANA
1104 4934 1257 4981 cav.
1302 4912 1541 4994 Carlo,
1583 4912 1996 4981 Utilissimo
2035 4923 2314 4981 trattato
2355 4912 2764 5002 dell’acque
2804 4912 3131 4981 correnti:
3178 4912 3417 4981 diviso
3457 4912 3530 4980 in
3571 4913 3610 4981 3
3654 4912 3838 4994 libri,
3880 4914 4117 4981 Roma
4163 4912 4371 4994 1696,
4414 4912 4488 4980 in

707 5027 834 5096 fol.
868 5027 994 5117 fig.

706 5138 970 5196 Rendesi
999 5147 1180 5196 conto
1210 5138 1271 5196 di
1300 5138 1444 5213 ogni
1473 5138 1695 5213 giuoco
1725 5139 1801 5196 ed
1829 5138 2194 5213 esperienza,
2226 5138 2337 5196 che
2366 5139 2464 5196 col
2493 5157 2703 5196 mezza
2731 5138 3006 5196 dell’aria
3033 5157 3066 5196 e
3095 5139 3193 5196 del
3222 5138 3407 5196 fuoco
3437 5138 3577 5196 vien
3605 5147 3849 5213 operata
3876 5139 4236 5213 dall’acqua:
4270 5157 4303 5196 e
4335 5157 4485 5196 sono

706 5234 994 5292 illustrate
1022 5235 1092 5292 81
1123 5235 1323 5292 tavole
1347 5234 1537 5292 incise
1561 5234 1624 5291 in
1646 5253 1828 5292 rame.

471 5429 636 5499 916.
682 5431 1122 5498 FOURNEAU
1158 5429 1481 5511 Nicolas,
1528 5430 1726 5498 L’art
1767 5429 1862 5498 du
1903 5429 2064 5498 trait
2105 5429 2194 5498 de
2238 5429 2747 5519 charpenterie.
2795 5430 3062 5515 Quatre
3104 5429 3365 5519 parties
3411 5451 3500 5498 en
3542 5451 3639 5498 un
3681 5429 3998 5511 volume,
4044 5429 4262 5511 Paris,
4309 5429 4485 5498 chez

707 5544 952 5626 Didot,
994 5545 1202 5626 1802,
1235 5544 1309 5612 in
1338 5544 1465 5613 fol.
1499 5544 1625 5634 fig.

708 5656 909 5730 Opera
940 5656 1100 5713 nella
1132 5656 1308 5730 quale
1342 5656 1400 5713 la
1432 5655 1680 5713 materia
1711 5655 1731 5712 i
1764 5664 1994 5713 trattata
2027 5655 2428 5730 ampiamente
2465 5656 2732 5713 secondo
2767 5656 2823 5713 le
2856 5656 3143 5713 moderne
3175 5655 3441 5730 pratiche
3475 5674 3508 5713 e
3542 5656 3598 5713 le
3632 5655 3841 5713 ultime
3875 5655 4223 5730 esperienze
4257 5674 4374 5713 con
4410 5656 4484 5713 88

706 5752 906 5809 tavole
930 5751 992 5808 in
1014 5770 1196 5809 rame.

471 5948 636 6017 917.
682 5948 1037 6029 GALLON,
1080 5947 1464 6016 Machines
1508 5958 1577 6016 et
1615 5947 2026 6016 inventions
2070 5948 2517 6037 approuvées
2558 5969 2684 6037 par
2722 5947 3184 6016 l’Academie
3224 5947 3503 6037 Royale
3544 5947 3633 6016 de
3672 5949 3961 6029 France,
4006 5947 4377 6016 dessinées
4420 5958 4490 6016 et

708 6062 1000 6152 copiées
1032 6062 1127 6131 du
1157 6073 1704 6131 consentement
1733 6062 1822 6131 de
1851 6062 2334 6144 l’Académie,
2367 6062 2561 6131 Paris
2593 6062 2688 6131 du
2727 6062 2909 6131 1735
2945 6084 3033 6131 au
3071 6063 3279 6144 1777,
3312 6062 3386 6130 in
3414 6063 3482 6144 4,
3515 6062 3667 6152 fig.,
3699 6062 3880 6131 tomi
3910 6064 3976 6131 7.

706 6174 832 6231 Può
863 6182 1073 6248 questa
1101 6173 1420 6231 chiamarsi
1450 6173 1982 6248 un’enciclopedia
2009 6173 2374 6241 meccanica,
2407 6192 2523 6231 ove
2553 6192 2670 6231 con
2700 6192 2844 6248 gran
2873 6192 3123 6231 numero
3154 6173 3215 6231 di
3244 6174 3444 6231 tavole
3474 6192 3507 6231 e
3537 6173 3598 6231 di
3627 6173 4022 6231 illustrazioni
4054 6173 4103 6231 si
4131 6174 4485 6248 producono

707 6270 763 6327 le
786 6269 891 6344 più
914 6269 1137 6344 insigni
1162 6288 1195 6327 e
1219 6269 1554 6344 ingegnose
1579 6269 1893 6327 macchine
1918 6288 1951 6327 e
1979 6278 2251 6344 scoperte
2275 6269 2405 6327 utili
2431 6270 2506 6327 ad
2530 6269 2673 6344 ogni
2696 6288 2865 6327 ramo
2891 6269 3067 6327 d’arti
3092 6288 3125 6327 e
3150 6269 3211 6327 di
3238 6269 3493 6327 scienze.

2171 6657 2347 6694 WWW.
2358 6637 2734 6710 memofonte.
2748 6639 2791 6694 il
