4958 7017
1981 864 2366 922 Fondazione
2390 864 2775 922 Memofonte
2800 865 2976 922 onlus

1390 960 1600 1018 Studio
1624 979 1731 1035 per
1754 960 2226 1018 l’elaborazione
2250 960 2632 1018 informatica
2655 961 2813 1018 delle
2838 960 2991 1018 fonti
3018 960 3571 1018 storico—artistiche

481 1247 783 1315 Paciaudi,
808 1248 1088 1305 Diatribe
1114 1268 1235 1321 qua
1259 1250 1470 1321 graeci
1492 1247 1824 1321 anaglyphi
1850 1250 2264 1321 interpretatio
2291 1248 2562 1315 traditur,
2590 1247 2771 1306 2690.

481 1391 783 1459 Paciaudi,
808 1394 1205 1449 Monumenta
1228 1391 1656 1465 Peloponesia,
1684 1391 1864 1450 2691.

481 1535 700 1593 Pacchi
724 1537 926 1603 Dom.,
951 1535 1136 1609 Degli
1159 1535 1620 1609 abbigliamenti
1643 1535 1801 1593 delle
1826 1536 2045 1603 donne,
2080 1536 2252 1593 1738.

481 1679 728 1737 Paciolo
753 1681 841 1737 Fr.
869 1681 1049 1747 Luca,
1077 1681 1318 1737 Summa
1343 1680 1418 1737 de
1442 1682 1779 1737 aritmetica
1806 1691 1937 1747 etc.,
1966 1679 2104 1738 591.

481 1822 728 1880 Paciolo
753 1824 841 1880 Fr.
869 1824 1049 1890 Luca,
1074 1825 1299 1880 Divina
1317 1825 1737 1896 proportione,
1767 1823 1903 1880 341.

481 1966 806 2024 Pacichelii
830 1968 860 2024 ]
868 2015 877 2024 .
905 1968 997 2034 B.,
1022 1969 1117 2024 De
1144 1966 1340 2034 larvis,
1372 1967 1447 2024 de
1473 1966 1918 2040 capillamentis
1944 1978 2075 2034 etc.,
2110 1967 2283 2024 1741.

481 2110 806 2168 Pacichelii
830 2112 860 2168 ]
868 2159 877 2168 .
905 2112 997 2178 B.,
1022 2113 1117 2168 De
1144 2110 1503 2168 tintinabulo
1528 2110 1775 2178 nolano,
1809 2111 1982 2168 1742.

481 2256 741 2312 Pacome
768 2255 850 2325 (le
875 2254 1074 2325 ﬁere),
1099 2257 1490 2328 Description
1516 2255 1591 2312 de
1618 2254 1677 2312 la
1706 2257 1958 2328 Trappe,
1985 2254 2165 2312 2076.

481 2397 788 2455 Padovani
812 2399 923 2465 Io.,
948 2400 1043 2455 De
1068 2398 1315 2455 humani
1339 2400 1616 2471 corporis
1633 2400 1901 2471 partium
1925 2398 2496 2471 significationibus,
2524 2397 2704 2455 2451.

481 2541 774 2599 Padredio
800 2542 978 2609 Carl,
1003 2544 1241 2599 Misura
1266 2541 1424 2599 delle
1455 2543 1492 2599 7
1512 2542 1715 2599 chiese
1733 2541 2067 2615 principali
2090 2542 2153 2599 di
2174 2544 2385 2609 Roma,
2415 2542 2593 2599 3808.

481 2685 704 2760 Pagani
730 2685 867 2743 Gio.
895 2685 1023 2753 Fil.,
1048 2688 1129 2743 Le
1147 2688 1372 2759 pitture
1399 2705 1430 2743 e
1455 2685 1623 2743 scult.
1655 2686 1718 2743 di
1739 2686 2029 2753 Modena,
2056 2685 2237 2743 4255.

481 2828 819 2903 Paganiuus
846 2829 1060 2896 Gaud.,
1085 2831 1180 2886 De
1207 2828 1503 2902 evulgatis
1525 2831 1690 2886 Rom.
1720 2831 1862 2902 Imp.
1889 2830 2168 2896 Arcanis,
2203 2829 2375 2886 1743.

481 2972 709 3040 Paillet,
740 2974 866 3030 Cat.
898 2973 978 3030 du
1004 2973 1133 3030 cab.
1165 2973 1240 3030 de
1262 2975 1343 3030 M.
1373 2975 1680 3040 Dutartre,
1707 2972 1889 3030 4567.

481 3116 709 3184 Paillet,
740 3118 866 3174 Cat.
898 3117 1006 3174 des
1032 3116 1317 3174 tableaux
1339 3119 1662 3190 originaux
1684 3117 1791 3174 des
1817 3119 1964 3174 trois
1990 3116 2211 3184 écoles,
2238 3116 2420 3174 4544.

481 3260 709 3328 Paillet,
740 3262 866 3318 Cat.
898 3261 1006 3318 des
1032 3260 1170 3318 tabl.
1203 3263 1351 3334 orig.
1385 3272 1443 3318 et
1463 3261 1736 3318 desseins
1760 3261 1840 3318 du
1866 3261 1996 3318 cab.
2028 3261 2103 3318 de
2126 3263 2207 3318 M.
2243 3262 2304 3318 C.
2336 3263 2427 3328 K.,
2454 3260 2635 3318 4543.

481 3403 709 3471 Paillet,
740 3405 866 3461 Cat.
898 3404 1084 3461 d’une
1110 3403 1434 3461 collection
1451 3405 1791 3477 pre’cieuse,
1818 3403 2000 3461 4536.

481 3547 709 3615 Paillet,
740 3549 866 3605 Cat.
898 3548 1084 3605 d’une
1110 3547 1267 3605 belle
1293 3547 1635 3615 collection,
1662 3547 1843 3605 4535.

481 3691 709 3759 Paillet,
740 3693 866 3749 Cat.
898 3692 978 3749 du
1004 3692 1133 3749 cab.
1165 3692 1240 3749 de
1262 3694 1343 3749 M.
1380 3691 1644 3759 Watelet,
1671 3691 1853 3749 4522.

481 3835 709 3903 Paillet,
740 3837 866 3893 Cat.
898 3836 978 3893 du
1004 3836 1133 3893 cab.
1165 3836 1240 3893 de
1262 3838 1343 3893 M.
1370 3836 1635 3903 Ambert,
1662 3835 1843 3893 4523.

481 3978 709 4046 Paillet,
740 3980 866 4036 Cat.
898 3979 978 4036 du
1004 3979 1133 4036 cab.
1165 3979 1240 4036 de
1266 3978 1404 4036 tabl.
1435 3979 1509 4036 de
1536 3981 1683 4036 trois
1709 3978 1930 4046 écoles,
1957 3978 2139 4036 4524.

481 4122 709 4190 Paillet,
740 4124 866 4180 Cat.
898 4123 978 4180 du
1004 4123 1133 4180 cab.
1165 4123 1240 4180 de
1262 4125 1343 4180 M.
1375 4123 1779 4196 Faudiguere,
1806 4122 1986 4180 4525.

481 4266 709 4334 Paillet,
740 4268 866 4324 Cat.
898 4267 978 4324 du
1004 4267 1133 4324 cab.
1165 4267 1240 4324 de
1262 4269 1343 4324 M.
1377 4266 1431 4324 le
1459 4266 1784 4324 Chevalier
1804 4267 1879 4324 de
1908 4268 1995 4334 C.,
2022 4266 2204 4324 4526.

481 4410 709 4478 Paillet,
740 4412 866 4468 Cat.
898 4411 978 4468 du
1004 4411 1133 4468 cab.
1165 4411 1240 4468 de
1266 4410 1550 4468 tableaux
1572 4411 1647 4468 de
1670 4413 1751 4468 M.
1783 4411 1858 4468 de
1880 4413 1969 4478 B.,
1996 4410 2177 4468 4515.

481 4553 709 4621 Paillet,
740 4555 866 4611 Cat.
898 4554 978 4611 du
1004 4554 1133 4611 cab.
1165 4554 1240 4611 de
1262 4556 1542 4627 Marquis
1566 4554 1641 4611 de
1671 4556 1824 4621 Veri,
1851 4553 2033 4611 4516.

481 4697 709 4765 Paillet,
740 4699 866 4755 Cat.
898 4698 978 4755 du
1004 4698 1133 4755 cab.
1165 4698 1240 4755 de
1262 4700 1343 4755 M.
1375 4698 1450 4755 de
1472 4697 1646 4771 Billy,
1673 4697 1855 4756 4509.

481 4841 709 4909 Paillet,
740 4843 866 4899 Cat.
898 4842 978 4899 du
1004 4842 1133 4899 cab.
1165 4842 1240 4899 de
1262 4844 1343 4899 M.
1385 4843 1514 4909 ***,
1541 4842 1722 4899 4477.

487 5130 565 5203 [p.
594 5128 704 5198 liii]

481 5416 709 5484 Paillet,
740 5418 866 5474 Cat.
898 5417 978 5474 du
1004 5417 1133 5474 cab.
1165 5417 1244 5474 du
1267 5419 1405 5474 Duc
1428 5417 1502 5474 de
1529 5416 1588 5474 la
1618 5416 1873 5484 Valiere,
1900 5416 2081 5474 4486.

481 5559 709 5627 Paillet,
740 5561 866 5617 Cat.
898 5560 978 5617 du
1004 5560 1133 5617 cab.
1165 5560 1240 5617 de
1262 5562 1343 5617 M.
1375 5560 1417 5617 d
1429 5561 1783 5627 ’Arincourt,
1810 5559 1991 5617 4502.

481 5703 709 5771 Paillet,
740 5705 866 5761 Cat.
898 5704 978 5761 du
1004 5704 1133 5761 cab.
1165 5704 1244 5761 du
1273 5705 1482 5761 Comte
1508 5704 1805 5771 Soderini,
1832 5703 2012 5761 4503.

481 5847 709 5915 Paillet,
740 5849 866 5905 Cat.
898 5848 978 5905 du
1004 5848 1133 5905 cab.
1165 5848 1240 5905 de
1262 5850 1343 5905 M.
1377 5847 1431 5905 le
1459 5849 1668 5905 Comte
1693 5848 1768 5905 de
1791 5847 2006 5915 Merle,
2033 5847 2215 5905 4507.

481 5991 709 6059 Paillet,
740 5993 866 6049 Cat.
898 5992 978 6049 du
1004 5992 1133 6049 cab.
1165 5992 1240 6049 de
1262 5994 1343 6049 M.
1375 5992 1450 6049 de
1475 5993 1526 6049 S.
1556 5994 1855 6059 Maurice,
1882 5991 2063 6049 4517.

481 6134 709 6202 Paillet,
740 6136 866 6192 Cat.
898 6135 1084 6192 d’une
1110 6134 1434 6192 collection
1451 6146 1796 6208 provenant
1817 6135 1892 6192 de
1919 6134 2269 6208 l’étranger,
2296 6134 2477 6192 4557.

481 6278 709 6346 Paillet,
740 6280 866 6336 Cat.
898 6279 978 6336 du
1004 6279 1133 6336 cab.
1165 6279 1240 6336 de
1262 6281 1343 6336 M.
1379 6278 1612 6336 Claude
1641 6278 1921 6346 Tolozan,
1947 6278 2128 6336 4562.

481 6422 709 6490 Paillet,
740 6424 866 6480 Cat.
898 6423 978 6480 du
1004 6423 1133 6480 cab.
1165 6423 1240 6480 de
1262 6425 1343 6480 M.
1373 6423 1570 6490 Robit,
1597 6422 1778 6480 4563.

2171 6657 2347 6694 WWW.
2358 6637 2734 6710 memofonte.
2748 6639 2791 6694 it
