<?xml version="1.0" encoding="UTF-8"?>
<!DOCTYPE html PUBLIC "-//W3C//DTD XHTML 1.0 Transitional//EN"
    "http://www.w3.org/TR/xhtml1/DTD/xhtml1-transitional.dtd">
<html xmlns="http://www.w3.org/1999/xhtml" xml:lang="en" lang="en">
 <head>
  <title>
</title>
<meta http-equiv="Content-Type" content="text/html;charset=utf-8" />
  <meta name='ocr-system' content='tesseract 3.04.00' />
  <meta name='ocr-capabilities' content='ocr_page ocr_carea ocr_par ocr_line ocrx_word'/>
</head>
<body>
  <div class='ocr_page' id='page_1' title='image "tess/page67.tif"; bbox 0 0 4958 7017; ppageno 0'>
   <div class='ocr_carea' id='block_1_1' title="bbox 2188 398 2776 754">
    <p class='ocr_par' dir='ltr' id='par_1_1' title="bbox 2188 398 2776 754">
     <span class='ocr_line' id='line_1_1' title="bbox 2188 398 2776 754; baseline 0 6263"><span class='ocrx_word' id='word_1_1' title='bbox 2188 398 2776 754; x_wconf 95' lang='ita' dir='ltr'> </span> 
     </span>
    </p>
   </div>
   <div class='ocr_carea' id='block_1_2' title="bbox 1390 864 3571 1035">
    <p class='ocr_par' dir='ltr' id='par_1_2' title="bbox 1390 864 3571 1035">
     <span class='ocr_line' id='line_1_2' title="bbox 1981 864 2976 922; baseline 0.001 -1"><span class='ocrx_word' id='word_1_2' title='bbox 1981 864 2366 922; x_wconf 80' lang='ita' dir='ltr'>Fondazione</span> <span class='ocrx_word' id='word_1_3' title='bbox 2390 864 2775 922; x_wconf 93' lang='ita' dir='ltr'>Memofonte</span> <span class='ocrx_word' id='word_1_4' title='bbox 2800 865 2976 922; x_wconf 86' lang='ita' dir='ltr'>onlus</span> 
     </span>
     <span class='ocr_line' id='line_1_3' title="bbox 1390 960 3571 1035; baseline 0 -17"><span class='ocrx_word' id='word_1_5' title='bbox 1390 960 1600 1018; x_wconf 89' lang='ita' dir='ltr'>Studio</span> <span class='ocrx_word' id='word_1_6' title='bbox 1624 979 1731 1035; x_wconf 99' lang='ita' dir='ltr'>per</span> <span class='ocrx_word' id='word_1_7' title='bbox 1754 960 2226 1018; x_wconf 98' lang='ita' dir='ltr'>l’elaborazione</span> <span class='ocrx_word' id='word_1_8' title='bbox 2250 960 2632 1018; x_wconf 93' lang='ita' dir='ltr'>informatica</span> <span class='ocrx_word' id='word_1_9' title='bbox 2655 961 2813 1018; x_wconf 98' lang='ita' dir='ltr'>delle</span> <span class='ocrx_word' id='word_1_10' title='bbox 2838 960 2991 1018; x_wconf 93' lang='ita' dir='ltr'>fonti</span> <span class='ocrx_word' id='word_1_11' title='bbox 3018 960 3571 1018; x_wconf 97' lang='ita' dir='ltr'>storico—artistiche</span> 
     </span>
    </p>
   </div>
   <div class='ocr_carea' id='block_1_3' title="bbox 472 1119 4264 1123">
    <p class='ocr_par' dir='ltr' id='par_1_3' title="bbox 472 1119 4264 1123">
     <span class='ocr_line' id='line_1_4' title="bbox 472 1119 4264 1123; baseline 0 0"><span class='ocrx_word' id='word_1_12' title='bbox 472 1119 4264 1123; x_wconf 95' lang='ita' dir='ltr'> </span> 
     </span>
    </p>
   </div>
   <div class='ocr_carea' id='block_1_4' title="bbox 705 1251 4489 1629">
    <p class='ocr_par' dir='ltr' id='par_1_4' title="bbox 708 1251 2009 1333">
     <span class='ocr_line' id='line_1_5' title="bbox 708 1251 2009 1333; baseline 0 -13"><span class='ocrx_word' id='word_1_13' title='bbox 708 1262 777 1320; x_wconf 92' lang='ita' dir='ltr'>et</span> <span class='ocrx_word' id='word_1_14' title='bbox 806 1251 986 1320; x_wconf 90' lang='ita' dir='ltr'>arcis</span> <span class='ocrx_word' id='word_1_15' title='bbox 1018 1251 1440 1333; x_wconf 91' lang='ita' dir='ltr'>condendis,</span> <span class='ocrx_word' id='word_1_16' title='bbox 1473 1251 1762 1320; x_wconf 90' lang='ita' dir='ltr'>Parisiis</span> <span class='ocrx_word' id='word_1_17' title='bbox 1802 1251 2009 1320; x_wconf 98' lang='ita'>1535.</span> 
     </span>
    </p>

    <p class='ocr_par' dir='ltr' id='par_1_5' title="bbox 705 1362 4489 1629">
     <span class='ocr_line' id='line_1_6' title="bbox 706 1362 4489 1437; baseline 0 -17"><span class='ocrx_word' id='word_1_18' title='bbox 706 1364 792 1420; x_wconf 97' lang='ita' dir='ltr'>La</span> <span class='ocrx_word' id='word_1_19' title='bbox 823 1362 1080 1420; x_wconf 80' lang='ita' dir='ltr'>dottrina</span> <span class='ocrx_word' id='word_1_20' title='bbox 1111 1362 1172 1420; x_wconf 99' lang='ita' dir='ltr'>di</span> <span class='ocrx_word' id='word_1_21' title='bbox 1204 1363 1454 1420; x_wconf 85' lang='ita' dir='ltr'>Alberto</span> <span class='ocrx_word' id='word_1_22' title='bbox 1487 1364 1719 1420; x_wconf 93' lang='ita' dir='ltr'>Durero</span> <span class='ocrx_word' id='word_1_23' title='bbox 1753 1371 1949 1420; x_wconf 98' lang='ita' dir='ltr'>estesa</span> <span class='ocrx_word' id='word_1_24' title='bbox 1979 1362 2041 1419; x_wconf 98' lang='ita' dir='ltr'>in</span> <span class='ocrx_word' id='word_1_25' title='bbox 2073 1371 2286 1437; x_wconf 96' lang='ita' dir='ltr'>questo</span> <span class='ocrx_word' id='word_1_26' title='bbox 2320 1362 2473 1420; x_wconf 98' lang='ita' dir='ltr'>libro</span> <span class='ocrx_word' id='word_1_27' title='bbox 2507 1362 2568 1420; x_wconf 99' lang='ita' dir='ltr'>di</span> <span class='ocrx_word' id='word_1_28' title='bbox 2600 1362 2946 1437; x_wconf 80' lang='ita' dir='ltr'>geometria,</span> <span class='ocrx_word' id='word_1_29' title='bbox 2982 1362 3044 1420; x_wconf 93' lang='ita' dir='ltr'>fa</span> <span class='ocrx_word' id='word_1_30' title='bbox 3075 1381 3404 1420; x_wconf 97' lang='ita' dir='ltr'>conoscere</span> <span class='ocrx_word' id='word_1_31' title='bbox 3437 1381 3613 1420; x_wconf 97' lang='ita' dir='ltr'>come</span> <span class='ocrx_word' id='word_1_32' title='bbox 3646 1362 3767 1437; x_wconf 82' lang='ita' dir='ltr'>egli</span> <span class='ocrx_word' id='word_1_33' title='bbox 3802 1381 4024 1437; x_wconf 97' lang='ita' dir='ltr'>sapeva</span> <span class='ocrx_word' id='word_1_34' title='bbox 4056 1362 4382 1437; x_wconf 97' lang='ita' dir='ltr'>applicarla</span> <span class='ocrx_word' id='word_1_35' title='bbox 4414 1363 4489 1420; x_wconf 97' lang='ita' dir='ltr'>ad</span> 
     </span>
     <span class='ocr_line' id='line_1_7' title="bbox 707 1458 4486 1533; baseline 0 -17"><span class='ocrx_word' id='word_1_36' title='bbox 707 1458 850 1533; x_wconf 98' lang='ita' dir='ltr'>ogni</span> <span class='ocrx_word' id='word_1_37' title='bbox 887 1459 1073 1516; x_wconf 98' lang='ita' dir='ltr'>modo</span> <span class='ocrx_word' id='word_1_38' title='bbox 1111 1459 1401 1516; x_wconf 91' lang='ita' dir='ltr'>dell’arte.</span> <span class='ocrx_word' id='word_1_39' title='bbox 1442 1460 1526 1516; x_wconf 97' lang='ita' dir='ltr'>Le</span> <span class='ocrx_word' id='word_1_40' title='bbox 1562 1459 1763 1516; x_wconf 97' lang='ita' dir='ltr'>tavole</span> <span class='ocrx_word' id='word_1_41' title='bbox 1802 1477 1952 1516; x_wconf 98' lang='ita' dir='ltr'>sono</span> <span class='ocrx_word' id='word_1_42' title='bbox 1989 1458 2051 1515; x_wconf 98' lang='ita' dir='ltr'>in</span> <span class='ocrx_word' id='word_1_43' title='bbox 2088 1459 2287 1533; x_wconf 99' lang='ita' dir='ltr'>legno,</span> <span class='ocrx_word' id='word_1_44' title='bbox 2327 1477 2360 1516; x_wconf 99' lang='ita' dir='ltr'>e</span> <span class='ocrx_word' id='word_1_45' title='bbox 2397 1458 2458 1516; x_wconf 99' lang='ita' dir='ltr'>vi</span> <span class='ocrx_word' id='word_1_46' title='bbox 2497 1458 2546 1516; x_wconf 99' lang='ita' dir='ltr'>si</span> <span class='ocrx_word' id='word_1_47' title='bbox 2582 1467 2834 1516; x_wconf 86' lang='ita' dir='ltr'>trovano</span> <span class='ocrx_word' id='word_1_48' title='bbox 2872 1458 2955 1533; x_wconf 99' lang='ita' dir='ltr'>gli</span> <span class='ocrx_word' id='word_1_49' title='bbox 2992 1458 3275 1516; x_wconf 99' lang='ita' dir='ltr'>elementi</span> <span class='ocrx_word' id='word_1_50' title='bbox 3313 1459 3473 1516; x_wconf 98' lang='ita' dir='ltr'>della</span> <span class='ocrx_word' id='word_1_51' title='bbox 3506 1458 3892 1533; x_wconf 86' lang='ita' dir='ltr'>prospettiva,</span> <span class='ocrx_word' id='word_1_52' title='bbox 3932 1458 4390 1526; x_wconf 97' lang='ita' dir='ltr'>dell’obiettiva,</span> <span class='ocrx_word' id='word_1_53' title='bbox 4430 1459 4486 1516; x_wconf 99' lang='ita' dir='ltr'>le</span> 
     </span>
     <span class='ocr_line' id='line_1_8' title="bbox 705 1554 1731 1629; baseline 0.001 -18"><span class='ocrx_word' id='word_1_54' title='bbox 705 1554 1092 1629; x_wconf 85' lang='ita' dir='ltr'>proporzioni</span> <span class='ocrx_word' id='word_1_55' title='bbox 1117 1555 1275 1612; x_wconf 98' lang='ita' dir='ltr'>delle</span> <span class='ocrx_word' id='word_1_56' title='bbox 1300 1555 1504 1612; x_wconf 99' lang='ita' dir='ltr'>lettere</span> <span class='ocrx_word' id='word_1_57' title='bbox 1529 1573 1616 1612; x_wconf 97' lang='ita' dir='ltr'>ec.</span> <span class='ocrx_word' id='word_1_58' title='bbox 1645 1573 1731 1612; x_wconf 97' lang='ita' dir='ltr'>ec.</span> 
     </span>
    </p>
   </div>
   <div class='ocr_carea' id='block_1_5' title="bbox 473 1750 4487 1947">
    <p class='ocr_par' dir='ltr' id='par_1_6' title="bbox 473 1750 4487 1947">
     <span class='ocr_line' id='line_1_9' title="bbox 473 1750 4487 1840; baseline 0 -22"><span class='ocrx_word' id='word_1_59' title='bbox 473 1750 640 1820; x_wconf 99' lang='ita'>496.</span> <span class='ocrx_word' id='word_1_60' title='bbox 683 1752 1021 1819; x_wconf 99' lang='ita' dir='ltr'>ERASMO</span> <span class='ocrx_word' id='word_1_61' title='bbox 1057 1750 1423 1819; x_wconf 84' lang='ita' dir='ltr'>Giovanni</span> <span class='ocrx_word' id='word_1_62' title='bbox 1465 1750 1791 1840; x_wconf 90' lang='ita' dir='ltr'>Giorgio,</span> <span class='ocrx_word' id='word_1_63' title='bbox 1833 1750 2127 1819; x_wconf 91' lang='ita' dir='ltr'>Notizia</span> <span class='ocrx_word' id='word_1_64' title='bbox 2162 1750 2382 1819; x_wconf 89' lang='ita' dir='ltr'>breve</span> <span class='ocrx_word' id='word_1_65' title='bbox 2422 1772 2542 1819; x_wconf 90' lang='ita' dir='ltr'>ma</span> <span class='ocrx_word' id='word_1_66' title='bbox 2578 1750 2948 1840; x_wconf 90' lang='ita' dir='ltr'>ragionata</span> <span class='ocrx_word' id='word_1_67' title='bbox 2987 1772 3026 1819; x_wconf 97' lang='ita' dir='ltr'>e</span> <span class='ocrx_word' id='word_1_68' title='bbox 3065 1750 3605 1819; x_wconf 85' lang='ita' dir='ltr'>fondamentale</span> <span class='ocrx_word' id='word_1_69' title='bbox 3645 1750 3834 1819; x_wconf 97' lang='ita' dir='ltr'>delle</span> <span class='ocrx_word' id='word_1_70' title='bbox 3874 1750 4135 1840; x_wconf 87' lang='ita' dir='ltr'>cinque</span> <span class='ocrx_word' id='word_1_71' title='bbox 4176 1750 4487 1819; x_wconf 87' lang='ita' dir='ltr'>colonne</span> 
     </span>
     <span class='ocr_line' id='line_1_10' title="bbox 708 1865 4486 1947; baseline 0 -13"><span class='ocrx_word' id='word_1_72' title='bbox 708 1865 1130 1934; x_wconf 91' lang='ita' dir='ltr'>conosciute</span> <span class='ocrx_word' id='word_1_73' title='bbox 1171 1865 1363 1934; x_wconf 90' lang='ita' dir='ltr'>nella</span> <span class='ocrx_word' id='word_1_74' title='bbox 1402 1865 1648 1934; x_wconf 88' lang='ita' dir='ltr'>nobile</span> <span class='ocrx_word' id='word_1_75' title='bbox 1692 1876 1835 1934; x_wconf 90' lang='ita' dir='ltr'>arte</span> <span class='ocrx_word' id='word_1_76' title='bbox 1877 1865 2531 1947; x_wconf 90' lang='ita' dir='ltr'>dell’architettura,</span> <span class='ocrx_word' id='word_1_77' title='bbox 2578 1887 2718 1934; x_wconf 95' lang='ita' dir='ltr'>con</span> <span class='ocrx_word' id='word_1_78' title='bbox 2758 1887 2901 1934; x_wconf 91' lang='ita' dir='ltr'>una</span> <span class='ocrx_word' id='word_1_79' title='bbox 2941 1876 3176 1934; x_wconf 90' lang='ita' dir='ltr'>estesa</span> <span class='ocrx_word' id='word_1_80' title='bbox 3215 1865 3606 1934; x_wconf 86' lang='ita' dir='ltr'>istruzione</span> <span class='ocrx_word' id='word_1_81' title='bbox 3648 1887 3860 1934; x_wconf 94' lang='ita' dir='ltr'>come</span> <span class='ocrx_word' id='word_1_82' title='bbox 3904 1887 3980 1934; x_wconf 93' lang='ita' dir='ltr'>se</span> <span class='ocrx_word' id='word_1_83' title='bbox 4021 1887 4111 1934; x_wconf 95' lang='ita' dir='ltr'>ne</span> <span class='ocrx_word' id='word_1_84' title='bbox 4153 1865 4486 1934; x_wconf 90' lang='ita' dir='ltr'>debbano</span> 
     </span>
    </p>
   </div>
   <div class='ocr_carea' id='block_1_6' title="bbox 706 1980 4489 2244">
    <p class='ocr_par' dir='ltr' id='par_1_7' title="bbox 706 1980 4489 2244">
     <span class='ocr_line' id='line_1_11' title="bbox 707 1980 3568 2070; baseline 0 -21"><span class='ocrx_word' id='word_1_85' title='bbox 707 1980 857 2049; x_wconf 90' lang='ita' dir='ltr'>fare</span> <span class='ocrx_word' id='word_1_86' title='bbox 886 1980 909 2048; x_wconf 90' lang='ita' dir='ltr'>i</span> <span class='ocrx_word' id='word_1_87' title='bbox 940 1980 1223 2070; x_wconf 80' lang='ita' dir='ltr'>disegni</span> <span class='ocrx_word' id='word_1_88' title='bbox 1254 2002 1293 2049; x_wconf 97' lang='ita' dir='ltr'>e</span> <span class='ocrx_word' id='word_1_89' title='bbox 1322 1980 1345 2048; x_wconf 90' lang='ita' dir='ltr'>i</span> <span class='ocrx_word' id='word_1_90' title='bbox 1377 1980 1715 2070; x_wconf 86' lang='ita' dir='ltr'>capitelli,</span> <span class='ocrx_word' id='word_1_91' title='bbox 1747 1980 2228 2070; x_wconf 87' lang='ita' dir='ltr'>Norimberga</span> <span class='ocrx_word' id='word_1_92' title='bbox 2258 2002 2476 2049; x_wconf 90' lang='ita' dir='ltr'>senza</span> <span class='ocrx_word' id='word_1_93' title='bbox 2504 1980 2685 2049; x_wconf 90' lang='ita' dir='ltr'>data.</span> <span class='ocrx_word' id='word_1_94' title='bbox 2720 1982 2798 2048; x_wconf 89' lang='ita' dir='ltr'>In</span> <span class='ocrx_word' id='word_1_95' title='bbox 2826 1980 3144 2062; x_wconf 92' lang='ita' dir='ltr'>tedesco,</span> <span class='ocrx_word' id='word_1_96' title='bbox 3177 1980 3251 2048; x_wconf 90' lang='ita' dir='ltr'>in</span> <span class='ocrx_word' id='word_1_97' title='bbox 3280 1980 3407 2049; x_wconf 97' lang='ita' dir='ltr'>fol.</span> <span class='ocrx_word' id='word_1_98' title='bbox 3441 1980 3568 2070; x_wconf 91' lang='ita' dir='ltr'>fig.</span> 
     </span>
     <span class='ocr_line' id='line_1_12' title="bbox 706 2091 4489 2166; baseline 0 -17"><span class='ocrx_word' id='word_1_99' title='bbox 706 2092 823 2149; x_wconf 99' lang='ita' dir='ltr'>Nel</span> <span class='ocrx_word' id='word_1_100' title='bbox 857 2092 1102 2149; x_wconf 88' lang='ita' dir='ltr'>volume</span> <span class='ocrx_word' id='word_1_101' title='bbox 1136 2092 1169 2149; x_wconf 86' lang='ita' dir='ltr'>è</span> <span class='ocrx_word' id='word_1_102' title='bbox 1204 2091 1488 2166; x_wconf 97' lang='ita' dir='ltr'>aggiunta</span> <span class='ocrx_word' id='word_1_103' title='bbox 1520 2110 1638 2149; x_wconf 97' lang='ita' dir='ltr'>una</span> <span class='ocrx_word' id='word_1_104' title='bbox 1670 2110 1992 2149; x_wconf 97' lang='ita' dir='ltr'>numerosa</span> <span class='ocrx_word' id='word_1_105' title='bbox 2027 2091 2178 2149; x_wconf 98' lang='ita' dir='ltr'>serie</span> <span class='ocrx_word' id='word_1_106' title='bbox 2212 2091 2273 2149; x_wconf 99' lang='ita' dir='ltr'>di</span> <span class='ocrx_word' id='word_1_107' title='bbox 2307 2091 2640 2149; x_wconf 97' lang='ita' dir='ltr'>ornamenti</span> <span class='ocrx_word' id='word_1_108' title='bbox 2674 2092 2773 2149; x_wconf 98' lang='ita' dir='ltr'>del</span> <span class='ocrx_word' id='word_1_109' title='bbox 2807 2100 2982 2166; x_wconf 97' lang='ita' dir='ltr'>gusto</span> <span class='ocrx_word' id='word_1_110' title='bbox 3015 2091 3120 2166; x_wconf 88' lang='ita' dir='ltr'>più</span> <span class='ocrx_word' id='word_1_111' title='bbox 3151 2092 3423 2159; x_wconf 97' lang='ita' dir='ltr'>barbaro,</span> <span class='ocrx_word' id='word_1_112' title='bbox 3460 2091 3571 2149; x_wconf 97' lang='ita' dir='ltr'>che</span> <span class='ocrx_word' id='word_1_113' title='bbox 3605 2091 3832 2149; x_wconf 97' lang='ita' dir='ltr'>escisse</span> <span class='ocrx_word' id='word_1_114' title='bbox 3866 2091 3987 2149; x_wconf 97' lang='ita' dir='ltr'>mai</span> <span class='ocrx_word' id='word_1_115' title='bbox 4021 2092 4181 2149; x_wconf 97' lang='ita' dir='ltr'>dalla</span> <span class='ocrx_word' id='word_1_116' title='bbox 4213 2091 4489 2166; x_wconf 97' lang='ita' dir='ltr'>maggior</span> 
     </span>
     <span class='ocr_line' id='line_1_13' title="bbox 707 2186 1391 2244; baseline 0 0"><span class='ocrx_word' id='word_1_117' title='bbox 707 2186 1059 2244; x_wconf 97' lang='ita' dir='ltr'>corruzione</span> <span class='ocrx_word' id='word_1_118' title='bbox 1084 2187 1242 2244; x_wconf 98' lang='ita' dir='ltr'>delle</span> <span class='ocrx_word' id='word_1_119' title='bbox 1268 2186 1391 2244; x_wconf 97' lang='ita' dir='ltr'>arti.</span> 
     </span>
    </p>
   </div>
   <div class='ocr_carea' id='block_1_7' title="bbox 477 2401 4489 2606">
    <p class='ocr_par' dir='ltr' id='par_1_8' title="bbox 477 2401 4489 2606">
     <span class='ocr_line' id='line_1_14' title="bbox 477 2401 4489 2491; baseline 0 -22"><span class='ocrx_word' id='word_1_120' title='bbox 477 2402 644 2471; x_wconf 89' lang='ita'>497.</span> <span class='ocrx_word' id='word_1_121' title='bbox 726 2403 1064 2470; x_wconf 99' lang='ita' dir='ltr'>ERASMO</span> <span class='ocrx_word' id='word_1_122' title='bbox 1139 2401 1444 2491; x_wconf 90' lang='ita' dir='ltr'>Giorgio</span> <span class='ocrx_word' id='word_1_123' title='bbox 1525 2402 1873 2491; x_wconf 90' lang='ita' dir='ltr'>Gasparo,</span> <span class='ocrx_word' id='word_1_124' title='bbox 1957 2401 2301 2470; x_wconf 90' lang='ita' dir='ltr'>cittadino</span> <span class='ocrx_word' id='word_1_125' title='bbox 2381 2401 2453 2470; x_wconf 91' lang='ita' dir='ltr'>di</span> <span class='ocrx_word' id='word_1_126' title='bbox 2531 2401 3031 2491; x_wconf 90' lang='ita' dir='ltr'>Norimberga,</span> <span class='ocrx_word' id='word_1_127' title='bbox 3114 2401 3331 2470; x_wconf 91' lang='ita' dir='ltr'>Libro</span> <span class='ocrx_word' id='word_1_128' title='bbox 3411 2401 3601 2470; x_wconf 97' lang='ita' dir='ltr'>delle</span> <span class='ocrx_word' id='word_1_129' title='bbox 3680 2401 4012 2483; x_wconf 93' lang='ita' dir='ltr'>colonne,</span> <span class='ocrx_word' id='word_1_130' title='bbox 4095 2423 4139 2470; x_wconf 97' lang='ita' dir='ltr'>o</span> <span class='ocrx_word' id='word_1_131' title='bbox 4218 2401 4489 2470; x_wconf 90' lang='ita' dir='ltr'>notizia</span> 
     </span>
     <span class='ocr_line' id='line_1_15' title="bbox 707 2516 4486 2606; baseline 0 -21"><span class='ocrx_word' id='word_1_132' title='bbox 707 2516 1246 2585; x_wconf 85' lang='ita' dir='ltr'>fondamentale</span> <span class='ocrx_word' id='word_1_133' title='bbox 1303 2516 1420 2585; x_wconf 90' lang='ita' dir='ltr'>dei</span> <span class='ocrx_word' id='word_1_134' title='bbox 1478 2516 1739 2606; x_wconf 90' lang='ita' dir='ltr'>cinque</span> <span class='ocrx_word' id='word_1_135' title='bbox 1796 2516 2029 2585; x_wconf 90' lang='ita' dir='ltr'>ordini</span> <span class='ocrx_word' id='word_1_136' title='bbox 2087 2516 2159 2585; x_wconf 91' lang='ita' dir='ltr'>di</span> <span class='ocrx_word' id='word_1_137' title='bbox 2218 2516 2687 2598; x_wconf 90' lang='ita' dir='ltr'>architettura,</span> <span class='ocrx_word' id='word_1_138' title='bbox 2751 2516 3070 2585; x_wconf 93' lang='ita' dir='ltr'>secondo</span> <span class='ocrx_word' id='word_1_139' title='bbox 3127 2538 3217 2585; x_wconf 95' lang='ita' dir='ltr'>ne</span> <span class='ocrx_word' id='word_1_140' title='bbox 3272 2527 3573 2585; x_wconf 90' lang='ita' dir='ltr'>trattano</span> <span class='ocrx_word' id='word_1_141' title='bbox 3630 2518 3736 2585; x_wconf 93' lang='ita' dir='ltr'>M.</span> <span class='ocrx_word' id='word_1_142' title='bbox 3797 2516 4153 2598; x_wconf 87' lang='ita' dir='ltr'>Vitruvio,</span> <span class='ocrx_word' id='word_1_143' title='bbox 4212 2518 4486 2606; x_wconf 82' lang='ita' dir='ltr'>Jacopo</span> 
     </span>
    </p>
   </div>
   <div class='ocr_carea' id='block_1_8' title="bbox 706 2631 4484 2913">
    <p class='ocr_par' dir='ltr' id='par_1_9' title="bbox 706 2631 4484 2913">
     <span class='ocr_line' id='line_1_16' title="bbox 707 2631 4452 2721; baseline 0 -22"><span class='ocrx_word' id='word_1_144' title='bbox 707 2631 1063 2700; x_wconf 89' lang='ita' dir='ltr'>Barozzio</span> <span class='ocrx_word' id='word_1_145' title='bbox 1094 2653 1133 2700; x_wconf 97' lang='ita' dir='ltr'>e</span> <span class='ocrx_word' id='word_1_146' title='bbox 1163 2631 1529 2700; x_wconf 90' lang='ita' dir='ltr'>Giovanni</span> <span class='ocrx_word' id='word_1_147' title='bbox 1559 2631 1872 2700; x_wconf 89' lang='ita' dir='ltr'>Bluman</span> <span class='ocrx_word' id='word_1_148' title='bbox 1902 2631 1992 2700; x_wconf 97' lang='ita' dir='ltr'>ed</span> <span class='ocrx_word' id='word_1_149' title='bbox 2022 2631 2176 2700; x_wconf 90' lang='ita' dir='ltr'>altri</span> <span class='ocrx_word' id='word_1_150' title='bbox 2207 2631 2473 2700; x_wconf 91' lang='ita' dir='ltr'>celebri</span> <span class='ocrx_word' id='word_1_151' title='bbox 2505 2631 2877 2713; x_wconf 90' lang='ita' dir='ltr'>architetti,</span> <span class='ocrx_word' id='word_1_152' title='bbox 2909 2631 3432 2721; x_wconf 90' lang='ita' dir='ltr'>Norimbergae</span> <span class='ocrx_word' id='word_1_153' title='bbox 3470 2631 3678 2713; x_wconf 92' lang='ita'>1667,</span> <span class='ocrx_word' id='word_1_154' title='bbox 3712 2631 3786 2699; x_wconf 90' lang='ita' dir='ltr'>in</span> <span class='ocrx_word' id='word_1_155' title='bbox 3815 2631 3942 2700; x_wconf 97' lang='ita' dir='ltr'>fol.</span> <span class='ocrx_word' id='word_1_156' title='bbox 3976 2631 4102 2721; x_wconf 90' lang='ita' dir='ltr'>fig.</span> <span class='ocrx_word' id='word_1_157' title='bbox 4135 2631 4452 2700; x_wconf 92' lang='ita' dir='ltr'>tedesco.</span> 
     </span>
     <span class='ocr_line' id='line_1_17' title="bbox 706 2742 4484 2817; baseline 0 -17"><span class='ocrx_word' id='word_1_158' title='bbox 706 2744 790 2800; x_wconf 97' lang='ita' dir='ltr'>Le</span> <span class='ocrx_word' id='word_1_159' title='bbox 837 2743 1056 2810; x_wconf 98' lang='ita' dir='ltr'>tavole,</span> <span class='ocrx_word' id='word_1_160' title='bbox 1107 2761 1426 2817; x_wconf 97' lang='ita' dir='ltr'>compreso</span> <span class='ocrx_word' id='word_1_161' title='bbox 1474 2742 1517 2799; x_wconf 99' lang='ita' dir='ltr'>il</span> <span class='ocrx_word' id='word_1_162' title='bbox 1565 2742 1964 2817; x_wconf 93' lang='ita' dir='ltr'>frontispizio,</span> <span class='ocrx_word' id='word_1_163' title='bbox 2014 2742 2320 2817; x_wconf 97' lang='ita' dir='ltr'>intagliate</span> <span class='ocrx_word' id='word_1_164' title='bbox 2367 2742 2430 2799; x_wconf 99' lang='ita' dir='ltr'>in</span> <span class='ocrx_word' id='word_1_165' title='bbox 2475 2761 2657 2810; x_wconf 98' lang='ita' dir='ltr'>rame,</span> <span class='ocrx_word' id='word_1_166' title='bbox 2711 2761 2862 2800; x_wconf 98' lang='ita' dir='ltr'>sono</span> <span class='ocrx_word' id='word_1_167' title='bbox 2910 2743 3009 2810; x_wconf 92' lang='ita'>40,</span> <span class='ocrx_word' id='word_1_168' title='bbox 3060 2743 3158 2800; x_wconf 99' lang='ita' dir='ltr'>del</span> <span class='ocrx_word' id='word_1_169' title='bbox 3206 2751 3380 2817; x_wconf 97' lang='ita' dir='ltr'>gusto</span> <span class='ocrx_word' id='word_1_170' title='bbox 3427 2742 3532 2817; x_wconf 88' lang='ita' dir='ltr'>più</span> <span class='ocrx_word' id='word_1_171' title='bbox 3577 2743 3830 2800; x_wconf 98' lang='ita' dir='ltr'>barbaro</span> <span class='ocrx_word' id='word_1_172' title='bbox 3879 2742 3990 2800; x_wconf 97' lang='ita' dir='ltr'>che</span> <span class='ocrx_word' id='word_1_173' title='bbox 4040 2742 4128 2800; x_wconf 98' lang='ita' dir='ltr'>sia</span> <span class='ocrx_word' id='word_1_174' title='bbox 4172 2742 4484 2817; x_wconf 98' lang='ita' dir='ltr'>possibile,</span> 
     </span>
     <span class='ocr_line' id='line_1_18' title="bbox 707 2838 2371 2913; baseline 0 -17"><span class='ocrx_word' id='word_1_175' title='bbox 707 2847 1091 2913; x_wconf 92' lang='ita' dir='ltr'>quantunque</span> <span class='ocrx_word' id='word_1_176' title='bbox 1116 2839 1174 2896; x_wconf 98' lang='ita' dir='ltr'>la</span> <span class='ocrx_word' id='word_1_177' title='bbox 1199 2838 1440 2896; x_wconf 97' lang='ita' dir='ltr'>scienza</span> <span class='ocrx_word' id='word_1_178' title='bbox 1465 2838 1553 2896; x_wconf 98' lang='ita' dir='ltr'>sia</span> <span class='ocrx_word' id='word_1_179' title='bbox 1575 2839 1722 2896; x_wconf 98' lang='ita' dir='ltr'>tolta</span> <span class='ocrx_word' id='word_1_180' title='bbox 1746 2839 1823 2896; x_wconf 98' lang='ita' dir='ltr'>da</span> <span class='ocrx_word' id='word_1_181' title='bbox 1848 2838 2109 2913; x_wconf 99' lang='ita' dir='ltr'>sorgenti</span> <span class='ocrx_word' id='word_1_182' title='bbox 2136 2838 2185 2896; x_wconf 99' lang='ita' dir='ltr'>si</span> <span class='ocrx_word' id='word_1_183' title='bbox 2208 2857 2371 2913; x_wconf 97' lang='ita' dir='ltr'>pure.</span> 
     </span>
    </p>
   </div>
   <div class='ocr_carea' id='block_1_9' title="bbox 473 3034 3459 3124">
    <p class='ocr_par' dir='ltr' id='par_1_10' title="bbox 473 3034 3459 3124">
     <span class='ocr_line' id='line_1_19' title="bbox 473 3034 3459 3124; baseline 0 -22"><span class='ocrx_word' id='word_1_184' title='bbox 473 3035 640 3104; x_wconf 88' lang='ita'>498.</span> <span class='ocrx_word' id='word_1_185' title='bbox 673 3036 1011 3103; x_wconf 99' lang='ita' dir='ltr'>ERASMO</span> <span class='ocrx_word' id='word_1_186' title='bbox 1037 3034 1342 3124; x_wconf 90' lang='ita' dir='ltr'>Giorgio</span> <span class='ocrx_word' id='word_1_187' title='bbox 1373 3035 1722 3124; x_wconf 90' lang='ita' dir='ltr'>Gasparo,</span> <span class='ocrx_word' id='word_1_188' title='bbox 1754 3034 1961 3103; x_wconf 86' lang='ita' dir='ltr'>Altro</span> <span class='ocrx_word' id='word_1_189' title='bbox 1992 3034 2392 3124; x_wconf 90' lang='ita' dir='ltr'>esemplare</span> <span class='ocrx_word' id='word_1_190' title='bbox 2422 3034 2614 3103; x_wconf 90' lang='ita' dir='ltr'>colla</span> <span class='ocrx_word' id='word_1_191' title='bbox 2642 3034 2805 3103; x_wconf 90' lang='ita' dir='ltr'>data</span> <span class='ocrx_word' id='word_1_192' title='bbox 2833 3034 2950 3103; x_wconf 97' lang='ita' dir='ltr'>del</span> <span class='ocrx_word' id='word_1_193' title='bbox 2988 3034 3196 3116; x_wconf 92' lang='ita'>1672,</span> <span class='ocrx_word' id='word_1_194' title='bbox 3229 3034 3303 3102; x_wconf 90' lang='ita' dir='ltr'>in</span> <span class='ocrx_word' id='word_1_195' title='bbox 3332 3034 3459 3103; x_wconf 97' lang='ita' dir='ltr'>fol.</span> 
     </span>
    </p>
   </div>
   <div class='ocr_carea' id='block_1_10' title="bbox 469 3245 4486 3526">
    <p class='ocr_par' dir='ltr' id='par_1_11' title="bbox 469 3245 4486 3526">
     <span class='ocr_line' id='line_1_20' title="bbox 469 3245 2296 3327; baseline 0.001 -14"><span class='ocrx_word' id='word_1_196' title='bbox 469 3246 636 3315; x_wconf 99' lang='ita'>499.</span> <span class='ocrx_word' id='word_1_197' title='bbox 669 3247 900 3314; x_wconf 89' lang='ita' dir='ltr'>ESSAI</span> <span class='ocrx_word' id='word_1_198' title='bbox 925 3267 1042 3314; x_wconf 91' lang='ita' dir='ltr'>sur</span> <span class='ocrx_word' id='word_1_199' title='bbox 1069 3245 1619 3327; x_wconf 90' lang='ita' dir='ltr'>l’architecture,</span> <span class='ocrx_word' id='word_1_200' title='bbox 1652 3245 1846 3314; x_wconf 90' lang='ita' dir='ltr'>Paris</span> <span class='ocrx_word' id='word_1_201' title='bbox 1886 3245 2094 3327; x_wconf 92' lang='ita'>1753,</span> <span class='ocrx_word' id='word_1_202' title='bbox 2127 3245 2201 3313; x_wconf 90' lang='ita' dir='ltr'>in</span> <span class='ocrx_word' id='word_1_203' title='bbox 2234 3246 2296 3314; x_wconf 88' lang='ita'>8.</span> 
     </span>
     <span class='ocr_line' id='line_1_21' title="bbox 708 3355 4486 3430; baseline -0 -17"><span class='ocrx_word' id='word_1_204' title='bbox 708 3356 992 3430; x_wconf 92' lang='ita' dir='ltr'>Operetta</span> <span class='ocrx_word' id='word_1_205' title='bbox 1032 3355 1188 3413; x_wconf 97' lang='ita' dir='ltr'>assai</span> <span class='ocrx_word' id='word_1_206' title='bbox 1227 3356 1346 3413; x_wconf 99' lang='ita' dir='ltr'>ben</span> <span class='ocrx_word' id='word_1_207' title='bbox 1386 3355 1657 3413; x_wconf 97' lang='ita' dir='ltr'>ordinata</span> <span class='ocrx_word' id='word_1_208' title='bbox 1697 3374 1730 3413; x_wconf 99' lang='ita' dir='ltr'>e</span> <span class='ocrx_word' id='word_1_209' title='bbox 1769 3355 1949 3430; x_wconf 98' lang='ita' dir='ltr'>piena</span> <span class='ocrx_word' id='word_1_210' title='bbox 1988 3355 2049 3413; x_wconf 99' lang='ita' dir='ltr'>di</span> <span class='ocrx_word' id='word_1_211' title='bbox 2090 3355 2312 3423; x_wconf 96' lang='ita' dir='ltr'>critica,</span> <span class='ocrx_word' id='word_1_212' title='bbox 2356 3374 2472 3413; x_wconf 98' lang='ita' dir='ltr'>ove</span> <span class='ocrx_word' id='word_1_213' title='bbox 2513 3356 2571 3413; x_wconf 98' lang='ita' dir='ltr'>la</span> <span class='ocrx_word' id='word_1_214' title='bbox 2610 3355 2736 3413; x_wconf 99' lang='ita' dir='ltr'>veri</span> <span class='ocrx_word' id='word_1_215' title='bbox 2782 3357 2860 3430; x_wconf 93' lang='ita' dir='ltr'>[p.</span> <span class='ocrx_word' id='word_1_216' title='bbox 2908 3356 3074 3425; x_wconf 82' lang='ita' dir='ltr'>89]tà</span> <span class='ocrx_word' id='word_1_217' title='bbox 3113 3356 3146 3413; x_wconf 86' lang='ita' dir='ltr'>è</span> <span class='ocrx_word' id='word_1_218' title='bbox 3189 3355 3526 3430; x_wconf 97' lang='ita' dir='ltr'>sviluppata</span> <span class='ocrx_word' id='word_1_219' title='bbox 3567 3374 3749 3413; x_wconf 97' lang='ita' dir='ltr'>senza</span> <span class='ocrx_word' id='word_1_220' title='bbox 3788 3355 3940 3413; x_wconf 93' lang='ita' dir='ltr'>false</span> <span class='ocrx_word' id='word_1_221' title='bbox 3979 3355 4371 3430; x_wconf 98' lang='ita' dir='ltr'>prevenzioni</span> <span class='ocrx_word' id='word_1_222' title='bbox 4411 3356 4486 3413; x_wconf 87' lang='ita' dir='ltr'>né</span> 
     </span>
     <span class='ocr_line' id='line_1_22' title="bbox 707 3451 1342 3526; baseline 0.002 -18"><span class='ocrx_word' id='word_1_223' title='bbox 707 3451 984 3526; x_wconf 99' lang='ita' dir='ltr'>orgoglio</span> <span class='ocrx_word' id='word_1_224' title='bbox 1009 3451 1342 3509; x_wconf 97' lang='ita' dir='ltr'>nazionale.</span> 
     </span>
    </p>
   </div>
   <div class='ocr_carea' id='block_1_11' title="bbox 475 3647 4487 3852">
    <p class='ocr_par' dir='ltr' id='par_1_12' title="bbox 475 3647 4487 3852">
     <span class='ocr_line' id='line_1_23' title="bbox 475 3647 4487 3737; baseline 0 -21"><span class='ocrx_word' id='word_1_225' title='bbox 475 3647 640 3716; x_wconf 87' lang='ita'>500.</span> <span class='ocrx_word' id='word_1_226' title='bbox 685 3649 1034 3716; x_wconf 89' lang='ita' dir='ltr'>EUCLIDE</span> <span class='ocrx_word' id='word_1_227' title='bbox 1069 3669 1514 3737; x_wconf 90' lang='ita' dir='ltr'>megarense,</span> <span class='ocrx_word' id='word_1_228' title='bbox 1559 3647 1855 3716; x_wconf 91' lang='ita' dir='ltr'>Ridotto</span> <span class='ocrx_word' id='word_1_229' title='bbox 1899 3647 2361 3737; x_wconf 82' lang='ita' dir='ltr'>all’integrità</span> <span class='ocrx_word' id='word_1_230' title='bbox 2399 3669 2526 3737; x_wconf 91' lang='ita' dir='ltr'>per</span> <span class='ocrx_word' id='word_1_231' title='bbox 2565 3647 2617 3715; x_wconf 90' lang='ita' dir='ltr'>il</span> <span class='ocrx_word' id='word_1_232' title='bbox 2659 3647 2898 3737; x_wconf 95' lang='ita' dir='ltr'>degno</span> <span class='ocrx_word' id='word_1_233' title='bbox 2939 3647 3245 3737; x_wconf 85' lang='ita' dir='ltr'>profess.</span> <span class='ocrx_word' id='word_1_234' title='bbox 3291 3647 3560 3716; x_wconf 90' lang='ita' dir='ltr'>Nicolò</span> <span class='ocrx_word' id='word_1_235' title='bbox 3602 3647 3927 3716; x_wconf 90' lang='ita' dir='ltr'>Tartalea</span> <span class='ocrx_word' id='word_1_236' title='bbox 3964 3647 4366 3729; x_wconf 91' lang='ita' dir='ltr'>bresciano,</span> <span class='ocrx_word' id='word_1_237' title='bbox 4412 3647 4487 3715; x_wconf 91' lang='ita' dir='ltr'>in</span> 
     </span>
     <span class='ocr_line' id='line_1_24' title="bbox 707 3762 2802 3852; baseline -0 -21"><span class='ocrx_word' id='word_1_238' title='bbox 707 3762 1032 3831; x_wconf 87' lang='ita' dir='ltr'>Venezia</span> <span class='ocrx_word' id='word_1_239' title='bbox 1058 3784 1184 3852; x_wconf 91' lang='ita' dir='ltr'>per</span> <span class='ocrx_word' id='word_1_240' title='bbox 1211 3762 1263 3830; x_wconf 91' lang='ita' dir='ltr'>il</span> <span class='ocrx_word' id='word_1_241' title='bbox 1292 3762 1693 3831; x_wconf 90' lang='ita' dir='ltr'>Venturino</span> <span class='ocrx_word' id='word_1_242' title='bbox 1723 3762 2129 3844; x_wconf 90' lang='ita' dir='ltr'>Ruffinelli,</span> <span class='ocrx_word' id='word_1_243' title='bbox 2171 3762 2379 3844; x_wconf 93' lang='ita'>1543,</span> <span class='ocrx_word' id='word_1_244' title='bbox 2412 3762 2486 3830; x_wconf 90' lang='ita' dir='ltr'>in</span> <span class='ocrx_word' id='word_1_245' title='bbox 2515 3762 2642 3831; x_wconf 97' lang='ita' dir='ltr'>fol.</span> <span class='ocrx_word' id='word_1_246' title='bbox 2676 3762 2802 3852; x_wconf 90' lang='ita' dir='ltr'>fig.</span> 
     </span>
    </p>
   </div>
   <div class='ocr_carea' id='block_1_12' title="bbox 706 3873 4486 4044">
    <p class='ocr_par' dir='ltr' id='par_1_13' title="bbox 706 3873 4486 4044">
     <span class='ocr_line' id='line_1_25' title="bbox 708 3873 4486 3948; baseline 0 -17"><span class='ocrx_word' id='word_1_247' title='bbox 708 3874 935 3945; x_wconf 89' lang='ita' dir='ltr'>Questa</span> <span class='ocrx_word' id='word_1_248' title='bbox 960 3874 993 3931; x_wconf 87' lang='ita' dir='ltr'>e</span> <span class='ocrx_word' id='word_1_249' title='bbox 1020 3874 1078 3931; x_wconf 98' lang='ita' dir='ltr'>la</span> <span class='ocrx_word' id='word_1_250' title='bbox 1101 3873 1295 3948; x_wconf 98' lang='ita' dir='ltr'>prima</span> <span class='ocrx_word' id='word_1_251' title='bbox 1320 3873 1598 3931; x_wconf 98' lang='ita' dir='ltr'>versione</span> <span class='ocrx_word' id='word_1_252' title='bbox 1625 3873 1686 3931; x_wconf 99' lang='ita' dir='ltr'>di</span> <span class='ocrx_word' id='word_1_253' title='bbox 1712 3873 1963 3931; x_wconf 97' lang='ita' dir='ltr'>Euclide</span> <span class='ocrx_word' id='word_1_254' title='bbox 1990 3873 2101 3931; x_wconf 97' lang='ita' dir='ltr'>che</span> <span class='ocrx_word' id='word_1_255' title='bbox 2126 3873 2503 3948; x_wconf 97' lang='ita' dir='ltr'>ricomparve</span> <span class='ocrx_word' id='word_1_256' title='bbox 2531 3874 2648 3931; x_wconf 97' lang='ita' dir='ltr'>alla</span> <span class='ocrx_word' id='word_1_257' title='bbox 2673 3874 2808 3931; x_wconf 97' lang='ita' dir='ltr'>luce</span> <span class='ocrx_word' id='word_1_258' title='bbox 2836 3873 3025 3931; x_wconf 97' lang='ita' dir='ltr'>anche</span> <span class='ocrx_word' id='word_1_259' title='bbox 3051 3874 3149 3931; x_wconf 99' lang='ita' dir='ltr'>nel</span> <span class='ocrx_word' id='word_1_260' title='bbox 3183 3873 3357 3931; x_wconf 89' lang='ita'>1566.</span> <span class='ocrx_word' id='word_1_261' title='bbox 3387 3875 3471 3931; x_wconf 97' lang='ita' dir='ltr'>Le</span> <span class='ocrx_word' id='word_1_262' title='bbox 3498 3873 3692 3948; x_wconf 93' lang='ita' dir='ltr'>figure</span> <span class='ocrx_word' id='word_1_263' title='bbox 3721 3892 3871 3931; x_wconf 98' lang='ita' dir='ltr'>sono</span> <span class='ocrx_word' id='word_1_264' title='bbox 3898 3873 3960 3930; x_wconf 98' lang='ita' dir='ltr'>in</span> <span class='ocrx_word' id='word_1_265' title='bbox 3986 3874 4166 3948; x_wconf 99' lang='ita' dir='ltr'>legno</span> <span class='ocrx_word' id='word_1_266' title='bbox 4193 3873 4486 3948; x_wconf 98' lang='ita' dir='ltr'>impresse</span> 
     </span>
     <span class='ocr_line' id='line_1_26' title="bbox 706 3969 3248 4044; baseline 0 -18"><span class='ocrx_word' id='word_1_267' title='bbox 706 3969 804 4027; x_wconf 99' lang='ita' dir='ltr'>nei</span> <span class='ocrx_word' id='word_1_268' title='bbox 829 3969 1084 4044; x_wconf 98' lang='ita' dir='ltr'>margini</span> <span class='ocrx_word' id='word_1_269' title='bbox 1109 3970 1267 4027; x_wconf 98' lang='ita' dir='ltr'>delle</span> <span class='ocrx_word' id='word_1_270' title='bbox 1290 3969 1527 4044; x_wconf 99' lang='ita' dir='ltr'>pagine.</span> <span class='ocrx_word' id='word_1_271' title='bbox 1555 3969 1848 4027; x_wconf 97' lang='ita' dir='ltr'>Edizione</span> <span class='ocrx_word' id='word_1_272' title='bbox 1875 3978 2167 4044; x_wconf 97' lang='ita' dir='ltr'>stampata</span> <span class='ocrx_word' id='word_1_273' title='bbox 2190 3988 2307 4027; x_wconf 97' lang='ita' dir='ltr'>con</span> <span class='ocrx_word' id='word_1_274' title='bbox 2332 3978 2717 4027; x_wconf 97' lang='ita' dir='ltr'>accuratezza</span> <span class='ocrx_word' id='word_1_275' title='bbox 2740 3969 2802 4026; x_wconf 98' lang='ita' dir='ltr'>in</span> <span class='ocrx_word' id='word_1_276' title='bbox 2826 3970 2947 4027; x_wconf 88' lang='ita'>240</span> <span class='ocrx_word' id='word_1_277' title='bbox 2973 3969 3248 4044; x_wconf 93' lang='ita' dir='ltr'>foglietti.</span> 
     </span>
    </p>
   </div>
   <div class='ocr_carea' id='block_1_13' title="bbox 475 4184 4487 4496">
    <p class='ocr_par' dir='ltr' id='par_1_14' title="bbox 475 4184 4487 4496">
     <span class='ocr_line' id='line_1_27' title="bbox 475 4184 4481 4274; baseline 0 -21"><span class='ocrx_word' id='word_1_278' title='bbox 475 4184 640 4253; x_wconf 98' lang='ita'>501.</span> <span class='ocrx_word' id='word_1_279' title='bbox 682 4186 841 4252; x_wconf 84' lang='ita' dir='ltr'>EEA</span> <span class='ocrx_word' id='word_1_280' title='bbox 876 4184 1179 4269; x_wconf 90' lang='ita' dir='ltr'>(Carlo),</span> <span class='ocrx_word' id='word_1_281' title='bbox 1221 4186 1556 4274; x_wconf 90' lang='ita' dir='ltr'>Progetto</span> <span class='ocrx_word' id='word_1_282' title='bbox 1594 4206 1720 4274; x_wconf 91' lang='ita' dir='ltr'>per</span> <span class='ocrx_word' id='word_1_283' title='bbox 1755 4206 1899 4253; x_wconf 90' lang='ita' dir='ltr'>una</span> <span class='ocrx_word' id='word_1_284' title='bbox 1935 4206 2177 4253; x_wconf 90' lang='ita' dir='ltr'>nuova</span> <span class='ocrx_word' id='word_1_285' title='bbox 2215 4184 2549 4253; x_wconf 90' lang='ita' dir='ltr'>edizione</span> <span class='ocrx_word' id='word_1_286' title='bbox 2588 4184 3223 4253; x_wconf 90' lang='ita' dir='ltr'>dell’architettura</span> <span class='ocrx_word' id='word_1_287' title='bbox 3261 4184 3333 4253; x_wconf 91' lang='ita' dir='ltr'>di</span> <span class='ocrx_word' id='word_1_288' title='bbox 3372 4184 3729 4266; x_wconf 87' lang='ita' dir='ltr'>Vitruvio,</span> <span class='ocrx_word' id='word_1_289' title='bbox 3771 4186 4008 4253; x_wconf 91' lang='ita' dir='ltr'>Roma</span> <span class='ocrx_word' id='word_1_290' title='bbox 4053 4185 4261 4266; x_wconf 88' lang='ita'>1788,</span> <span class='ocrx_word' id='word_1_291' title='bbox 4303 4184 4377 4252; x_wconf 90' lang='ita' dir='ltr'>in</span> <span class='ocrx_word' id='word_1_292' title='bbox 4419 4185 4481 4253; x_wconf 88' lang='ita'>8.</span> 
     </span>
     <span class='ocr_line' id='line_1_28' title="bbox 706 4299 4487 4389; baseline -0 -21"><span class='ocrx_word' id='word_1_293' title='bbox 706 4299 1157 4389; x_wconf 86' lang='ita' dir='ltr'>Aggiuntovi</span> <span class='ocrx_word' id='word_1_294' title='bbox 1199 4299 1251 4367; x_wconf 90' lang='ita' dir='ltr'>il</span> <span class='ocrx_word' id='word_1_295' title='bbox 1292 4299 1681 4368; x_wconf 90' lang='ita' dir='ltr'>manifesto</span> <span class='ocrx_word' id='word_1_296' title='bbox 1725 4299 2308 4368; x_wconf 90' lang='ita' dir='ltr'>d’associazione</span> <span class='ocrx_word' id='word_1_297' title='bbox 2348 4321 2475 4389; x_wconf 91' lang='ita' dir='ltr'>per</span> <span class='ocrx_word' id='word_1_298' title='bbox 2514 4299 2584 4368; x_wconf 91' lang='ita' dir='ltr'>la</span> <span class='ocrx_word' id='word_1_299' title='bbox 2625 4299 2860 4368; x_wconf 90' lang='ita' dir='ltr'>Storia</span> <span class='ocrx_word' id='word_1_300' title='bbox 2900 4299 3089 4368; x_wconf 97' lang='ita' dir='ltr'>delle</span> <span class='ocrx_word' id='word_1_301' title='bbox 3129 4299 3287 4368; x_wconf 85' lang='ita' dir='ltr'>Arti</span> <span class='ocrx_word' id='word_1_302' title='bbox 3330 4299 3447 4368; x_wconf 97' lang='ita' dir='ltr'>del</span> <span class='ocrx_word' id='word_1_303' title='bbox 3488 4299 3817 4389; x_wconf 90' lang='ita' dir='ltr'>Disegno</span> <span class='ocrx_word' id='word_1_304' title='bbox 3860 4299 3932 4368; x_wconf 90' lang='ita' dir='ltr'>di</span> <span class='ocrx_word' id='word_1_305' title='bbox 3973 4299 4487 4368; x_wconf 85' lang='ita' dir='ltr'>Winkelmann</span> 
     </span>
     <span class='ocr_line' id='line_1_29' title="bbox 707 4414 2178 4496; baseline 0.001 -14"><span class='ocrx_word' id='word_1_306' title='bbox 707 4414 882 4483; x_wconf 90' lang='ita' dir='ltr'>fatta</span> <span class='ocrx_word' id='word_1_307' title='bbox 909 4414 983 4482; x_wconf 90' lang='ita' dir='ltr'>in</span> <span class='ocrx_word' id='word_1_308' title='bbox 1012 4416 1249 4483; x_wconf 91' lang='ita' dir='ltr'>Roma</span> <span class='ocrx_word' id='word_1_309' title='bbox 1285 4415 1493 4496; x_wconf 88' lang='ita'>1782,</span> <span class='ocrx_word' id='word_1_310' title='bbox 1526 4414 1600 4482; x_wconf 90' lang='ita' dir='ltr'>in</span> <span class='ocrx_word' id='word_1_311' title='bbox 1633 4415 1696 4496; x_wconf 93' lang='ita'>8,</span> <span class='ocrx_word' id='word_1_312' title='bbox 1728 4416 1834 4483; x_wconf 93' lang='ita' dir='ltr'>M.</span> <span class='ocrx_word' id='word_1_313' title='bbox 1869 4414 1963 4483; x_wconf 88' lang='ita'>62</span> <span class='ocrx_word' id='word_1_314' title='bbox 1994 4436 2033 4483; x_wconf 97' lang='ita' dir='ltr'>e</span> <span class='ocrx_word' id='word_1_315' title='bbox 2064 4415 2178 4483; x_wconf 98' lang='ita'>31.</span> 
     </span>
    </p>
   </div>
   <div class='ocr_carea' id='block_1_14' title="bbox 475 4622 4486 4944">
    <p class='ocr_par' dir='ltr' id='par_1_15' title="bbox 475 4622 4486 4944">
     <span class='ocr_line' id='line_1_30' title="bbox 475 4622 4486 4714; baseline 0 -22"><span class='ocrx_word' id='word_1_316' title='bbox 475 4624 640 4693; x_wconf 98' lang='ita'>502.</span> <span class='ocrx_word' id='word_1_317' title='bbox 679 4622 1059 4706; x_wconf 88' lang='ita' dir='ltr'>FÉLIBIEN,</span> <span class='ocrx_word' id='word_1_318' title='bbox 1093 4626 1242 4693; x_wconf 93' lang='ita' dir='ltr'>Des</span> <span class='ocrx_word' id='word_1_319' title='bbox 1278 4624 1640 4714; x_wconf 91' lang='ita' dir='ltr'>principes</span> <span class='ocrx_word' id='word_1_320' title='bbox 1678 4624 1767 4693; x_wconf 97' lang='ita' dir='ltr'>de</span> <span class='ocrx_word' id='word_1_321' title='bbox 1802 4624 2351 4706; x_wconf 90' lang='ita' dir='ltr'>l’architecture,</span> <span class='ocrx_word' id='word_1_322' title='bbox 2391 4624 2480 4693; x_wconf 97' lang='ita' dir='ltr'>de</span> <span class='ocrx_word' id='word_1_323' title='bbox 2516 4624 2586 4693; x_wconf 91' lang='ita' dir='ltr'>la</span> <span class='ocrx_word' id='word_1_324' title='bbox 2622 4624 3002 4714; x_wconf 90' lang='ita' dir='ltr'>sculpture,</span> <span class='ocrx_word' id='word_1_325' title='bbox 3042 4624 3131 4693; x_wconf 97' lang='ita' dir='ltr'>de</span> <span class='ocrx_word' id='word_1_326' title='bbox 3166 4624 3236 4693; x_wconf 91' lang='ita' dir='ltr'>la</span> <span class='ocrx_word' id='word_1_327' title='bbox 3268 4624 3592 4714; x_wconf 90' lang='ita' dir='ltr'>peinture</span> <span class='ocrx_word' id='word_1_328' title='bbox 3628 4635 3697 4693; x_wconf 92' lang='ita' dir='ltr'>et</span> <span class='ocrx_word' id='word_1_329' title='bbox 3731 4624 3857 4693; x_wconf 93' lang='ita' dir='ltr'>des</span> <span class='ocrx_word' id='word_1_330' title='bbox 3896 4635 4126 4693; x_wconf 90' lang='ita' dir='ltr'>autres</span> <span class='ocrx_word' id='word_1_331' title='bbox 4165 4635 4324 4706; x_wconf 90' lang='ita' dir='ltr'>arts,</span> <span class='ocrx_word' id='word_1_332' title='bbox 4363 4624 4486 4714; x_wconf 91' lang='ita' dir='ltr'>qui</span> 
     </span>
     <span class='ocr_line' id='line_1_31' title="bbox 708 4739 4484 4829; baseline 0 -21"><span class='ocrx_word' id='word_1_333' title='bbox 708 4761 797 4808; x_wconf 95' lang='ita' dir='ltr'>en</span> <span class='ocrx_word' id='word_1_334' title='bbox 850 4739 1277 4829; x_wconf 86' lang='ita' dir='ltr'>dependent,</span> <span class='ocrx_word' id='word_1_335' title='bbox 1335 4761 1510 4808; x_wconf 90' lang='ita' dir='ltr'>avec</span> <span class='ocrx_word' id='word_1_336' title='bbox 1562 4761 1659 4808; x_wconf 95' lang='ita' dir='ltr'>un</span> <span class='ocrx_word' id='word_1_337' title='bbox 1713 4739 2135 4808; x_wconf 90' lang='ita' dir='ltr'>dictionaire</span> <span class='ocrx_word' id='word_1_338' title='bbox 2188 4739 2314 4808; x_wconf 93' lang='ita' dir='ltr'>des</span> <span class='ocrx_word' id='word_1_339' title='bbox 2367 4750 2629 4808; x_wconf 91' lang='ita' dir='ltr'>termes</span> <span class='ocrx_word' id='word_1_340' title='bbox 2682 4761 2976 4829; x_wconf 91' lang='ita' dir='ltr'>propres</span> <span class='ocrx_word' id='word_1_341' title='bbox 3032 4740 3072 4808; x_wconf 83' lang='ita' dir='ltr'><strong>à</strong></span> <span class='ocrx_word' id='word_1_342' title='bbox 3124 4739 3446 4808; x_wconf 90' lang='ita' dir='ltr'>chacune</span> <span class='ocrx_word' id='word_1_343' title='bbox 3499 4739 3588 4808; x_wconf 97' lang='ita' dir='ltr'>de</span> <span class='ocrx_word' id='word_1_344' title='bbox 3641 4761 3763 4808; x_wconf 93' lang='ita' dir='ltr'>ces</span> <span class='ocrx_word' id='word_1_345' title='bbox 3819 4750 3978 4821; x_wconf 90' lang='ita' dir='ltr'>arts,</span> <span class='ocrx_word' id='word_1_346' title='bbox 4034 4739 4251 4821; x_wconf 90' lang='ita' dir='ltr'>Paris,</span> <span class='ocrx_word' id='word_1_347' title='bbox 4308 4739 4484 4808; x_wconf 95' lang='ita' dir='ltr'>chez</span> 
     </span>
     <span class='ocr_line' id='line_1_32' title="bbox 708 4854 1700 4944; baseline -0.001 -21"><span class='ocrx_word' id='word_1_348' title='bbox 708 4854 1095 4944; x_wconf 90' lang='ita' dir='ltr'>Coignard,</span> <span class='ocrx_word' id='word_1_349' title='bbox 1137 4854 1323 4924; x_wconf 98' lang='ita'>1690</span> <span class='ocrx_word' id='word_1_350' title='bbox 1355 4876 1444 4923; x_wconf 95' lang='ita' dir='ltr'>en</span> <span class='ocrx_word' id='word_1_351' title='bbox 1472 4855 1540 4936; x_wconf 93' lang='ita'>4,</span> <span class='ocrx_word' id='word_1_352' title='bbox 1573 4854 1700 4944; x_wconf 90' lang='ita' dir='ltr'>fig.</span> 
     </span>
    </p>
   </div>
   <div class='ocr_carea' id='block_1_15' title="bbox 705 4965 4487 5232">
    <p class='ocr_par' dir='ltr' id='par_1_16' title="bbox 705 4965 4487 5232">
     <span class='ocr_line' id='line_1_33' title="bbox 706 4965 4486 5040; baseline 0 -18"><span class='ocrx_word' id='word_1_353' title='bbox 706 4966 1054 5040; x_wconf 97' lang='ita' dir='ltr'>Esemplare</span> <span class='ocrx_word' id='word_1_354' title='bbox 1096 4965 1429 5040; x_wconf 94' lang='ita' dir='ltr'>magnifico</span> <span class='ocrx_word' id='word_1_355' title='bbox 1471 4965 1534 5022; x_wconf 99' lang='ita' dir='ltr'>in</span> <span class='ocrx_word' id='word_1_356' title='bbox 1575 4984 1718 5023; x_wconf 97' lang='ita' dir='ltr'>mar.</span> <span class='ocrx_word' id='word_1_357' title='bbox 1765 4966 1890 5023; x_wconf 99' lang='ita' dir='ltr'>dor.</span> <span class='ocrx_word' id='word_1_358' title='bbox 1936 4966 2096 5023; x_wconf 98' lang='ita' dir='ltr'>della</span> <span class='ocrx_word' id='word_1_359' title='bbox 2134 4965 2463 5023; x_wconf 97' lang='ita' dir='ltr'>biblioteca</span> <span class='ocrx_word' id='word_1_360' title='bbox 2503 4965 2564 5023; x_wconf 99' lang='ita' dir='ltr'>di</span> <span class='ocrx_word' id='word_1_361' title='bbox 2606 4966 2854 5023; x_wconf 90' lang='ita' dir='ltr'>Colbert</span> <span class='ocrx_word' id='word_1_362' title='bbox 2894 4965 2991 5023; x_wconf 97' lang='ita' dir='ltr'>cui</span> <span class='ocrx_word' id='word_1_363' title='bbox 3034 4984 3228 5023; x_wconf 98' lang='ita' dir='ltr'>venne</span> <span class='ocrx_word' id='word_1_364' title='bbox 3271 4966 3505 5040; x_wconf 97' lang='ita' dir='ltr'>l’opera</span> <span class='ocrx_word' id='word_1_365' title='bbox 3544 4965 3858 5033; x_wconf 90' lang='ita' dir='ltr'>intitolata;</span> <span class='ocrx_word' id='word_1_366' title='bbox 3903 4984 4020 5023; x_wconf 97' lang='ita' dir='ltr'>con</span> <span class='ocrx_word' id='word_1_367' title='bbox 4062 4965 4137 5023; x_wconf 95' lang='ita'>65</span> <span class='ocrx_word' id='word_1_368' title='bbox 4182 4966 4383 5023; x_wconf 97' lang='ita' dir='ltr'>tavole</span> <span class='ocrx_word' id='word_1_369' title='bbox 4425 4965 4486 5023; x_wconf 99' lang='ita' dir='ltr'>di</span> 
     </span>
     <span class='ocr_line' id='line_1_34' title="bbox 705 5061 4487 5136; baseline 0 -17"><span class='ocrx_word' id='word_1_370' title='bbox 705 5061 1044 5119; x_wconf 98' lang='ita' dir='ltr'>bellissimo</span> <span class='ocrx_word' id='word_1_371' title='bbox 1072 5061 1322 5136; x_wconf 98' lang='ita' dir='ltr'>intaglio</span> <span class='ocrx_word' id='word_1_372' title='bbox 1351 5080 1384 5119; x_wconf 99' lang='ita' dir='ltr'>e</span> <span class='ocrx_word' id='word_1_373' title='bbox 1412 5062 1468 5119; x_wconf 99' lang='ita' dir='ltr'>le</span> <span class='ocrx_word' id='word_1_374' title='bbox 1496 5061 1760 5136; x_wconf 98' lang='ita' dir='ltr'>vignette</span> <span class='ocrx_word' id='word_1_375' title='bbox 1787 5061 1977 5119; x_wconf 97' lang='ita' dir='ltr'>incise</span> <span class='ocrx_word' id='word_1_376' title='bbox 2005 5062 2082 5119; x_wconf 98' lang='ita' dir='ltr'>da</span> <span class='ocrx_word' id='word_1_377' title='bbox 2108 5062 2164 5119; x_wconf 99' lang='ita' dir='ltr'>le</span> <span class='ocrx_word' id='word_1_378' title='bbox 2192 5062 2385 5119; x_wconf 90' lang='ita' dir='ltr'>Clerc.</span> <span class='ocrx_word' id='word_1_379' title='bbox 2416 5063 2483 5118; x_wconf 90' lang='ita' dir='ltr'>In</span> <span class='ocrx_word' id='word_1_380' title='bbox 2509 5070 2653 5119; x_wconf 97' lang='ita' dir='ltr'>tutte</span> <span class='ocrx_word' id='word_1_381' title='bbox 2681 5062 2737 5119; x_wconf 99' lang='ita' dir='ltr'>le</span> <span class='ocrx_word' id='word_1_382' title='bbox 2766 5080 2948 5136; x_wconf 99' lang='ita' dir='ltr'>opere</span> <span class='ocrx_word' id='word_1_383' title='bbox 2975 5061 3036 5119; x_wconf 99' lang='ita' dir='ltr'>di</span> <span class='ocrx_word' id='word_1_384' title='bbox 3063 5070 3275 5136; x_wconf 96' lang='ita' dir='ltr'>questo</span> <span class='ocrx_word' id='word_1_385' title='bbox 3305 5070 3508 5119; x_wconf 97' lang='ita' dir='ltr'>autore</span> <span class='ocrx_word' id='word_1_386' title='bbox 3537 5061 3674 5119; x_wconf 97' lang='ita' dir='ltr'>avvi</span> <span class='ocrx_word' id='word_1_387' title='bbox 3702 5080 3821 5119; x_wconf 97' lang='ita' dir='ltr'>una</span> <span class='ocrx_word' id='word_1_388' title='bbox 3847 5061 4187 5136; x_wconf 97' lang='ita' dir='ltr'>giudiziosa</span> <span class='ocrx_word' id='word_1_389' title='bbox 4215 5062 4400 5119; x_wconf 97' lang='ita' dir='ltr'>scelta</span> <span class='ocrx_word' id='word_1_390' title='bbox 4426 5061 4487 5119; x_wconf 99' lang='ita' dir='ltr'>di</span> 
     </span>
     <span class='ocr_line' id='line_1_35' title="bbox 707 5157 2602 5232; baseline 0.001 -18"><span class='ocrx_word' id='word_1_391' title='bbox 707 5157 1072 5232; x_wconf 96' lang='ita' dir='ltr'>cognizioni,</span> <span class='ocrx_word' id='word_1_392' title='bbox 1100 5176 1133 5215; x_wconf 99' lang='ita' dir='ltr'>e</span> <span class='ocrx_word' id='word_1_393' title='bbox 1158 5158 1347 5215; x_wconf 99' lang='ita' dir='ltr'>molto</span> <span class='ocrx_word' id='word_1_394' title='bbox 1373 5166 1549 5232; x_wconf 97' lang='ita' dir='ltr'>gusto</span> <span class='ocrx_word' id='word_1_395' title='bbox 1576 5157 1765 5215; x_wconf 97' lang='ita' dir='ltr'>anche</span> <span class='ocrx_word' id='word_1_396' title='bbox 1789 5158 1949 5215; x_wconf 98' lang='ita' dir='ltr'>nella</span> <span class='ocrx_word' id='word_1_397' title='bbox 1972 5157 2239 5215; x_wconf 98' lang='ita' dir='ltr'>maniera</span> <span class='ocrx_word' id='word_1_398' title='bbox 2262 5157 2323 5215; x_wconf 99' lang='ita' dir='ltr'>di</span> <span class='ocrx_word' id='word_1_399' title='bbox 2348 5158 2602 5232; x_wconf 99' lang='ita' dir='ltr'>esporle.</span> 
     </span>
    </p>
   </div>
   <div class='ocr_carea' id='block_1_16' title="bbox 475 5372 4483 5569">
    <p class='ocr_par' dir='ltr' id='par_1_17' title="bbox 475 5372 4483 5569">
     <span class='ocr_line' id='line_1_36' title="bbox 475 5372 4483 5462; baseline 0 -21"><span class='ocrx_word' id='word_1_400' title='bbox 475 5372 640 5441; x_wconf 98' lang='ita'>503.</span> <span class='ocrx_word' id='word_1_401' title='bbox 693 5374 1095 5441; x_wconf 89' lang='ita' dir='ltr'>FERROGIO</span> <span class='ocrx_word' id='word_1_402' title='bbox 1140 5372 1563 5454; x_wconf 91' lang='ita' dir='ltr'>Benedetto,</span> <span class='ocrx_word' id='word_1_403' title='bbox 1616 5372 2053 5441; x_wconf 83' lang='ita' dir='ltr'>Dell’utilità</span> <span class='ocrx_word' id='word_1_404' title='bbox 2101 5372 2191 5441; x_wconf 97' lang='ita' dir='ltr'>ed</span> <span class='ocrx_word' id='word_1_405' title='bbox 2241 5372 2740 5462; x_wconf 90' lang='ita' dir='ltr'>applicazione</span> <span class='ocrx_word' id='word_1_406' title='bbox 2790 5372 2979 5441; x_wconf 97' lang='ita' dir='ltr'>delle</span> <span class='ocrx_word' id='word_1_407' title='bbox 3028 5372 3562 5441; x_wconf 90' lang='ita' dir='ltr'>mattematiche</span> <span class='ocrx_word' id='word_1_408' title='bbox 3613 5372 4197 5441; x_wconf 90' lang='ita' dir='ltr'>all’architettura</span> <span class='ocrx_word' id='word_1_409' title='bbox 4245 5372 4483 5454; x_wconf 91' lang='ita' dir='ltr'>civile,</span> 
     </span>
     <span class='ocr_line' id='line_1_37' title="bbox 707 5487 1423 5569; baseline 0.001 -14"><span class='ocrx_word' id='word_1_410' title='bbox 707 5487 974 5556; x_wconf 90' lang='ita' dir='ltr'>Torino</span> <span class='ocrx_word' id='word_1_411' title='bbox 1013 5488 1221 5569; x_wconf 93' lang='ita'>1788,</span> <span class='ocrx_word' id='word_1_412' title='bbox 1254 5487 1328 5555; x_wconf 89' lang='ita' dir='ltr'>in</span> <span class='ocrx_word' id='word_1_413' title='bbox 1361 5488 1423 5556; x_wconf 99' lang='ita'>8.</span> 
     </span>
    </p>
   </div>
   <div class='ocr_carea' id='block_1_17' title="bbox 471 5698 4489 6307">
    <p class='ocr_par' dir='ltr' id='par_1_18' title="bbox 471 5698 4489 6133">
     <span class='ocr_line' id='line_1_38' title="bbox 471 5698 4489 5788; baseline 0 -22"><span class='ocrx_word' id='word_1_414' title='bbox 471 5698 636 5767; x_wconf 98' lang='ita'>504.</span> <span class='ocrx_word' id='word_1_415' title='bbox 672 5700 982 5780; x_wconf 88' lang='ita' dir='ltr'>FICHER,</span> <span class='ocrx_word' id='word_1_416' title='bbox 1013 5698 1226 5767; x_wconf 91' lang='ita' dir='ltr'>Livre</span> <span class='ocrx_word' id='word_1_417' title='bbox 1259 5698 1809 5767; x_wconf 90' lang='ita' dir='ltr'>d’architecture</span> <span class='ocrx_word' id='word_1_418' title='bbox 1842 5709 2228 5767; x_wconf 90' lang='ita' dir='ltr'>contenant</span> <span class='ocrx_word' id='word_1_419' title='bbox 2258 5698 2363 5767; x_wconf 93' lang='ita' dir='ltr'>les</span> <span class='ocrx_word' id='word_1_420' title='bbox 2395 5698 2753 5767; x_wconf 77' lang='ita' dir='ltr'>bàtimens</span> <span class='ocrx_word' id='word_1_421' title='bbox 2789 5698 3114 5788; x_wconf 90' lang='ita' dir='ltr'>antiques</span> <span class='ocrx_word' id='word_1_422' title='bbox 3148 5698 3387 5767; x_wconf 91' lang='ita' dir='ltr'>moins</span> <span class='ocrx_word' id='word_1_423' title='bbox 3422 5720 3721 5780; x_wconf 93' lang='ita' dir='ltr'>connus,</span> <span class='ocrx_word' id='word_1_424' title='bbox 3758 5720 3941 5767; x_wconf 77' lang='ita' dir='ltr'>ceux</span> <span class='ocrx_word' id='word_1_425' title='bbox 3975 5698 4101 5767; x_wconf 93' lang='ita' dir='ltr'>des</span> <span class='ocrx_word' id='word_1_426' title='bbox 4137 5698 4384 5767; x_wconf 90' lang='ita' dir='ltr'>arabes</span> <span class='ocrx_word' id='word_1_427' title='bbox 4419 5709 4489 5767; x_wconf 92' lang='ita' dir='ltr'>et</span> 
     </span>
     <span class='ocr_line' id='line_1_39' title="bbox 708 5813 4487 5903; baseline 0 -21"><span class='ocrx_word' id='word_1_428' title='bbox 708 5813 834 5882; x_wconf 93' lang='ita' dir='ltr'>des</span> <span class='ocrx_word' id='word_1_429' title='bbox 881 5824 1196 5903; x_wconf 86' lang='ita' dir='ltr'>turques;</span> <span class='ocrx_word' id='word_1_430' title='bbox 1246 5813 1774 5882; x_wconf 90' lang='ita' dir='ltr'>l’architecture</span> <span class='ocrx_word' id='word_1_431' title='bbox 1819 5835 2171 5903; x_wconf 90' lang='ita' dir='ltr'>persanne</span> <span class='ocrx_word' id='word_1_432' title='bbox 2218 5824 2287 5882; x_wconf 92' lang='ita' dir='ltr'>et</span> <span class='ocrx_word' id='word_1_433' title='bbox 2331 5813 2680 5903; x_wconf 93' lang='ita' dir='ltr'>quelques</span> <span class='ocrx_word' id='word_1_434' title='bbox 2727 5813 3084 5882; x_wconf 76' lang='ita' dir='ltr'>bàtimens</span> <span class='ocrx_word' id='word_1_435' title='bbox 3134 5813 3327 5882; x_wconf 90' lang='ita' dir='ltr'>aussi</span> <span class='ocrx_word' id='word_1_436' title='bbox 3375 5813 3464 5882; x_wconf 97' lang='ita' dir='ltr'>de</span> <span class='ocrx_word' id='word_1_437' title='bbox 3510 5813 3945 5882; x_wconf 90' lang='ita' dir='ltr'>l’invention</span> <span class='ocrx_word' id='word_1_438' title='bbox 3992 5824 4061 5882; x_wconf 92' lang='ita' dir='ltr'>et</span> <span class='ocrx_word' id='word_1_439' title='bbox 4106 5813 4351 5882; x_wconf 91' lang='ita' dir='ltr'>dessin</span> <span class='ocrx_word' id='word_1_440' title='bbox 4398 5813 4487 5882; x_wconf 97' lang='ita' dir='ltr'>de</span> 
     </span>
     <span class='ocr_line' id='line_1_40' title="bbox 707 5928 4487 6018; baseline -0 -21"><span class='ocrx_word' id='word_1_441' title='bbox 707 5928 1015 5997; x_wconf 90' lang='ita' dir='ltr'>l’auteur</span> <span class='ocrx_word' id='word_1_442' title='bbox 1046 5950 1222 5997; x_wconf 90' lang='ita' dir='ltr'>avec</span> <span class='ocrx_word' id='word_1_443' title='bbox 1255 5928 1575 5997; x_wconf 91' lang='ita' dir='ltr'>diverses</span> <span class='ocrx_word' id='word_1_444' title='bbox 1608 5950 1819 5997; x_wconf 90' lang='ita' dir='ltr'>vases</span> <span class='ocrx_word' id='word_1_445' title='bbox 1854 5928 2179 6018; x_wconf 90' lang='ita' dir='ltr'>antiques</span> <span class='ocrx_word' id='word_1_446' title='bbox 2213 5939 2282 5997; x_wconf 92' lang='ita' dir='ltr'>et</span> <span class='ocrx_word' id='word_1_447' title='bbox 2311 5928 2660 6018; x_wconf 93' lang='ita' dir='ltr'>quelques</span> <span class='ocrx_word' id='word_1_448' title='bbox 2692 5950 2826 5997; x_wconf 93' lang='ita' dir='ltr'>uns</span> <span class='ocrx_word' id='word_1_449' title='bbox 2860 5928 3316 5997; x_wconf 90' lang='ita' dir='ltr'>d’invention</span> <span class='ocrx_word' id='word_1_450' title='bbox 3348 5928 3437 5997; x_wconf 97' lang='ita' dir='ltr'>de</span> <span class='ocrx_word' id='word_1_451' title='bbox 3468 5928 3795 6010; x_wconf 90' lang='ita' dir='ltr'>l’auteur,</span> <span class='ocrx_word' id='word_1_452' title='bbox 3839 5928 4021 5997; x_wconf 98' lang='ita'>1623</span> <span class='ocrx_word' id='word_1_453' title='bbox 4057 5928 4378 6018; x_wconf 90' lang='ita' dir='ltr'>Leipzig,</span> <span class='ocrx_word' id='word_1_454' title='bbox 4413 5928 4487 5996; x_wconf 90' lang='ita' dir='ltr'>in</span> 
     </span>
     <span class='ocr_line' id='line_1_41' title="bbox 707 6043 2775 6133; baseline 0 -21"><span class='ocrx_word' id='word_1_455' title='bbox 707 6043 834 6112; x_wconf 97' lang='ita' dir='ltr'>fol.</span> <span class='ocrx_word' id='word_1_456' title='bbox 869 6043 1162 6133; x_wconf 93' lang='ita' dir='ltr'>oblong,</span> <span class='ocrx_word' id='word_1_457' title='bbox 1195 6043 1322 6133; x_wconf 91' lang='ita' dir='ltr'>fig.</span> <span class='ocrx_word' id='word_1_458' title='bbox 1357 6043 1474 6112; x_wconf 97' lang='ita' dir='ltr'>col</span> <span class='ocrx_word' id='word_1_459' title='bbox 1502 6054 1687 6112; x_wconf 92' lang='ita' dir='ltr'>testo</span> <span class='ocrx_word' id='word_1_460' title='bbox 1718 6043 2046 6112; x_wconf 90' lang='ita' dir='ltr'>francese</span> <span class='ocrx_word' id='word_1_461' title='bbox 2076 6065 2115 6112; x_wconf 97' lang='ita' dir='ltr'>e</span> <span class='ocrx_word' id='word_1_462' title='bbox 2143 6043 2461 6125; x_wconf 92' lang='ita' dir='ltr'>tedesco,</span> <span class='ocrx_word' id='word_1_463' title='bbox 2494 6043 2656 6112; x_wconf 91' lang='ita' dir='ltr'>libri</span> <span class='ocrx_word' id='word_1_464' title='bbox 2687 6045 2775 6112; x_wconf 99' lang='ita' dir='ltr'>V.</span> 
     </span>
    </p>

    <p class='ocr_par' dir='ltr' id='par_1_19' title="bbox 708 6154 4485 6307">
     <span class='ocr_line' id='line_1_42' title="bbox 708 6154 4485 6229; baseline 0 -17"><span class='ocrx_word' id='word_1_465' title='bbox 708 6155 1112 6229; x_wconf 89' lang='ita' dir='ltr'>Quest’opera</span> <span class='ocrx_word' id='word_1_466' title='bbox 1147 6163 1424 6229; x_wconf 97' lang='ita' dir='ltr'>presenta</span> <span class='ocrx_word' id='word_1_467' title='bbox 1460 6154 1870 6229; x_wconf 97' lang='ita' dir='ltr'>un’indigesta</span> <span class='ocrx_word' id='word_1_468' title='bbox 1905 6154 2181 6212; x_wconf 97' lang='ita' dir='ltr'>riunione</span> <span class='ocrx_word' id='word_1_469' title='bbox 2220 6154 2281 6212; x_wconf 99' lang='ita' dir='ltr'>di</span> <span class='ocrx_word' id='word_1_470' title='bbox 2320 6173 2502 6229; x_wconf 99' lang='ita' dir='ltr'>opere</span> <span class='ocrx_word' id='word_1_471' title='bbox 2540 6154 2970 6212; x_wconf 93' lang='ita' dir='ltr'>infedelmente</span> <span class='ocrx_word' id='word_1_472' title='bbox 3008 6163 3176 6212; x_wconf 97' lang='ita' dir='ltr'>tratte</span> <span class='ocrx_word' id='word_1_473' title='bbox 3215 6155 3292 6212; x_wconf 98' lang='ita' dir='ltr'>da</span> <span class='ocrx_word' id='word_1_474' title='bbox 3330 6154 3459 6212; x_wconf 98' lang='ita' dir='ltr'>altri</span> <span class='ocrx_word' id='word_1_475' title='bbox 3498 6173 3531 6212; x_wconf 99' lang='ita' dir='ltr'>e</span> <span class='ocrx_word' id='word_1_476' title='bbox 3569 6154 3631 6211; x_wconf 98' lang='ita' dir='ltr'>in</span> <span class='ocrx_word' id='word_1_477' title='bbox 3667 6163 3832 6229; x_wconf 97' lang='ita' dir='ltr'>parte</span> <span class='ocrx_word' id='word_1_478' title='bbox 3873 6163 4120 6229; x_wconf 98' lang='ita' dir='ltr'>sognate</span> <span class='ocrx_word' id='word_1_479' title='bbox 4159 6155 4236 6212; x_wconf 98' lang='ita' dir='ltr'>da</span> <span class='ocrx_word' id='word_1_480' title='bbox 4273 6163 4485 6229; x_wconf 96' lang='ita' dir='ltr'>questo</span> 
     </span>
     <span class='ocr_line' id='line_1_43' title="bbox 708 6249 1034 6307; baseline 0.003 -1"><span class='ocrx_word' id='word_1_481' title='bbox 708 6249 1034 6307; x_wconf 97' lang='ita' dir='ltr'>architetto.</span> 
     </span>
    </p>
   </div>
   <div class='ocr_carea' id='block_1_18' title="bbox 706 6345 4487 6516">
    <p class='ocr_par' dir='ltr' id='par_1_20' title="bbox 706 6345 4487 6516">
     <span class='ocr_line' id='line_1_44' title="bbox 706 6345 4486 6420; baseline 0 -17"><span class='ocrx_word' id='word_1_482' title='bbox 706 6347 759 6402; x_wconf 90' lang='ita' dir='ltr'>II</span> <span class='ocrx_word' id='word_1_483' title='bbox 810 6354 988 6403; x_wconf 98' lang='ita' dir='ltr'>trarre</span> <span class='ocrx_word' id='word_1_484' title='bbox 1040 6345 1138 6403; x_wconf 97' lang='ita' dir='ltr'>dai</span> <span class='ocrx_word' id='word_1_485' title='bbox 1188 6345 1454 6403; x_wconf 97' lang='ita' dir='ltr'>racconti</span> <span class='ocrx_word' id='word_1_486' title='bbox 1506 6346 1666 6403; x_wconf 98' lang='ita' dir='ltr'>della</span> <span class='ocrx_word' id='word_1_487' title='bbox 1718 6345 1899 6403; x_wconf 98' lang='ita' dir='ltr'>storia</span> <span class='ocrx_word' id='word_1_488' title='bbox 1949 6345 2157 6403; x_wconf 93' lang='ita' dir='ltr'>edifici</span> <span class='ocrx_word' id='word_1_489' title='bbox 2210 6345 2271 6403; x_wconf 99' lang='ita' dir='ltr'>di</span> <span class='ocrx_word' id='word_1_490' title='bbox 2323 6345 2420 6403; x_wconf 97' lang='ita' dir='ltr'>cui</span> <span class='ocrx_word' id='word_1_491' title='bbox 2472 6364 2595 6403; x_wconf 99' lang='ita' dir='ltr'>non</span> <span class='ocrx_word' id='word_1_492' title='bbox 2644 6354 2882 6403; x_wconf 97' lang='ita' dir='ltr'>restano</span> <span class='ocrx_word' id='word_1_493' title='bbox 2934 6345 3153 6403; x_wconf 97' lang='ita' dir='ltr'>traccie</span> <span class='ocrx_word' id='word_1_494' title='bbox 3205 6364 3238 6403; x_wconf 99' lang='ita' dir='ltr'>e</span> <span class='ocrx_word' id='word_1_495' title='bbox 3291 6364 3475 6420; x_wconf 97' lang='ita' dir='ltr'>opera</span> <span class='ocrx_word' id='word_1_496' title='bbox 3525 6345 3636 6403; x_wconf 97' lang='ita' dir='ltr'>che</span> <span class='ocrx_word' id='word_1_497' title='bbox 3688 6345 3855 6420; x_wconf 98' lang='ita' dir='ltr'>esige</span> <span class='ocrx_word' id='word_1_498' title='bbox 3907 6345 4146 6403; x_wconf 93' lang='ita' dir='ltr'>infinita</span> <span class='ocrx_word' id='word_1_499' title='bbox 4196 6345 4403 6403; x_wconf 97' lang='ita' dir='ltr'>critica</span> <span class='ocrx_word' id='word_1_500' title='bbox 4453 6364 4486 6403; x_wconf 99' lang='ita' dir='ltr'>e</span> 
     </span>
     <span class='ocr_line' id='line_1_45' title="bbox 707 6441 4487 6516; baseline 0 -17"><span class='ocrx_word' id='word_1_501' title='bbox 707 6441 1202 6516; x_wconf 97' lang='ita' dir='ltr'>l’imaginazione</span> <span class='ocrx_word' id='word_1_502' title='bbox 1232 6460 1354 6499; x_wconf 99' lang='ita' dir='ltr'>non</span> <span class='ocrx_word' id='word_1_503' title='bbox 1381 6442 1568 6509; x_wconf 96' lang='ita' dir='ltr'>basta,</span> <span class='ocrx_word' id='word_1_504' title='bbox 1603 6441 2032 6516; x_wconf 97' lang='ita' dir='ltr'>specialmente</span> <span class='ocrx_word' id='word_1_505' title='bbox 2062 6442 2303 6516; x_wconf 96' lang='ita' dir='ltr'>quando</span> <span class='ocrx_word' id='word_1_506' title='bbox 2333 6460 2455 6499; x_wconf 99' lang='ita' dir='ltr'>non</span> <span class='ocrx_word' id='word_1_507' title='bbox 2484 6442 2517 6499; x_wconf 87' lang='ita' dir='ltr'>e</span> <span class='ocrx_word' id='word_1_508' title='bbox 2545 6450 2734 6516; x_wconf 97' lang='ita' dir='ltr'>punto</span> <span class='ocrx_word' id='word_1_509' title='bbox 2765 6441 3007 6516; x_wconf 97' lang='ita' dir='ltr'>guidata</span> <span class='ocrx_word' id='word_1_510' title='bbox 3035 6442 3133 6499; x_wconf 97' lang='ita' dir='ltr'>dal</span> <span class='ocrx_word' id='word_1_511' title='bbox 3164 6450 3357 6516; x_wconf 97' lang='ita' dir='ltr'>gusto.</span> <span class='ocrx_word' id='word_1_512' title='bbox 3391 6441 3687 6499; x_wconf 90' lang='ita' dir='ltr'>Contiene</span> <span class='ocrx_word' id='word_1_513' title='bbox 3717 6441 3760 6498; x_wconf 99' lang='ita' dir='ltr'>il</span> <span class='ocrx_word' id='word_1_514' title='bbox 3790 6442 4035 6499; x_wconf 97' lang='ita' dir='ltr'>volume</span> <span class='ocrx_word' id='word_1_515' title='bbox 4068 6442 4144 6499; x_wconf 97' lang='ita'>84</span> <span class='ocrx_word' id='word_1_516' title='bbox 4174 6442 4393 6509; x_wconf 98' lang='ita' dir='ltr'>tavole,</span> <span class='ocrx_word' id='word_1_517' title='bbox 4426 6441 4487 6499; x_wconf 99' lang='ita' dir='ltr'>di</span> 
     </span>
    </p>
   </div>
   <div class='ocr_carea' id='block_1_19' title="bbox 521 6604 4439 6608">
    <p class='ocr_par' dir='ltr' id='par_1_21' title="bbox 521 6604 4439 6608">
     <span class='ocr_line' id='line_1_46' title="bbox 521 6604 4439 6608; baseline 0 0"><span class='ocrx_word' id='word_1_518' title='bbox 521 6604 4439 6608; x_wconf 95' lang='ita' dir='ltr'> </span> 
     </span>
    </p>
   </div>
   <div class='ocr_carea' id='block_1_20' title="bbox 2171 6637 2791 6710">
    <p class='ocr_par' dir='ltr' id='par_1_22' title="bbox 2171 6637 2791 6710">
     <span class='ocr_line' id='line_1_47' title="bbox 2171 6637 2791 6710; baseline 0 -16"><span class='ocrx_word' id='word_1_519' title='bbox 2171 6657 2347 6694; x_wconf 88' lang='ita' dir='ltr'>WWW.</span> <span class='ocrx_word' id='word_1_520' title='bbox 2358 6637 2734 6710; x_wconf 78' lang='ita' dir='ltr'>memofonte.</span> <span class='ocrx_word' id='word_1_521' title='bbox 2748 6639 2791 6694; x_wconf 77' lang='ita' dir='ltr'>il</span> 
     </span>
    </p>
   </div>
  </div>
 </body>
</html>
