4958 7017
1981 864 2366 922 Fondazione
2390 864 2775 922 Memofonte
2800 865 2976 922 onlus

1390 960 1600 1018 Studio
1624 979 1731 1035 per
1754 960 2226 1018 l’elaborazione
2250 960 2632 1018 informatica
2655 961 2813 1018 delle
2838 960 2991 1018 fonti
3018 960 3571 1018 storico—artistiche

711 1249 795 1305 Le
819 1248 1020 1305 tavole
1044 1247 1106 1304 in
1130 1247 1612 1322 quest’edizione
1636 1247 1892 1305 trovami
1917 1248 2106 1305 molto
2132 1248 2341 1322 logore
2364 1266 2471 1322 per
2495 1266 2635 1305 aver
2660 1247 2879 1305 servito
2906 1248 3021 1305 alle
3044 1247 3406 1322 precedenti.

479 1463 686 1531 1732.
726 1464 1083 1544 NICOLAI,
1123 1462 1529 1531 Recerches
1566 1462 2000 1552 historiques
2041 1484 2158 1531 sur
2192 1462 2477 1552 l’usage
2514 1462 2640 1531 des
2685 1464 2778 1552 [p.
2820 1463 2991 1545 299]
3036 1462 3363 1531 cheveux
3399 1462 3788 1552 postiches,
3829 1473 3898 1531 et
3933 1462 4059 1531 des
4096 1484 4486 1552 perruques

713 1577 889 1646 dans
920 1577 1025 1646 les
1055 1588 1239 1646 tems
1272 1577 1586 1659 anciens,
1621 1588 1690 1646 et
1717 1577 2122 1659 modernes,
2157 1578 2197 1646 à
2224 1577 2442 1659 Paris,
2476 1599 2565 1646 en
2598 1578 2661 1659 8,
2693 1577 2953 1646 traduit
2981 1577 3070 1646 de
3099 1577 3542 1646 l’allemand.

712 1689 847 1746 Con
871 1689 987 1746 due
1013 1688 1221 1763 grandi
1245 1689 1445 1746 tavole
1469 1688 1512 1745 il
1538 1688 1680 1746 fine.

483 1885 690 1953 1733.
723 1886 1061 1953 NICOLAI
1082 1884 1401 1966 Joannis,
1434 1886 1546 1953 De
1577 1884 1991 1974 Sepulchris
2022 1884 2520 1953 Haebreorum
2548 1884 2710 1953 libri
2740 1895 3062 1974 quatuor,
3095 1884 3428 1974 Lugduni
3459 1886 3707 1953 Batav.
3750 1884 3958 1966 1706,
3991 1884 4065 1952 in
4093 1885 4161 1966 4,
4194 1884 4321 1974 fig.

713 1996 914 2070 Opera
942 1995 1212 2070 eseguita
1240 2014 1357 2053 con
1389 2014 1625 2053 somma
1653 1995 1957 2070 diligenza
1985 2014 2018 2053 e
2050 1995 2266 2063 studio,
2299 2014 2416 2053 con
2452 1996 2524 2053 10
2554 1996 2755 2053 tavole
2784 1995 3090 2070 intagliate
3120 1995 3182 2052 in
3209 2014 3374 2053 rame
3404 1995 3673 2070 eseguite
3703 2014 3821 2053 con
3850 1995 4155 2070 duplicato
4186 1996 4395 2053 lavoro
4425 1995 4487 2052 in

711 2092 791 2149 tal
839 2092 1024 2149 modo
1073 2091 1184 2149 che
1232 2092 1492 2149 levando
1541 2092 1599 2149 la
1643 2100 1808 2166 parte
1856 2100 2089 2149 esterna
2135 2091 2196 2149 di
2245 2091 2444 2149 alcuni
2494 2091 2753 2166 sepolcri
2803 2100 3213 2166 sovrapposta,
3264 2091 3560 2166 veggonsi
3608 2091 3628 2148 i
3678 2091 4024 2149 sotterranei
4071 2091 4337 2149 interiori
4383 2110 4490 2166 per

712 2186 1045 2244 facilitarne
1071 2187 1126 2244 al
1151 2187 1360 2244 lettore
1385 2187 1443 2244 la
1464 2186 1840 2261 percezione.

475 2383 682 2451 1734.
723 2384 1203 2464 NIEUPOORT,
1238 2382 1696 2472 Explication
1735 2382 1994 2472 abrégé
2032 2382 2158 2451 des
2198 2393 2575 2451 coutumes
2615 2393 2684 2451 et
2720 2382 3167 2451 cérémonies
3207 2382 3333 2451 des
3372 2382 3745 2464 Romains,
3788 2383 3828 2451 à
3863 2382 4231 2451 Toulouse
4277 2383 4484 2464 1783,

712 2497 786 2565 in
824 2498 931 2566 12.

713 2609 1117 2683 Quest’opera
1142 2608 1341 2666 scritta
1363 2608 1425 2665 in
1449 2608 1634 2666 latino
1660 2608 2183 2683 originariamente
2208 2608 2310 2683 qui
2336 2627 2530 2666 venne
2554 2609 2809 2666 tradotta
2831 2608 2893 2665 in
2917 2608 3190 2666 francese
3215 2609 3483 2666 dall’Ab.
3517 2609 3649 2666 ***.

491 2804 698 2873 1735.
748 2806 1042 2873 NONNII
1082 2804 1460 2886 Ludovici,
1511 2804 1988 2886 Diaeteticon,
2042 2804 2196 2873 sive
2243 2804 2333 2873 de
2379 2826 2453 2873 re
2501 2804 2769 2873 cibaria
2814 2804 2976 2873 libri
3023 2815 3346 2894 quatuor:
3399 2826 3589 2873 nunc
3635 2804 3950 2894 primum
3995 2804 4237 2873 lucem
4282 2804 4483 2886 Vidit,

711 2919 1151 3009 Antuerpiae
1189 2919 1397 3001 1646,
1430 2919 1504 2987 in
1532 2920 1599 2988 4.

712 3031 847 3088 Con
870 3030 1071 3088 indice
1097 3030 1475 3105 amplissimo
1501 3031 1659 3088 delle
1683 3030 1929 3088 materie
1954 3030 2357 3088 eruditissime
2382 3030 2494 3088 che
2519 3049 2949 3105 compongono
2975 3031 3378 3105 quest’opera.

475 3225 682 3294 1736.
738 3226 1360 3294 OESTERLIHGIUS
1407 3227 1539 3307 Io.,
1593 3225 2021 3294 Dissertatio
2071 3225 2414 3294 historica
2463 3225 2552 3294 de
2601 3225 2796 3294 urnis
2851 3225 3369 3315 sepulcralibus
3422 3236 3492 3294 et
3542 3225 3756 3294 armis
3808 3225 4113 3315 lapideis
4165 3236 4489 3294 veterum

713 3341 1107 3422 Cattorum,
1140 3340 1429 3430 Lipsiae
1467 3341 1675 3422 1741,
1709 3340 1783 3408 in
1811 3341 1879 3422 4,
1912 3340 2038 3430 fig.
2071 3342 2177 3409 M.
2212 3340 2327 3410 96.

712 3452 847 3509 Con
870 3470 989 3509 una
1011 3452 1214 3509 tavola
1236 3451 1544 3526 intagliata
1566 3451 1629 3508 in
1651 3470 1833 3509 rame.

487 3667 694 3735 1737.
731 3667 1079 3735 OMNIUM
1110 3666 1261 3735 fere
1294 3666 1638 3756 gentium,
1673 3677 2101 3756 nostraeque
2135 3666 2382 3735 aetatis
2415 3666 2791 3735 nationum
2820 3666 3104 3735 habitus
3138 3677 3207 3735 et
3237 3666 3553 3756 effigies,
3587 3666 4027 3756 Antuerpiae
4067 3666 4275 3748 1572,
4310 3666 4384 3734 in
4419 3667 4482 3748 8,

712 3781 838 3871 fig.
900 3783 978 3849 In
1035 3781 1336 3850 eosdem
1390 3783 1497 3850 Jo.
1560 3781 1868 3871 Sluperii
1925 3781 2385 3850 Herzelensis
2442 3781 2998 3871 Epigrammata,
3060 3781 3338 3850 adiecta
3394 3781 3483 3850 ad
3541 3781 3860 3871 singulas
3918 3781 4167 3850 icones
4226 3781 4488 3871 gallica

711 3896 1120 3965 tetrasticha
1150 3897 1260 3981 (In
1289 3896 1493 3981 fine).
1526 3896 1785 3965 Joanni
1815 3896 2103 3965 Bellero
2132 3896 2489 3986 Aegidius
2520 3896 2876 3978 Radaeus,
2908 3896 3349 3986 Antuerpiae
3387 3896 3594 3965 1573.

714 4008 878 4065 Sono
904 4016 1112 4082 queste
1144 4008 1252 4064 121
1283 4008 1483 4065 tavole
1508 4007 1569 4065 di
1592 4008 1756 4065 bello
1781 4007 2030 4082 intaglio
2055 4007 2118 4064 in
2142 4008 2340 4082 legno.
2368 4007 2632 4065 Distinto
2658 4008 3009 4082 esemplare.

483 4204 690 4272 1738.
755 4205 1054 4272 PACCHI
1107 4203 1541 4285 Domenico,
1605 4203 1821 4293 Degli
1884 4203 2427 4293 abbigliamenti
2489 4225 2528 4272 e
2589 4203 2778 4272 delle
2840 4203 3338 4272 acconciature
3399 4203 3590 4272 delle
3651 4203 3910 4272 donne.
3976 4203 4353 4293 Opuscolo
4415 4203 4487 4272 di

712 4318 1151 4387 Tertulliano
1180 4329 1420 4387 recato
1450 4318 1524 4386 in
1553 4318 1801 4408 lingua
1828 4320 2178 4400 Toscana,
2210 4318 2507 4387 Firenze
2545 4319 2753 4400 1781,
2786 4318 2860 4386 in
2893 4319 2956 4400 8,
2988 4320 3094 4387 M.
3129 4318 3244 4387 55.

713 4430 914 4504 Opera
936 4448 1058 4487 non
1082 4429 1480 4487 conveniente
1506 4429 1561 4487 ai
1585 4429 1773 4504 tempi
1797 4429 1859 4486 in
1883 4429 1980 4487 cui
2005 4430 2038 4487 e
2061 4429 2406 4504 riprodotta.

487 4625 694 4694 1739.
728 4626 1115 4693 PACIAUDI
1137 4624 1360 4706 Pauli,
1393 4626 1505 4693 De
1533 4624 1896 4693 umbellae
1927 4624 2326 4714 gestatione
2357 4624 2940 4706 commentarius,
2973 4626 3252 4693 Romae
3290 4624 3498 4706 1762,
3531 4624 3605 4692 in
3633 4625 3701 4706 4,
3734 4624 3886 4714 fig.,
3918 4626 4024 4693 M.
4059 4625 4174 4693 27.

714 4740 913 4808 Sono
944 4739 1227 4808 diverse
1255 4739 1496 4808 tavole
1525 4739 1599 4807 in
1627 4761 1824 4808 rame
1853 4739 2220 4829 intagliate
2250 4739 2358 4808 fra
2385 4739 2437 4807 il
2465 4750 2671 4808 testo.

485 4971 578 5059 [p.
614 4970 784 5052 300]

483 5200 690 5268 1740.
724 5201 1130 5281 PACIAUDI,
1158 5201 1270 5268 De
1300 5201 1816 5268 Beneventano
1847 5199 2129 5268 Cereris
2159 5200 2534 5289 Augustae
2563 5221 2919 5281 mensore,
2952 5201 3189 5268 Roma
3225 5199 3433 5281 1753,
3466 5199 3540 5267 in
3568 5200 3636 5281 4,
3669 5199 3775 5289 fig
3803 5201 3909 5268 M.
3944 5200 4059 5268 21.

712 5311 828 5368 Col
853 5310 1246 5385 frontespizio
1272 5310 1530 5385 figurato
1556 5329 1589 5368 e
1614 5310 1869 5385 qualche
1893 5311 2095 5368 tavola
2119 5310 2209 5368 fra
2231 5310 2274 5367 il
2298 5319 2469 5368 testo.

487 5507 694 5575 1741.
764 5508 1211 5575 PACICHELII
1268 5508 1375 5575 Jo.
1445 5506 1789 5596 Baptista,
1858 5508 1970 5575 De
2035 5506 2274 5588 larvis,
2344 5506 2433 5575 de
2500 5506 3049 5596 capillamentis,
3119 5506 3208 5575 de
3274 5506 3728 5588 chirothecis,
3797 5506 4019 5596 vulgo
4084 5506 4486 5575 mascheris

703 5621 1150 5709 perrucchis,
1188 5624 1501 5709 guantis,
1533 5621 1846 5711 Neapoli
1885 5621 2093 5703 1693,
2126 5621 2200 5689 in
2238 5622 2346 5703 12,
2379 5621 2505 5711 fig.

711 5734 852 5790 Non
876 5732 936 5790 vi
959 5751 1110 5790 sono
1136 5732 1247 5790 che
1272 5733 1388 5790 due
1412 5733 1613 5790 tavole
1637 5751 1757 5790 una
1780 5732 1841 5790 di
1865 5732 2193 5800 maschere,
2221 5733 2418 5790 l’altra
2441 5732 2502 5790 di
2527 5732 2731 5807 guanti
2758 5732 2996 5790 antichi.

479 5948 686 6016 1742.
720 5949 1167 6016 PACICHELII
1189 5949 1296 6016 Jo.
1330 5947 1675 6037 Baptista,
1708 5949 1820 6016 De
1848 5947 2278 6016 tintinabulo
2307 5947 2619 6029 Nolano,
2651 5947 2963 6037 Neapoli
3002 5947 3210 6029 1693,
3243 5947 3317 6015 in
3355 5948 3463 6029 12,
3496 5947 3828 6037 figurato.

475 6159 682 6227 1743.
726 6160 1187 6227 PAGANINUS
1225 6158 1698 6240 Gaudentius,
1741 6160 1853 6227 De
1893 6158 2247 6248 evulgatis
2288 6158 2600 6227 Romani
2641 6158 2929 6248 Imperii
2971 6158 3268 6227 arcanis.
3311 6158 3622 6227 Accedit
3660 6158 3749 6227 de
3788 6158 4039 6227 funere
4077 6158 4381 6227 heroum
4420 6169 4489 6227 et

713 6274 1084 6342 Cesarum:
1121 6295 1160 6342 e
1189 6273 1263 6341 in
1292 6273 1443 6342 fine
1472 6273 1540 6342 le
1572 6273 1989 6363 singolarità
2017 6273 2209 6342 della
2238 6295 2489 6363 guerra
2517 6273 2589 6342 di
2620 6273 3030 6355 Germania,
3063 6273 3359 6342 Firenze
3397 6273 3604 6342 1640.
3638 6273 3713 6341 in
3741 6274 3808 6342 4.

711 6384 892 6442 Libro
939 6403 1055 6442 ove
1100 6384 1324 6442 trattasi
1372 6384 1838 6459 singolarmente
1884 6384 1945 6442 di
1991 6385 2177 6442 molte
2226 6384 2511 6459 singolari
2557 6393 2946 6442 costumanze
2992 6384 3419 6442 nell’elezione
3465 6403 3498 6442 e
3544 6385 3704 6442 nella
3749 6393 3939 6442 morte
3985 6403 4018 6442 e
4065 6384 4486 6459 funeralidegli

2171 6657 2347 6694 WWW.
2358 6637 2734 6710 memofonte.
2748 6639 2791 6694 il
