4958 7017
1981 864 2366 922 Fondazione
2390 864 2775 922 Memofonte
2800 865 2976 922 onlus

1390 960 1600 1018 Studio
1624 979 1731 1035 per
1754 960 2226 1018 l’elaborazione
2250 960 2632 1018 informatica
2655 961 2813 1018 delle
2838 960 2991 1018 fonti
3018 960 3571 1018 storico—artistiche

477 1253 570 1341 [p.
605 1251 726 1334 651

2435 1368 2757 1435 DELLA

2024 1551 3170 1655 ARCHITETTURA

2354 1800 2839 1867 TRATTATI

476 2086 640 2154 370.
673 2086 1020 2153 ALBERTI
1042 2085 1309 2154 Leonis
1340 2085 1729 2175 Baptistae,
1762 2087 1874 2154 De
1902 2107 1976 2154 re
2008 2085 2523 2167 aedificatoria,
2556 2085 2710 2154 Lib.
2743 2087 2833 2167 X,
2866 2085 3268 2154 Fiorentiae
3306 2085 3515 2167 1486,
3548 2085 3622 2153 in
3651 2085 3778 2154 fol.
3811 2085 4052 2154 Editio
4081 2085 4436 2175 princeps.

708 2197 935 2268 Questa
972 2196 1250 2254 edizione
1289 2196 1581 2271 originale
1618 2196 2062 2271 pregiatissima
2099 2197 2132 2254 e
2170 2196 2464 2271 impressa
2501 2215 2618 2254 con
2654 2196 2976 2254 bellissimi
3015 2196 3284 2254 caratteri
3322 2196 3384 2253 in
3422 2205 3582 2254 carta
3617 2196 3996 2254 buonissima
4032 2198 4118 2254 La
4155 2196 4352 2254 faccia
4389 2197 4487 2254 del

705 2292 900 2367 primo
935 2292 1212 2367 foglietto
1246 2293 1279 2350 e
1310 2292 1528 2350 bianca
1559 2311 1592 2350 e
1626 2311 1660 2350 a
1689 2301 1845 2350 retro
1881 2301 1969 2350 sta
2000 2293 2058 2350 la
2089 2292 2305 2350 dedica
2337 2292 2482 2350 fatta
2513 2293 2611 2350 dal
2643 2292 2954 2350 Poliziano
2989 2311 3023 2350 a
3054 2294 3327 2350 Lorenzo
3361 2293 3436 2350 de
3468 2292 3718 2350 Medici.
3755 2293 3872 2350 Nel
3907 2293 4173 2350 secondo
4208 2292 4485 2367 foglietto

707 2388 1009 2446 comincia
1032 2388 1075 2445 il
1100 2397 1273 2446 testo:
1301 2391 1522 2446 Leonis
1545 2391 1858 2462 Baptistae
1879 2388 2113 2446 Alberti
2137 2389 2212 2446 de
2241 2408 2303 2446 re
2329 2389 2756 2462 aedificatoria
2785 2391 3005 2462 incipit,
3040 2388 3173 2462 lege
3185 2388 3466 2462 feliciter.
3499 2389 3616 2446 Nel
3640 2388 3974 2463 penultimo
4002 2388 4298 2463 foglietto:
4326 2391 4487 2446 Laus

704 2486 841 2541 Deo
868 2484 1068 2541 honor
1091 2495 1149 2541 et
1171 2483 1385 2557 gloria.
1416 2486 1637 2541 Leonis
1660 2486 1973 2557 Baptistae
1994 2483 2228 2541 Alberti
2239 2483 2560 2557 ﬁorentini
2585 2486 2698 2541 viri
2724 2483 3049 2541 clarissimi
3073 2484 3148 2541 de
3177 2503 3239 2541 re
3265 2484 3692 2557 aedifieatoria
3720 2503 3874 2557 opus
3901 2483 4405 2557 elegantiisimum
4432 2495 4490 2541 et

707 2600 889 2653 quam
932 2582 1187 2637 maxime
1233 2579 1389 2647 utile,
1440 2579 1764 2647 Florentia,
1815 2582 2273 2637 accuratissime
2320 2582 2675 2653 impressum
2719 2599 2909 2653 opera
2951 2582 3237 2653 Magistri
3276 2579 3522 2637 Nicolai
3562 2582 3896 2637 Laurentiii
3933 2579 4273 2647 Alamanni,
4324 2600 4487 2637 anno

706 2675 920 2733 salutis
948 2675 1244 2733 milesimo
1274 2678 1691 2749 oetuagesimo
1720 2678 1954 2749 quinto;
1986 2687 2203 2749 quarto
2232 2675 2543 2733 Kalendas
2570 2678 2913 2733 Januarias.
2949 2675 3333 2733 Nell’ultimo
3363 2675 3640 2750 foglietto
3672 2694 3822 2733 sono
3854 2676 3931 2733 32
3961 2675 4118 2733 versi
4147 2675 4208 2733 di
4235 2675 4488 2733 Battista

709 2771 914 2829 Siculo
939 2771 1002 2828 in
1026 2790 1212 2829 onore
1237 2772 1594 2829 dell’autore
1619 2790 1652 2829 e
1678 2790 1712 2829 a
1734 2780 1901 2846 tergo
1926 2771 1969 2828 il
1992 2771 2243 2846 registro
2269 2771 2367 2829 dei
2392 2771 2562 2846 fogli.
2590 2772 2939 2846 Esemplare
2963 2771 3025 2828 in
3050 2771 3150 2829 Vit.
3179 2772 3304 2829 dor.
3333 2790 3450 2829 con
3474 2771 3764 2829 custodia.

480 2987 644 3055 371.
699 2987 1046 3054 ALBERTI
1091 2986 1357 3055 Leonis
1411 2986 1779 3076 Baptistae
1830 2986 2197 3055 ﬁorentini
2249 2986 2383 3055 viri
2437 2986 2843 3068 clarissimi,
2898 2986 3052 3055 Lib.
3109 2986 3198 3055 de
3249 3008 3323 3055 re
3377 2986 3891 3068 aedificatoria,
3946 2986 4101 3055 Lib.
4157 2988 4247 3068 X,
4303 3008 4486 3076 opus

707 3101 1064 3191 integrum
1099 3112 1168 3170 et
1202 3101 1614 3170 absolutum
1649 3112 1806 3183 etc.,
1844 3101 2155 3170 Parisiis.
2195 3102 2436 3191 Opera
2467 3101 2803 3191 Magistri
2838 3101 3211 3170 Bertholdi
3246 3101 3589 3170 Rembolt
3622 3112 3691 3170 et
3723 3101 4079 3170 Ludovici
4115 3101 4482 3183 Hornken,

716 3216 924 3298 1512,
958 3216 1075 3285 die
1104 3238 1276 3285 vero
1307 3217 1397 3285 23
1430 3216 1766 3306 Augusti,
1799 3216 1873 3284 in
1901 3217 1968 3285 4.

706 3327 1063 3385 L’edizione
1091 3328 1124 3385 è
1152 3328 1443 3402 elegante:
1475 3327 1518 3384 il
1547 3327 1940 3402 frontespizio
1969 3336 2177 3385 ornato
2206 3327 2368 3402 degli
2398 3327 2636 3385 stemmi
2664 3327 3044 3385 dell’editore
3070 3328 3189 3385 ben
3215 3327 3507 3402 intagliati
3534 3327 3597 3384 in
3624 3328 3822 3402 legno.
3853 3328 3910 3384 A
3936 3336 4103 3402 tergo
4134 3328 4211 3385 32
4240 3327 4397 3385 versi
4425 3327 4486 3385 di

706 3423 959 3481 Battista
987 3423 1193 3481 Siculo
1221 3423 1284 3480 in
1311 3424 1451 3481 lode
1479 3424 1855 3481 dell’autore:
1887 3424 1985 3481 nel
2015 3424 2281 3481 secondo
2311 3423 2588 3498 foglietto
2616 3442 2736 3481 una
2762 3423 2978 3481 dedica
3004 3423 3434 3481 dell’edizione
3463 3442 3497 3481 a
3523 3424 3639 3481 due
3667 3423 3918 3481 letterati
3947 3423 4265 3491 alemanni,
4296 3423 4486 3481 dietro

707 3518 804 3576 cui
836 3519 892 3576 le
924 3518 1050 3576 lodi
1082 3519 1439 3576 dell’autore
1471 3519 1569 3576 dal
1600 3518 1910 3576 Poliziano
1943 3518 2152 3576 dirette
2185 3537 2219 3576 a
2248 3520 2521 3576 Lorenzo
2554 3519 2629 3576 de
2660 3518 2910 3576 Medici.
2948 3519 3232 3593 Seguono
3266 3518 3299 3576 5
3335 3518 3593 3593 foglietti
3625 3519 3786 3576 colla
3815 3519 4017 3576 tavola
4047 3518 4145 3576 dei
4177 3518 4423 3593 capitoli
4455 3537 4488 3576 e

709 3623 855 3672 sette
886 3633 1003 3672 con
1033 3615 1091 3672 la
1119 3615 1322 3672 tavola
1351 3615 1509 3672 delle
1540 3614 1768 3672 dizioni
1799 3633 1832 3672 e
1863 3614 2127 3682 materie,
2160 3614 2222 3671 in
2252 3623 2401 3672 tutto
2440 3615 2512 3671 14
2544 3614 2803 3689 foglietti
2835 3614 3033 3672 avanti
3063 3614 3106 3671 il
3137 3623 3309 3682 testo,
3343 3614 3454 3672 che
3485 3615 3583 3672 dal
3615 3614 3892 3689 foglietto
3923 3614 3943 3671 i
3972 3615 4235 3689 procede
4268 3614 4399 3672 sino
4432 3615 4487 3672 al

714 3711 846 3768 147.
873 3711 1050 3768 Bello
1076 3711 1408 3785 esemplare
1432 3710 1495 3767 in
1519 3729 1661 3768 mar.
1691 3711 1816 3768 dor.

480 3926 644 3994 372.
677 3926 1024 3993 ALBERTI
1046 3925 1313 3994 Leonis
1344 3925 1733 4015 Baptistae,
1766 3927 1878 3994 De
1906 3947 1980 3994 re
2012 3925 2508 3994 aedificatoria
2535 3925 2697 3994 libri
2726 3927 2816 4007 X,
2848 3925 3305 4015 Argentorati
3344 3925 3552 4007 1541,
3585 3925 3659 3993 in
3687 3926 3755 4007 4,
3787 3947 3931 4015 par.

708 4036 1206 4108 Quest’edizione
1251 4055 1445 4094 venne
1489 4036 1733 4094 distinta
1774 4036 1836 4093 in
1879 4036 2125 4111 capitoli
2169 4055 2202 4094 e
2244 4036 2550 4094 ricorretta
2592 4037 2669 4094 da
2708 4037 3010 4094 Eberardo
3053 4036 3286 4111 Tappio
3330 4038 3624 4094 Lunense.
3674 4036 3973 4094 Giacomo
4018 4037 4488 4094 Caumerlauder

706 4132 1067 4207 Magontino
1092 4151 1167 4190 ne
1193 4132 1259 4190 fu
1283 4132 1578 4190 l’editore.

476 4347 640 4415 373.
682 4347 1029 4414 ALBERTI
1060 4348 1262 4415 Leon
1300 4346 1623 4428 Battista,
1666 4348 1695 4414 I
1732 4346 1921 4415 dieci
1960 4346 2122 4415 libri
2162 4346 2817 4428 dell’architettura,
2859 4368 3101 4415 nuova
3138 4346 3472 4415 edizione
3511 4346 3602 4415 da
3638 4346 3708 4415 la
3744 4346 3964 4415 latina
4000 4368 4090 4415 ne
4128 4346 4198 4415 la
4234 4346 4488 4436 volgar

707 4461 954 4551 lingua
988 4463 1081 4551 [p.
1116 4461 1237 4544 66]
1273 4461 1558 4530 tradotti
1589 4461 1680 4530 da
1707 4461 1941 4530 Pietro
1971 4463 2204 4530 Lauro
2233 4461 2662 4543 Modenese,
2696 4461 3040 4543 Venezia,
3073 4461 3462 4551 Valgrisio,
3504 4461 3713 4543 1546,
3746 4461 3820 4529 in
3853 4462 3915 4530 8.

706 4573 994 4647 Elegante
1019 4572 1297 4630 edizione
1321 4572 1383 4629 in
1407 4572 1676 4630 caratteri
1702 4572 1942 4640 corsivi,
1970 4572 2031 4630 di
2056 4573 2175 4630 248
2203 4572 2461 4647 foglietti
2486 4573 2525 4630 d
2551 4581 2799 4647 stampa.

480 4788 644 4856 374.
683 4788 1004 4855 ALBERT
1037 4789 1239 4856 Leon
1280 4787 1604 4877 Baptiste
1646 4787 2168 4877 gentilhomme
2208 4787 2570 4869 florentin,
2614 4787 3159 4856 L’architetture
3201 4809 3296 4856 ou
3338 4798 3440 4856 art
3480 4787 3569 4856 de
3607 4787 3777 4856 bien
3815 4787 4038 4856 bastir
4077 4787 4355 4856 divisée
4397 4809 4486 4856 en

708 4902 831 4971 dix
862 4902 1078 4971 livres
1110 4902 1405 4971 traduits
1439 4902 1528 4971 de
1558 4902 1753 4971 natin
1785 4924 1874 4971 en
1905 4902 2220 4991 francois
2252 4924 2378 4992 par
2408 4902 2693 4971 deffunt
2722 4904 2897 4971 Jean
2927 4902 3196 4971 Martin
3227 4902 3545 4971 Parisien
3576 4924 3946 4992 nagueres,
3984 4902 4360 4971 secretaire
4392 4902 4487 4971 du

706 5039 850 5086 rev.
885 5017 1094 5086 Card.
1129 5017 1218 5086 de
1248 5019 1726 5099 Lenoncourt,
1761 5018 1801 5086 à
1828 5017 2045 5099 Paris,
2077 5039 2203 5107 par
2229 5019 2535 5107 Jacques
2567 5019 2842 5086 Kerver
2869 5017 3153 5086 libraire
3173 5017 3355 5107 jure,
3397 5017 3605 5099 1553,
3638 5017 3712 5085 in
3742 5017 3869 5086 fol.
3903 5017 4029 5107 fig.

708 5128 809 5186 Gli
841 5128 1055 5186 editori
1086 5128 1365 5186 Francesi
1396 5128 1791 5203 profittarono
1824 5129 1982 5186 delle
2013 5129 2232 5196 tavole,
2267 5128 2379 5186 che
2409 5128 2592 5203 pochi
2626 5128 2764 5186 anni
2794 5128 2989 5203 prima
3020 5128 3237 5186 furono
3268 5128 3613 5203 pubblicate
3644 5128 3707 5185 in
3738 5128 3984 5186 Firenze
4016 5129 4177 5186 nella
4208 5128 4486 5186 versione

707 5225 805 5282 del
837 5224 1084 5292 Bartoli,
1120 5224 1231 5282 che
1265 5224 1561 5299 veggonsi
1597 5225 2151 5299 scrupolosamente
2184 5224 2421 5299 copiate
2454 5224 2516 5281 in
2549 5233 2761 5299 questa
2792 5224 3070 5282 edizione
3104 5224 3395 5292 francese,
3432 5225 3550 5282 alla
3581 5225 3759 5299 quale
3791 5243 3913 5282 non
3944 5225 4066 5299 può
4100 5224 4337 5299 negarsi
4370 5243 4489 5282 una

709 5339 945 5378 somma
968 5321 1257 5395 eleganza
1280 5339 1313 5378 e
1336 5321 1498 5378 bella
1521 5320 1717 5378 forma
1741 5320 1802 5378 di
1826 5320 1951 5395 tipi.

476 5535 640 5604 375.
708 5536 1054 5603 ALBERTI
1117 5537 1318 5604 Leon
1387 5535 1710 5617 Battista,
1783 5535 2329 5604 L’architettura
2395 5535 2700 5604 tradotta
2767 5535 2841 5603 in
2910 5535 3157 5625 lingua
3224 5535 3611 5604 fiorentina
3679 5535 3770 5604 da
3838 5535 4144 5604 Cosimo
4214 5535 4486 5604 Bartoli

708 5650 1157 5740 gentiluomo
1212 5672 1251 5719 e
1306 5650 1772 5719 accademico
1826 5650 2237 5732 fiorentino,
2295 5650 2820 5740 coll’aggiunta
2872 5650 2985 5719 de’
3048 5650 3331 5740 disegni
3386 5650 3476 5719 ed
3530 5650 3684 5719 altri
3740 5650 4006 5719 diversi
4059 5650 4316 5719 trattati
4371 5650 4488 5719 del

707 5765 1113 5834 medesimo
1145 5776 1408 5834 autore.
1441 5765 1583 5834 Nel
1611 5765 2133 5855 Monteregale,
2167 5765 2612 5847 Torrentino,
2654 5765 2862 5847 1565,
2895 5765 2969 5833 in
2998 5765 3125 5834 fol.
3159 5765 3285 5855 fig.

706 5877 763 5933 A
791 5885 959 5951 tergo
990 5877 1088 5934 del
1118 5876 1510 5951 frontespizio
1541 5895 1574 5934 e
1603 5876 1646 5933 il
1674 5876 1899 5934 ritratto
1930 5877 2304 5944 dell’autore,
2335 5876 2440 5951 poi
2470 5877 2528 5934 la
2556 5876 2771 5934 dedica
2799 5877 2897 5934 del
2926 5877 3247 5934 traduttore
3278 5895 3312 5934 a
3340 5876 3593 5934 Cosimo
3624 5877 3699 5934 de
3728 5876 3978 5934 Medici.
4012 5876 4413 5934 Cominciano
4444 5876 4486 5933 li

707 5972 865 6030 dieci
894 5972 1029 6030 libri
1058 5972 1588 6030 dell’architettura
1615 5973 1773 6030 colle
1801 5973 2001 6030 tavole
2029 5972 2092 6029 in
2120 5973 2301 6047 legno
2331 5972 2421 6030 fra
2448 5972 2491 6029 il
2519 5981 2691 6030 testo.
2723 5973 2780 6029 A
2808 5981 3019 6047 questa
3047 5991 3123 6030 va
3151 5972 3437 6047 aggiunto
3466 5972 3510 6029 il
3538 5981 3771 6030 trattato
3801 5973 3961 6030 della
3986 5972 4203 6047 pittura
4229 5973 4485 6030 tradotto

707 6068 784 6125 da
808 6067 1123 6125 Lodovico
1150 6067 1517 6125 Domenichi
1544 6086 1577 6125 e
1603 6067 1666 6124 in
1693 6067 1818 6125 fine
1845 6068 1903 6125 la
1927 6068 2130 6125 tavola
2155 6068 2313 6125 delle
2340 6086 2484 6125 cose
2511 6067 2780 6125 notabili.
2810 6069 2896 6125 La
2919 6067 3114 6142 prima
3139 6067 3417 6125 edizione
3444 6067 3505 6125 di
3532 6076 3743 6142 questa
3769 6067 4047 6125 versione
4074 6068 4172 6125 del
4198 6067 4427 6125 Bartoli
4454 6068 4487 6125 e

707 6164 805 6221 del
837 6163 1011 6231 1550,
1037 6182 1143 6238 per
1165 6165 1438 6221 Lorenzo
1463 6163 1833 6221 Torrentino.

476 6378 640 6447 376.
690 6379 1037 6446 ALBERTI
1076 6380 1277 6447 Leon
1324 6378 1647 6460 Battista,
1697 6378 2243 6447 L’architettura
2286 6378 2592 6447 tradotta
2637 6378 2728 6447 da
2773 6378 3079 6447 Cosimo
3126 6378 3398 6447 Bartoli
3446 6378 3969 6468 coll’aggiunta
4014 6378 4130 6447 dei
4178 6378 4483 6468 disegni,

2171 6657 2347 6694 WWW.
2358 6637 2734 6710 memofonte.
2748 6639 2791 6694 it
