4958 7017
1981 864 2366 922 Fondazione
2390 864 2775 922 Memofonte
2800 865 2976 922 onlus

1390 960 1600 1018 Studio
1624 979 1731 1035 per
1754 960 2226 1018 l’elaborazione
2250 960 2632 1018 informatica
2655 961 2813 1018 delle
2838 960 2991 1018 fonti
3018 960 3571 1018 storico—artistiche

699 1248 1135 1319 coll’S.P.Q.R.
1168 1248 1248 1304 Al
1278 1247 1339 1305 di
1371 1266 1548 1322 sopra
1576 1248 1692 1305 due
1722 1247 1920 1322 angeli
1952 1256 2320 1322 sostengono
2350 1266 2430 1305 un
2457 1247 2802 1322 pannicello
2833 1247 3283 1322 coll’impronta
3311 1248 3461 1305 d’un
3492 1247 3748 1305 sudario.
3787 1249 3865 1322 [p.
3898 1248 4041 1317 204]
4076 1249 4160 1305 Le
4188 1248 4395 1322 parole
4424 1248 4522 1305 del

699 1343 1091 1418 frontespizio
1119 1362 1270 1401 sono
1293 1343 1727 1401 Memorabilia
1754 1344 1920 1401 urbis
1942 1346 2190 1401 Romae.
2218 1343 2477 1418 Leggesi
2501 1344 2599 1401 nel
2622 1343 2819 1418 primo
2845 1343 3122 1418 foglietto
3146 1352 3296 1401 retto
3322 1362 3498 1401 come
3525 1362 3726 1418 segue.

701 1440 879 1497 “Item
904 1439 967 1496 in
992 1448 1204 1514 questo
1231 1439 1467 1497 libretto
1496 1448 1584 1497 sta
1608 1439 1849 1497 escritto
1876 1458 2051 1497 come
2076 1441 2274 1497 Roma
2298 1439 2364 1497 fu
2389 1439 2737 1507 fabbricata,
2766 1458 2799 1497 e
2825 1440 2923 1497 dal
2946 1439 3141 1514 primo
3166 1458 3247 1507 re,
3276 1458 3309 1497 e
3335 1440 3412 1497 da
3436 1439 3681 1497 ciascun
3704 1458 3767 1497 re
3793 1439 3854 1497 di
3879 1441 4091 1507 Roma,
4120 1458 4296 1497 come
4322 1439 4521 1497 hanno

699 1544 1046 1610 governato,
1080 1554 1113 1593 e
1144 1554 1320 1593 come
1352 1554 1572 1593 ancora
1600 1535 1620 1592 i
1649 1535 1883 1593 romani
1914 1535 2124 1593 nissun
2152 1554 2215 1593 re
2244 1535 2350 1610 più
2379 1554 2502 1593 non
2533 1536 2852 1603 volevano,
2886 1536 2962 1593 ed
2991 1535 3399 1610 interruppero
3431 1554 3548 1593 con
3578 1535 3838 1610 capitani
3869 1554 3902 1593 e
3933 1535 4170 1593 consoli
4199 1554 4306 1610 per
4335 1536 4520 1610 lungo

698 1640 920 1706 tempo.
964 1632 1081 1689 Dal
1120 1631 1315 1706 primo
1358 1631 1565 1689 Giulio
1607 1632 1848 1699 Cesare,
1892 1650 1925 1689 e
1966 1632 2043 1689 da
2080 1631 2210 1689 tutti
2250 1631 2270 1688 i
2311 1631 2519 1689 Cesari
2559 1631 2622 1688 in
2661 1633 2874 1699 Roma,
2918 1650 3094 1689 come
3135 1631 3334 1689 hanno
3376 1640 3704 1706 governato
3747 1631 3835 1688 fin
3876 1631 3931 1689 ai
3971 1631 4157 1706 tempi
4198 1631 4259 1689 di
4300 1632 4522 1689 Cesare

699 1726 1073 1794 Costantino,
1103 1745 1280 1784 come
1307 1726 1350 1783 il
1378 1727 1600 1784 Cesare
1628 1726 1984 1784 Costantino
2013 1726 2078 1784 fu
2103 1727 2457 1794 battezzato,
2487 1745 2520 1784 e
2547 1727 2836 1784 mondato
2864 1727 3024 1784 dalla
3048 1728 3259 1801 Lepra;
3289 1745 3466 1784 come
3493 1726 3591 1784 die
3620 1727 3675 1784 al
3702 1728 3864 1801 Papa
3891 1727 3948 1784 S.
3981 1726 4270 1784 Silvestro
4298 1727 4356 1784 la
4382 1726 4523 1784 città

699 1822 760 1880 di
789 1824 1002 1890 Roma,
1035 1823 1111 1880 ed
1139 1822 1182 1879 il
1210 1841 1393 1897 paese
1423 1822 1484 1880 di
1513 1822 1750 1880 intorno
1782 1841 1816 1880 a
1844 1822 1927 1880 lui
1957 1823 2033 1880 ed
2063 1841 2097 1880 a
2124 1822 2254 1880 tutti
2286 1822 2419 1880 suoi
2447 1822 2690 1897 posteri,
2723 1841 2756 1880 e
2784 1841 2935 1897 pose
2965 1822 3048 1880 lui
3078 1823 3154 1880 ed
3182 1822 3202 1879 i
3234 1822 3366 1880 suoi
3394 1822 3619 1897 posteri
3647 1841 3754 1897 per
3782 1841 3935 1897 capo
3967 1841 4001 1880 a
4028 1822 4158 1880 tutti
4187 1822 4207 1879 i
4237 1822 4518 1890 cristiani,

699 1919 875 1993 quale
908 1918 1112 1976 chiese
1144 1918 1207 1975 in
1239 1920 1436 1976 Roma
1470 1937 1639 1986 sono,
1675 1937 1708 1976 e
1742 1919 1881 1993 qual
1914 1937 2058 1976 cose
2094 1927 2276 1986 sante,
2312 1937 2345 1976 e
2377 1918 2630 1993 perdoni
2662 1919 2821 1976 nelle
2854 1918 3058 1976 chiese
3090 1927 3255 1986 tutte;
3291 1927 3436 1976 tutte
3469 1919 3525 1976 le
3561 1918 3814 1976 stazioni
3846 1919 4007 1976 nella
4038 1918 4242 1976 chiese
4275 1919 4521 1976 durante

699 2015 963 2072 l’anno.”

698 2111 815 2168 Nel
840 2111 1002 2168 detto
1028 2110 1221 2185 foglio
1247 2130 1422 2168 verso
1450 2110 1499 2168 si
1524 2110 1803 2168 contiene
1828 2111 1886 2168 la
1907 2110 2469 2185 rappresentazione
2494 2111 2654 2168 della
2677 2110 2819 2168 città
2842 2110 2903 2168 di
2927 2112 3124 2168 Roma
3147 2129 3264 2168 con
3288 2112 3416 2168 Rea
3439 2129 3472 2168 e
3497 2111 3555 2168 la
3577 2112 3762 2185 Lupa.

698 2206 911 2281 Foglio
939 2207 1205 2264 secondo
1233 2218 1402 2274 retto,
1427 2209 1620 2264 Roma
1646 2209 1859 2264 civitas
1883 2218 2097 2264 sancta
2123 2218 2308 2280 caput
2329 2207 2551 2264 mundi.

701 2302 851 2359 “Dal
876 2301 1174 2376 principio
1201 2302 1299 2359 del
1325 2302 1552 2359 mondo
1586 2301 1742 2359 1450
1770 2301 1907 2359 anni
1934 2302 2175 2376 quando
2201 2302 2382 2376 Troja
2406 2301 2471 2359 fu
2496 2301 2740 2359 disfatta
2764 2302 3262 2376 dall’Imperador
3287 2302 3504 2369 Greco,
3533 2320 3566 2359 e
3592 2301 3703 2359 che
3729 2301 3749 2358 i
3773 2301 4030 2376 principi
4056 2302 4132 2359 ed
4156 2301 4176 2358 i
4205 2301 4430 2376 signori
4459 2320 4522 2359 se

698 2416 773 2455 ne
803 2397 1136 2472 fuggivano
1167 2398 1327 2455 dalla
1355 2416 1499 2472 gran
1528 2397 1669 2455 città
1697 2397 1758 2455 di
1786 2398 1967 2472 Troja
1992 2416 2099 2472 per
2126 2416 2288 2455 mare
2318 2416 2435 2455 con
2464 2397 2635 2455 molti
2663 2397 2804 2455 beni
2833 2397 2895 2454 in
2924 2397 3119 2472 questi
3147 2397 3316 2472 paesi
3346 2397 3767 2455 fabbricarono
3798 2397 3955 2465 città,
3988 2416 4021 2455 e
4051 2397 4302 2465 castelli;
4336 2398 4523 2455 allora

699 2512 962 2551 vennero
991 2493 1052 2551 di
1080 2493 1220 2568 quei
1250 2493 1476 2568 signori
1505 2493 1694 2551 anche
1722 2493 1820 2551 nei
1848 2493 1974 2551 itali
2001 2493 2188 2568 paesi,
2219 2494 2277 2551 la
2304 2494 2462 2551 dove
2491 2494 2708 2551 adesso
2739 2493 2788 2551 si
2816 2502 2986 2551 trova
3012 2494 3070 2551 la
3097 2493 3238 2551 città
3265 2493 3326 2551 di
3353 2495 3566 2551 Roma.
3598 2494 3853 2551 Avenne
3882 2502 4095 2568 questo
4125 2493 4180 2551 ai
4207 2493 4394 2568 tempi
4423 2494 4521 2551 del

697 2608 760 2647 re
791 2589 852 2647 di
884 2589 1084 2647 Giuda
1115 2589 1474 2647 Gioachino.
1508 2591 1575 2646 In
1606 2589 1746 2664 quei
1776 2589 1962 2664 tempi
1994 2589 2055 2647 vi
2086 2608 2186 2647 era
2215 2608 2333 2647 una
2364 2589 2623 2664 giovane
2654 2591 2783 2647 Rea
2812 2589 2873 2647 di
2903 2608 3103 2657 nome,
3138 2589 3311 2664 figlia
3340 2590 3438 2647 del
3468 2608 3531 2647 re
3562 2589 3660 2647 dei
3693 2598 3840 2647 sette
3871 2589 4079 2657 monti,
4113 2590 4271 2647 dove
4304 2590 4520 2647 adesso

698 2687 895 2743 Roma
922 2694 1010 2743 sta
1034 2685 1334 2743 edificata.
1365 2686 1593 2757 Questa
1618 2685 1863 2760 giovine
1889 2686 2130 2760 quando
2158 2685 2223 2743 fu
2248 2686 2346 2743 nel
2372 2685 2599 2760 tempio
2626 2686 2951 2743 dell’Idolo
2977 2687 3186 2753 Vesto,
3215 2704 3410 2743 venne
3437 2686 3512 2743 ad
3537 2686 3655 2743 ella
3679 2686 3738 2743 la
3760 2685 4000 2760 pianeta
4023 2687 4237 2753 Marte,
4266 2686 4342 2743 ed
4367 2686 4521 2743 ebbe

700 2800 734 2839 a
757 2781 882 2839 fare
907 2800 1024 2839 con
1048 2782 1166 2839 ella
1188 2790 1687 2839 nascostamente.
1716 2781 1796 2838 Di
1821 2782 1879 2839 la
1901 2800 2202 2856 nacquero
2228 2782 2344 2839 due
2369 2781 2614 2856 gemelli
2639 2782 2811 2839 l’uno
2837 2781 3137 2839 chiamato
3162 2783 3376 2849 Remo,
3404 2782 3602 2839 l’altro
3627 2782 3949 2839 Romolo.”

698 2877 815 2934 Nel
840 2876 1034 2951 foglio
1059 2876 1290 2934 ultimo.

701 2973 946 3030 “Allora
979 2972 1113 3030 fece
1147 2973 1309 3030 dono
1344 2972 1387 3029 il
1422 2973 1644 3030 Cesare
1680 2972 2089 3043 (Costantino)
2126 2991 2160 3030 a
2195 2973 2252 3030 S.
2293 2972 2582 3030 Silvestro
2617 2991 2650 3030 e
2685 2991 2719 3030 a
2751 2972 2882 3030 tutti
2918 2972 3051 3030 suoi
3083 2972 3326 3047 posteri,
3363 2991 3396 3030 e
3431 2972 3515 3047 gli
3549 2972 3726 3030 diede
3760 2973 3818 3030 la
3850 2972 3991 3030 città
4024 2972 4085 3030 di
4118 2974 4332 3040 Roma,
4369 2973 4445 3030 ed
4477 2972 4521 3029 il

697 3087 898 3143 paese,
941 3087 974 3126 e
1014 3069 1199 3126 molte
1239 3068 1395 3126 città.
1438 3069 1607 3126 Ebbe
1647 3068 1749 3143 qui
1790 3068 1914 3126 fine
1955 3087 2175 3126 ancora
2213 3069 2271 3126 la
2309 3087 2454 3143 gran
2491 3068 2901 3143 proscrizione
2941 3069 3036 3126 de’
3083 3068 3366 3136 cristiani,
3409 3069 3485 3126 ed
3523 3068 3543 3125 i
3583 3068 3847 3126 cristiani
3886 3068 4406 3126 incominciarono
4448 3069 4523 3126 ad

700 3164 1078 3232 aumentarsi,
1124 3183 1157 3222 e
1200 3165 1277 3222 da
1318 3173 1530 3239 questo
1573 3173 1778 3239 tempo
1821 3164 1883 3221 in
1925 3183 2043 3239 qua
2083 3183 2205 3222 non
2247 3165 2280 3222 e
2321 3164 2426 3239 più
2470 3173 2619 3222 stata
2659 3173 2820 3222 tanta
2859 3164 3286 3239 proscrizione.
3332 3147 3380 3221 È
3423 3183 3566 3222 vero
3610 3164 3721 3222 che
3767 3164 3816 3222 si
3861 3183 4011 3222 sono
4055 3164 4236 3222 levati
4277 3164 4382 3239 poi
4425 3164 4523 3222 dei

699 3260 1079 3318 falsificatori
1122 3261 1282 3318 della
1323 3279 1464 3318 vera
1506 3260 1663 3328 fede,
1710 3279 1885 3318 come
1929 3260 2013 3335 gli
2056 3260 2311 3328 Arriani,
2357 3261 2433 3318 ed
2476 3260 2605 3318 altri
2648 3260 2870 3318 eretici.
2918 3260 3130 3332 Questi
3173 3261 3488 3335 coll’ajuto
3532 3260 3593 3318 di
3635 3260 3758 3318 Dio
3804 3279 3954 3318 sono
4000 3260 4133 3318 stati
4176 3260 4403 3318 disfatti
4447 3261 4524 3318 da

700 3355 1014 3430 Gregorio,
1047 3355 1396 3423 Geronimo,
1428 3355 1789 3430 Augustino,
1820 3355 2166 3413 Ambrosio.
2199 3355 2555 3413 Costantino
2587 3374 2650 3413 se
2678 3356 2905 3413 n’andò
2934 3355 2996 3412 in
3025 3355 3260 3423 Grecia,
3292 3374 3325 3413 e
3354 3356 3491 3413 colà
3518 3355 3789 3413 fabbricò
3818 3374 3936 3413 una
3963 3356 4185 3430 grande
4214 3355 4371 3423 città,
4403 3374 4436 3413 e
4465 3356 4523 3413 la

699 3451 938 3509 chiamò
967 3452 1233 3509 secondo
1259 3452 1319 3509 lo
1347 3460 1538 3509 stesso
1564 3451 2070 3526 Costantinopoli,
2098 3452 2174 3509 ed
2197 3451 2259 3508 in
2283 3460 2504 3526 quanto
2531 3470 2565 3509 a
2587 3453 2785 3509 Roma
2808 3452 2866 3509 la
2889 3451 3078 3509 lasciò
3105 3452 3160 3509 al
3184 3452 3400 3526 Papa.”

698 3548 1027 3605 Nell’anno
1077 3548 1233 3605 1482
1275 3549 1421 3605 Jean
1464 3547 1747 3605 Schawer
1788 3566 1822 3605 a
1861 3549 2130 3605 Monaco
2171 3547 2460 3622 pubblicò
2502 3548 2761 3605 un’altra
2801 3547 3079 3605 edizione
3120 3547 3183 3604 in
3223 3548 3469 3605 tedesco
3510 3547 3943 3605 Memorabilia
3983 3550 4213 3605 Romae
4255 3547 4422 3605 unito
4466 3547 4521 3605 ai

698 3643 1004 3701 mirabilia
1037 3662 1070 3701 e
1101 3652 1263 3701 tanto
1295 3644 1455 3701 nella
1483 3643 1677 3718 prima
1707 3643 2220 3701 verosimilmente
2252 3643 2523 3718 eseguita
2552 3643 2614 3700 in
2645 3645 2842 3701 Roma
2872 3644 2948 3701 ed
2978 3643 3273 3701 intitolata
3304 3644 3359 3701 al
3390 3645 3568 3718 Papa,
3602 3652 3823 3718 quanto
3855 3643 3917 3700 in
3947 3644 4205 3701 un’altra
4235 3643 4296 3701 di
4327 3645 4524 3701 Roma

699 3740 797 3797 del
838 3740 993 3798 1492
1020 3759 1139 3813 per
1166 3742 1530 3813 Magistrum
1564 3740 2005 3813 Stephanorum
2037 3739 2348 3797 Planneck
2377 3740 2452 3797 de
2485 3742 2741 3797 Patavia
2775 3739 2837 3796 in
2870 3739 3064 3797 fronte
3099 3758 3133 3797 a
3165 3739 3263 3797 cui
3299 3748 3510 3797 stanno
3545 3739 3628 3814 gli
3664 3739 3904 3797 stemmi
3938 3739 3999 3797 di
4033 3740 4403 3797 Alessandro
4437 3741 4522 3797 VI

699 3835 874 3893 viene
897 3835 1180 3910 riportata
1203 3836 1261 3893 la
1286 3835 1467 3893 storia
1490 3836 1650 3893 della
1671 3854 1930 3910 papessa
1954 3835 2289 3893 Giovanna.
2318 3835 2532 3893 Anche
2556 3835 2618 3892 in
2642 3854 2762 3893 una
2784 3844 2945 3893 terza
2968 3835 3246 3893 edizione
3271 3836 3369 3893 del
3393 3835 3815 3893 memorabilia
3841 3854 3958 3893 con
3982 3836 4167 3893 molte
4193 3835 4521 3893 variazioni

699 3931 857 3988 dalle
881 3930 1244 4005 precedenti,
1275 3939 1565 4005 stampata
1588 3930 1650 3987 in
1675 3932 1872 3988 Roma
1894 3930 2331 4005 precisamente
2356 3931 2455 3988 nel
2488 3930 2641 3988 1515
2670 3949 2704 3988 a
2728 3930 2825 3988 cui
2851 3949 3049 3988 vanno
3075 3930 3224 3988 uniti
3249 3930 3269 3987 i
3294 3930 3619 3998 mirabilia,
3648 3939 3706 3988 et
3730 3931 3786 3988 le
3814 3930 4168 4004 indulgenze
4195 3931 4228 3988 e
4251 3930 4413 4005 ripor
4442 3932 4519 4005 [p.

699 4026 971 4096 205]tata
994 4027 1052 4084 la
1075 4027 1235 4084 detta
1260 4026 1441 4084 storia
1463 4027 1623 4084 della
1644 4045 1902 4101 papessa
1926 4026 2246 4084 Giovanna
2270 4026 2630 4084 all’articolo
2655 4027 2739 4084 ad
2761 4028 3044 4084 Sanctum
3072 4026 3439 4084 Clementem
3463 4026 3525 4083 in
3549 4026 3745 4101 questi
3769 4026 4023 4084 termini.

696 4125 843 4180 Item
871 4123 1130 4180 babetur
1156 4125 1214 4180 in
1242 4125 1399 4180 serie
1425 4125 1835 4180 Romanorum
1861 4123 2225 4196 Pontificum
2253 4123 2419 4196 quod
2441 4123 2753 4180 Johannes
2775 4122 3069 4196 Anglicus
3089 4134 3234 4196 post
3256 4125 3519 4180 Leonem
3546 4123 3703 4180 sedit
3726 4125 3904 4180 annis
3931 4123 4181 4190 duobus,
4216 4123 4523 4180 mensibus

699 4221 977 4292 quinque,
1020 4230 1078 4276 et
1108 4219 1323 4276 diebus
1357 4230 1630 4292 quatuor,
1672 4221 1911 4276 vacavit
1941 4219 2118 4276 sedes
2151 4238 2355 4276 mense
2391 4239 2525 4286 uno,
2568 4230 2631 4276 ut
2661 4221 2957 4276 asseritur
2973 4219 3209 4292 femina
3230 4219 3364 4292 fuit,
3407 4230 3465 4276 et
3484 4218 3744 4292 juvenili
3777 4219 3986 4276 habitu
4020 4219 4100 4276 ab
4134 4230 4375 4276 amante
4409 4238 4521 4276 suo

693 4315 945 4372 Athenis
975 4315 1181 4372 ducta:
1218 4317 1276 4372 in
1306 4315 1561 4372 diversis
1591 4317 1861 4372 scientiis
1893 4326 2120 4372 tantum
2143 4315 2430 4388 profecit;
2465 4326 2528 4372 ut
2553 4317 2782 4372 Romae
2815 4315 3055 4372 tandem
3087 4314 3316 4388 legeret
3343 4315 3427 4372 ad
3455 4317 3786 4382 triennium,
3826 4326 3884 4372 et
3911 4334 4167 4388 magnos
4197 4317 4522 4388 magistros

699 4411 953 4468 baberet
979 4410 1338 4484 discipulos:
1370 4430 1483 4468 nec
1512 4411 1630 4468 sibi
1658 4413 1978 4484 quisquam
2007 4410 2220 4468 similis
2252 4411 2473 4468 ibidem
2505 4411 2970 4468 ineveniebatur.
3005 4413 3235 4484 Magne
3267 4413 3468 4484 itaque
3498 4413 3803 4478 scientiae,
3842 4422 3900 4468 et
3926 4413 4232 4484 opinionis
4263 4413 4521 4468 existens

701 4508 759 4563 in
787 4508 1022 4579 Papam
1051 4506 1439 4563 concorditer
1465 4505 1743 4579 elegitur:
1775 4506 1886 4563 sed
1914 4508 1972 4563 in
1994 4517 2332 4579 papatump
2354 4525 2473 4579 per
2484 4505 2859 4579 familiarem
2890 4508 3314 4579 impregnatur.
3355 4508 3569 4563 Verum
3599 4517 3831 4579 tempus
3852 4517 4069 4579 partus
4100 4508 4415 4579 ignorans:
4447 4506 4522 4563 de

698 4613 912 4659 sancto
952 4604 1134 4659 Petro
1178 4604 1236 4659 in
1275 4604 1640 4659 Lateranum
1682 4602 1957 4668 tendens;
2001 4604 2349 4675 angustiata
2383 4604 2626 4675 peperit
2666 4604 2822 4659 inter
2862 4601 3183 4669 Coliseum,
3233 4613 3291 4659 et
3329 4613 3604 4659 sanctum
3648 4601 4029 4669 Clementem,
4079 4613 4137 4659 et
4177 4602 4411 4669 ibidem,
4461 4613 4524 4659 ut

698 4698 930 4765 dicitur,
967 4700 1231 4755 moritur.
1266 4700 1446 4755 Hanc
1476 4700 1634 4755 viam
1663 4698 1908 4771 quando
1937 4700 2110 4771 Papa
2140 4697 2427 4771 obliquat,
2464 4698 2687 4755 dicitur
2711 4718 2749 4755 a
2772 4697 3085 4771 plerisque
3116 4698 3282 4771 quod
3300 4709 3558 4771 propter
3583 4698 4042 4755 detestationem
4058 4698 4212 4771 fasti
4241 4698 4358 4755 hoc
4374 4698 4519 4771 fiat;

698 4813 811 4851 nec
832 4796 1086 4867 ponitur
1113 4796 1171 4851 in
1201 4793 1487 4867 catalogo
1515 4794 1891 4867 Pontificum,
1920 4805 2178 4867 propter
2202 4793 2513 4851 mulierem
2541 4813 2746 4851 sexum
2777 4795 2799 4865 (
2801 4796 2890 4851 sic
2894 4795 2917 4865 )
2947 4805 3236 4867 quantum
3264 4794 3348 4851 ad
3374 4794 3532 4851 hanc
3559 4794 4026 4867 diﬂormitatem.
4060 4793 4161 4851 Gli
4192 4793 4431 4851 stemmi
4460 4793 4521 4851 di

698 4891 866 4947 Leon
893 4891 950 4946 X
982 4898 1192 4947 stanno
1221 4889 1500 4964 impressi
1529 4890 1627 4947 nel
1656 4890 1989 4947 volumetto
2021 4889 2338 4964 singolare,
2370 4908 2403 4947 e
2430 4890 2549 4947 ben
2578 4908 2769 4947 aveva
2794 4889 3041 4964 ragione
3069 4889 3113 4946 il
3142 4889 3406 4947 cardinal
3436 4890 3718 4947 Galeotto
3748 4889 3809 4947 di
3840 4889 4097 4947 scrivere
4127 4908 4161 4947 a
4187 4891 4520 4947 Francesco

698 4985 1032 5043 Albertino:
1073 4987 1278 5057 Quare
1311 4985 1618 5043 mirabilia
1649 4988 1879 5043 Romae
1915 4986 2278 5059 imperfecta,
2305 4985 2782 5059 fabularumque
2815 4988 2993 5059 nugis
3018 4985 3207 5059 plena
3240 5006 3361 5043 non
3395 4987 3714 5059 corrigus?
3746 4987 3856 5043 Ma
3885 4986 4031 5060 però
4065 4994 4277 5060 questo
4311 4986 4388 5043 da
4418 4985 4521 5043 noi

697 5080 982 5155 riportato
1016 5080 1065 5138 si
1096 5081 1249 5138 vede
1279 5080 1576 5155 impresso
1607 5080 1670 5137 in
1700 5082 1897 5138 Roma
1929 5089 2119 5138 stessa
2148 5080 2366 5155 cinque
2399 5080 2537 5138 anni
2568 5081 2731 5155 dopo
2763 5080 2874 5138 che
2905 5099 3005 5138 era
3035 5080 3134 5155 già
3166 5089 3459 5155 stampato
3491 5080 3534 5137 il
3565 5080 3719 5138 libro
3751 5080 4218 5148 dell’Albertini,
4254 5089 4409 5138 sotto
4441 5099 4522 5138 un

699 5195 843 5251 gran
868 5176 1246 5251 pontificato,
1277 5195 1310 5234 e
1337 5176 1399 5233 in
1425 5185 1630 5251 tempo
1659 5176 1720 5234 di
1748 5176 1919 5234 molti
1948 5176 2096 5234 lumi
2127 5176 2315 5251 sparsi
2343 5177 2441 5234 nel
2471 5177 2695 5234 secolo.
2727 5178 2813 5234 La
2839 5195 3092 5234 censura
3118 5177 3276 5234 delle
3306 5185 3536 5251 stampe
3564 5195 3686 5234 non
3714 5176 4044 5234 esercitava
4070 5185 4432 5234 certamente
4459 5176 4522 5233 in

700 5273 887 5330 allora
909 5291 1027 5330 una
1048 5272 1321 5347 rigorosa
1344 5272 1681 5347 disciplina.

476 5464 655 5523 3795.
687 5466 892 5521 MIRRI
919 5464 1253 5532 Lodovico,
1285 5466 1369 5522 Le
1400 5464 1635 5522 antiche
1665 5483 1901 5522 camere
1931 5465 2089 5522 delle
2118 5473 2304 5522 terme
2334 5464 2395 5522 di
2423 5464 2578 5532 Tito,
2611 5483 2644 5522 e
2674 5465 2730 5522 le
2759 5465 2889 5522 loro
2917 5464 3132 5539 pitture
3160 5464 3448 5522 restituite
3479 5465 3534 5522 al
3562 5464 3870 5539 pubblico,
3902 5464 4216 5532 delineate,
4248 5464 4456 5532 incise,
4489 5483 4522 5522 e

699 5559 944 5634 dipinte,
972 5559 1250 5617 descritte
1275 5560 1352 5617 da
1376 5559 1685 5634 Giuseppe
1710 5559 1973 5627 Carletti,
2000 5561 2198 5617 Roma
2228 5559 2403 5627 1776,
2430 5559 2492 5616 in
2516 5559 2621 5617 fol.

698 5657 765 5712 In
794 5664 1006 5730 questo
1038 5656 1283 5713 volume
1313 5674 1435 5713 non
1467 5674 1617 5713 sono
1648 5655 1760 5713 che
1790 5656 1846 5713 le
1876 5655 2238 5713 descrizioni
2268 5674 2301 5713 e
2331 5656 2389 5713 la
2417 5655 2649 5723 dedica,
2682 5656 2739 5713 le
2769 5655 2931 5730 quali
2960 5655 3023 5712 in
3053 5655 3330 5730 foglietto
3359 5655 3602 5730 piccolo
3633 5674 3670 5713 0
3701 5664 3909 5730 quarto
3940 5656 4162 5730 grande
4193 5674 4521 5730 apparvero

701 5760 1171 5826 separatamente
1205 5752 1363 5809 dalle
1396 5752 1614 5819 tavole,
1651 5770 1826 5809 come
1858 5751 2102 5809 rilevasi
2136 5751 2501 5809 dall’avviso
2536 5751 2597 5809 di
2632 5751 3047 5809 associazione
3081 5751 3192 5809 che
3227 5751 3287 5809 vi
3321 5770 3397 5809 va
3430 5770 3706 5809 annesso.
3744 5751 3925 5809 Libro
3960 5751 4021 5809 di
4062 5752 4175 5809 100
4208 5751 4427 5826 pagine
4460 5751 4522 5808 in

699 5856 859 5905 carta
882 5848 1121 5922 grande.
1149 5848 1497 5922 Esemplare
1522 5847 1583 5905 di
1608 5847 1824 5905 dedica
1847 5848 2007 5905 della
2028 5847 2357 5905 biblioteca
2380 5847 2441 5905 di
2464 5847 2572 5905 Pio
2597 5849 2698 5905 VI.

476 6039 655 6098 3796.
682 6041 888 6096 MIRRI
910 6039 1244 6107 Lodovico,
1271 6039 1547 6114 Vestigia
1570 6040 1728 6097 delle
1752 6048 1937 6097 terme
1962 6039 2023 6097 di
2047 6039 2202 6107 Tito,
2230 6058 2263 6097 e
2288 6040 2418 6097 loro
2442 6039 2669 6097 interne
2692 6039 2925 6114 pitture,
2952 6039 3014 6096 in
3039 6039 3144 6097 fol.
3174 6040 3269 6097 atl.
3298 6058 3380 6114 gr.

700 6135 929 6206 Questo
957 6134 1359 6209 grandissimo
1387 6135 1633 6192 volume
1660 6134 1937 6192 contiene
1964 6135 2020 6192 le
2048 6134 2120 6192 61
2153 6135 2371 6202 tavole,
2401 6134 2498 6192 cui
2526 6134 2867 6209 appartiene
2893 6134 2936 6191 il
2962 6143 3115 6192 testo
3142 6134 3424 6192 indicato.
3454 6136 3540 6192 La
3565 6134 3900 6192 medesima
3925 6134 4141 6192 dedica
4166 6134 4277 6192 che
4304 6135 4337 6192 e
4363 6135 4523 6192 nella

699 6230 1074 6288 descrizione
1115 6230 1338 6288 trovasi
1380 6230 1689 6305 intagliata
1729 6230 1791 6287 in
1830 6249 1995 6288 rame
2037 6231 2197 6288 nella
2235 6230 2429 6305 prima
2468 6230 2706 6305 pagina,
2751 6231 2827 6288 ed
2868 6231 2901 6288 e
2941 6249 3048 6305 per
3088 6239 3300 6305 questo
3343 6230 3454 6288 che
3496 6231 3552 6288 le
3594 6231 3795 6288 tavole
3836 6230 3898 6287 in
3939 6231 4124 6305 luogo
4167 6231 4401 6288 d’esser
4442 6230 4520 6288 60

697 6326 1031 6401 rivengono
1058 6345 1092 6384 a
1116 6326 1212 6384 61.

2171 6657 2347 6694 WWW.
2358 6637 2734 6710 memofonte.
2748 6639 2791 6694 it
