4958 7017
1981 864 2366 922 Fondazione
2390 864 2775 922 Memofonte
2800 865 2976 922 onlus

1390 960 1600 1018 Studio
1624 979 1731 1035 per
1754 960 2226 1018 l’elaborazione
2250 960 2632 1018 informatica
2655 961 2813 1018 delle
2838 960 2991 1018 fonti
3018 960 3571 1018 storico—artistiche

708 1248 763 1305 al
787 1249 1006 1315 XVIII,
1033 1247 1296 1305 Livorno
1329 1247 1440 1305 175
1450 1248 1504 1315 3,
1531 1247 1593 1304 in
1616 1248 1672 1305 4.

708 1344 1112 1418 Quest’opera
1149 1362 1271 1401 non
1310 1344 1343 1401 e
1385 1362 1448 1401 se
1487 1362 1610 1401 non
1648 1362 1767 1401 una
1805 1343 2083 1401 versione
2123 1344 2221 1401 dal
2261 1343 2534 1401 francese
2574 1344 2672 1401 del
2711 1352 2943 1401 trattato
2986 1362 3163 1418 sopra
3201 1344 3257 1401 le
3295 1343 3483 1418 pietre
3521 1343 3827 1418 intagliate
3867 1343 3928 1401 di
3967 1343 4264 1411 Mariette,
4307 1343 4404 1401 cui
4443 1343 4486 1400 il

706 1440 1027 1497 traduttore
1053 1439 1187 1497 fece
1212 1439 1343 1497 utili
1369 1448 1509 1497 note
1535 1440 1611 1497 ed
1637 1439 1918 1514 aggiunte
1944 1440 2042 1497 col
2069 1448 2212 1497 voto
2239 1440 2334 1497 de’
2365 1439 2543 1514 primi
2569 1439 2838 1497 letterati.
2867 1441 3092 1497 Manca
3115 1439 3177 1496 in
3202 1448 3413 1514 questa
3437 1439 3685 1497 materia
3709 1440 4004 1514 un’opera
4026 1439 4131 1514 più
4155 1439 4218 1496 in
4243 1440 4484 1514 grande,

707 1535 818 1593 che
857 1536 890 1593 e
929 1536 1118 1593 molto
1158 1535 1575 1603 desiderabile,
1615 1535 1835 1610 poiché
1873 1544 2018 1593 tutte
2057 1536 2113 1593 le
2150 1535 2416 1593 ricerche
2455 1535 2618 1610 degli
2657 1535 2871 1593 eruditi
2912 1535 2961 1593 si
3003 1554 3153 1593 sono
3195 1554 3430 1610 sempre
3469 1535 3678 1593 dirette
3715 1554 3822 1610 per
3859 1536 3917 1593 la
3952 1544 4117 1610 parte
4158 1535 4376 1593 storica
4413 1536 4489 1593 ed

708 1631 1053 1706 antiquaria,
1080 1640 1295 1706 troppo
1320 1632 1704 1689 trascurando
1730 1631 1791 1689 di
1816 1650 2126 1689 osservare
2151 1632 2207 1689 le
2232 1650 2472 1706 gemme
2497 1650 2530 1689 e
2555 1632 2611 1689 le
2636 1631 2938 1706 medaglie
2963 1650 3139 1689 come
3162 1631 3535 1706 produzione
3560 1632 3851 1689 dell’arte.

474 1822 655 1880 2860.
687 1823 1126 1880 GLANDORPIO
1152 1824 1320 1890 Joan,
1349 1822 1580 1880 Notitia
1606 1822 1874 1880 familiae
1902 1822 2036 1880 Caii
2062 1822 2203 1880 Iulii
2231 1822 2471 1880 Cesaris
2500 1822 2824 1890 dictatoris,
2854 1831 2912 1880 et
2938 1822 3072 1880 Caii
3100 1822 3377 1880 Caesaris
3406 1822 3725 1880 Octaviani
3752 1822 4030 1897 Augusti,
4059 1822 4488 1897 intelligendae

706 1920 1017 1976 Romanae
1042 1918 1343 1976 Historiae
1366 1918 1655 1993 perutilis,
1682 1918 1923 1976 Parisiis
1956 1918 2131 1986 1634,
2158 1918 2220 1975 in
2243 1919 2300 1986 4,
2327 1920 2415 1976 M.
2446 1919 2540 1976 33.

704 2015 1100 2089 Opuscoletto
1124 2014 1404 2089 prezioso
1428 2033 1535 2089 per
1558 2015 1616 2072 la
1641 2033 1747 2072 sua
1770 2014 2134 2072 erudizione.

474 2206 655 2264 2861.
687 2207 1080 2264 GODOFREDI
1103 2208 1192 2264 Jo.
1223 2206 1644 2281 goettingensi,
1674 2208 1872 2264 Beam
1897 2215 2205 2264 monetam
2230 2225 2306 2264 ex
2332 2206 2628 2264 memoria
2653 2206 2838 2264 veteri
2866 2206 3152 2281 auspiciis
3181 2206 3542 2281 amplissimi
3567 2206 4072 2281 philosophorum
4097 2206 4324 2264 ordinis
4352 2215 4485 2274 etc.,

707 2301 1068 2359 Helmstadii
1100 2302 1275 2369 1717,
1302 2301 1364 2358 in
1387 2302 1444 2369 4,
1471 2303 1559 2359 M.
1588 2301 1684 2359 57.

716 2398 851 2455 Con
875 2406 1106 2472 quattro
1132 2397 1433 2472 medaglie
1460 2398 1563 2455 sul
1595 2397 2006 2472 frontespizio.

474 2589 655 2647 2862.
713 2590 943 2647 GOETII
994 2589 1328 2657 Zacharim,
1384 2591 1478 2647 De
1532 2589 1795 2647 nummis
1850 2589 2299 2647 dissertationes
2355 2589 2567 2664 viginti
2620 2589 2683 2646 in
2735 2608 2924 2647 unum
2976 2590 3264 2647 volumen
3315 2590 3591 2647 redactae
3644 2608 3762 2647 una
3814 2608 3956 2647 cum
4008 2589 4220 2664 figuris
4276 2589 4483 2657 aereis,

706 2685 1156 2760 Vittembergae
1188 2685 1363 2753 1716,
1390 2685 1452 2742 in
1483 2686 1574 2753 12,
1601 2685 1705 2760 fig.

706 2783 773 2838 In
795 2781 1093 2856 principio
1119 2782 1152 2839 e
1176 2781 1219 2838 il
1242 2781 1466 2839 ritratto
1492 2782 1849 2839 dell’autore
1874 2800 1907 2839 e
1932 2782 1988 2839 le
2012 2781 2313 2856 medaglie
2337 2781 2644 2856 intagliate
2670 2782 2722 2839 a’
2755 2781 2963 2856 luoghi
2987 2781 3234 2839 indicati
3258 2782 3356 2839 nel
3380 2790 3552 2839 testo.

474 2972 655 3030 2863.
713 2973 983 3030 GOLTZII
1035 2972 1285 3030 Huberti
1339 2972 1771 3047 Herbipolitae,
1826 2972 2164 3030 Thesaurus
2217 2972 2303 3030 rei
2358 2972 2723 3047 antiquariae
2776 2972 3128 3040 uberrimus,
3185 2991 3260 3030 ex
3314 2972 3571 3047 antiquis
3625 2981 3749 3030 tam
3800 2972 4249 3040 numismatum,
4306 2991 4489 3047 quam

706 3087 1074 3126 marmorum
1096 3068 1588 3143 inscriptionibus
1614 3068 2007 3143 conquisitus,
2035 3077 2093 3126 et
2115 3068 2177 3125 in
2201 3069 2372 3126 locos
2398 3087 2755 3126 communes
2781 3068 3146 3136 distributus,
3174 3068 3541 3143 Antuerpiae
3565 3069 3750 3126 Plant.
3786 3068 3960 3136 1579,
3987 3068 4049 3125 in
4072 3069 4128 3126 4.

474 3260 655 3318 2864.
702 3261 972 3318 GOLTZII
1013 3260 1264 3318 Huberti
1307 3260 1738 3335 Herbipolitae,
1783 3260 1941 3318 Fasti
1983 3260 2465 3335 Magistratuum,
2512 3269 2570 3318 et
2610 3260 3048 3335 triumphorum
3088 3262 3366 3318 Romano
3415 3262 3493 3335 [p.
3541 3260 3783 3330 61]rum
3824 3261 3897 3318 ab
3940 3261 4085 3318 urbe
4128 3260 4371 3318 condita
4413 3261 4488 3318 ad

706 3355 966 3430 Augusti
991 3355 1225 3413 obitum
1248 3374 1323 3413 ex
1348 3355 1606 3430 antiquis
1632 3355 2058 3423 monumentis,
2086 3355 2453 3430 Antuerpiae
2485 3355 2659 3423 1644,
2686 3355 2747 3412 in
2771 3355 2833 3423 f.,
2862 3355 2966 3430 fig.

710 3487 793 3491 —
815 3451 1088 3509 Accedit:
1118 3452 1395 3526 ejusdem
1416 3451 1727 3509 thesaurus
1752 3451 1838 3509 rei
1864 3451 2228 3526 antiquariae
2252 3451 2613 3509 uberrrimus
2639 3452 2860 3509 eodem
2882 3452 3040 3519 loco,
3068 3460 3126 3509 et
3150 3470 3324 3509 anno.

708 3548 909 3622 Opera
934 3556 1225 3622 stampata
1248 3566 1365 3605 con
1389 3547 1598 3622 grandi
1623 3566 1763 3605 cure
1787 3547 2185 3622 tipografiche
2208 3566 2315 3622 per
2338 3548 2396 3605 la
2419 3547 2643 3605 varietà
2666 3547 2765 3605 dei
2790 3547 3059 3605 caratteri
3084 3566 3117 3605 e
3142 3548 3300 3605 delle
3324 3547 3630 3605 iscrizioni
3655 3566 3772 3605 con
3803 3548 3917 3606 192
3942 3548 4142 3605 tavole
4166 3547 4228 3604 in
4250 3566 4431 3605 rame.

474 3739 655 3797 2865.
693 3740 979 3807 GOLTZII,
1016 3740 1122 3814 Caj
1161 3739 1301 3797 Iulii
1335 3739 1612 3797 Caesaris
1646 3739 1924 3814 Augusti,
1961 3748 2019 3797 et
2050 3739 2274 3797 Tiberii
2307 3739 2686 3807 numismata,
2722 3739 3019 3797 Ludovici
3052 3739 3239 3797 Nonii
3273 3739 3707 3797 commentario
3741 3739 4046 3797 illustrata.
4083 3740 4488 3797 Accesserunt

709 3835 1084 3910 singulorum
1107 3835 1264 3893 vitae
1289 3854 1365 3893 ex
1391 3835 1699 3903 Svetonio,
1727 3835 2094 3910 Antuerpiae
2126 3835 2301 3903 1644,
2327 3835 2389 3892 in
2413 3835 2540 3903 fol.,
2568 3835 2673 3910 fig.

707 3931 842 3988 Con
865 3931 1066 3988 tavole
1098 3931 1210 3988 137
1237 3930 1542 4005 intagliate
1566 3930 1629 3987 in
1651 3949 1832 3988 rame.

474 4122 655 4180 2866.
703 4123 989 4190 GOLTZII,
1037 4122 1262 4190 Sicilia,
1308 4131 1366 4180 et
1407 4124 1637 4197 Magna
1680 4122 1952 4190 Graecia,
2000 4122 2128 4180 sive
2171 4122 2455 4180 historiae
2498 4122 2737 4180 urbium
2778 4131 2836 4180 et
2876 4123 3242 4197 populorum
3284 4122 3539 4180 Greciae
3582 4141 3657 4180 ex
3700 4122 3958 4197 antiquis
4002 4122 4484 4190 numismatibus,

706 4218 1073 4293 Antuerpiae
1105 4218 1280 4286 1644,
1306 4218 1368 4275 in
1392 4218 1519 4286 fol.,
1547 4218 1652 4293 fig.

712 4315 847 4372 Con
873 4315 948 4372 37
975 4323 1090 4372 tav.
1118 4314 1180 4371 in
1202 4333 1384 4372 rame.

474 4505 655 4563 2867.
693 4506 979 4573 GOLTZII,
1017 4505 1271 4563 Greciae
1305 4506 1555 4580 ejusque
1588 4505 1920 4563 insularum
1951 4514 2010 4563 et
2042 4505 2227 4563 Asiae
2261 4505 2511 4563 minoris
2545 4505 2925 4573 numismata,
2961 4505 3258 4563 Ludovici
3291 4505 3478 4563 Nonii
3513 4505 3947 4563 commentario
3981 4505 4287 4573 illustrata,
4331 4505 4487 4563 1644

706 4601 1091 4676 Antuerpiae,
1118 4601 1180 4658 in
1204 4601 1331 4669 fol.,
1359 4601 1464 4676 fig.

711 4699 998 4755 Ventotto
1026 4716 1176 4755 sono
1202 4698 1258 4755 le
1282 4698 1483 4755 tavole
1508 4698 1668 4755 della
1692 4697 1911 4755 Grecia
1934 4716 1967 4755 e
1992 4697 2209 4772 cinque
2234 4698 2392 4755 delle
2416 4697 2570 4755 isole
2595 4697 2914 4755 dell’Asia.

474 4889 655 4947 2868.
684 4890 970 4957 GOLTZII,
997 4891 1210 4947 Icones
1235 4891 1670 4964 Imperatorum
1691 4891 2107 4947 Romanorum
2129 4908 2205 4947 ex
2227 4889 2441 4964 priscis
2467 4889 2930 4947 numismatibus
2957 4890 3032 4947 ad
3056 4889 3266 4947 vivum
3289 4889 3624 4947 delineatae
3649 4898 3759 4947 etc.

472 5021 555 5025 —
583 4985 863 5043 Accessit
890 4987 1324 5060 Imperatorum
1352 4987 1768 5043 Romanorum
1796 4985 2252 5043 Austriacorum
2283 4985 2465 5043 series
2498 4986 2571 5043 ab
2601 4986 2852 5043 Alberto
2882 4987 2935 5042 II
2964 5004 3154 5060 usque
3186 4986 3261 5043 ad
3289 4985 3732 5043 Ferdinandum
3759 4987 3840 5042 III
3871 4985 4125 5060 Gaspari
4156 4985 4484 5053 Gevarthii,

706 5080 1091 5155 Antuerpiae,
1119 5099 1194 5138 ex
1218 5080 1475 5138 officina
1497 5080 1886 5148 Plantiniana,
1921 5080 2096 5148 1645,
2123 5080 2185 5137 in
2209 5080 2336 5148 fol.,
2364 5080 2469 5155 fig.

707 5177 842 5234 Con
883 5177 983 5234 bel
1028 5176 1420 5251 frontespizio
1464 5176 1776 5251 intagliato
1821 5177 1898 5234 da
1940 5177 2119 5234 Corn.
2168 5177 2343 5234 Galle
2389 5177 2480 5234 sul
2524 5176 2779 5251 disegno
2824 5176 2885 5234 di
2928 5177 3192 5234 Rubens:
3244 5195 3394 5234 sono
3446 5176 3560 5234 160
3604 5177 3805 5234 tavole
3849 5176 3910 5234 di
3952 5176 4158 5234 ritratti
4201 5176 4263 5233 in
4306 5177 4486 5251 legno

707 5272 1058 5347 lumeggiati
1092 5272 1155 5329 in
1189 5273 1305 5330 due
1339 5272 1483 5330 tinte
1519 5272 1676 5330 assai
1710 5273 1829 5330 ben
1863 5272 2117 5347 eseguiti
2152 5291 2185 5330 e
2220 5272 2310 5330 fra
2343 5273 2399 5330 le
2434 5291 2616 5347 opere
2650 5272 2711 5330 di
2745 5273 2973 5330 Uberto
3010 5272 3230 5330 Golzio
3266 5273 3343 5330 da
3374 5272 3592 5330 tenersi
3626 5272 3688 5329 in
3721 5272 3997 5347 maggior
4028 5272 4238 5347 pregio
4274 5272 4486 5347 d’ogni

708 5369 868 5426 altra.

474 5559 655 5618 2869.
685 5560 856 5617 GORI
879 5560 1084 5617 Anton
1108 5561 1461 5627 Francesco,
1489 5559 1827 5617 Thesaurus
1854 5578 2231 5634 gemmarum
2255 5559 2633 5634 antiquarum
2657 5559 3061 5617 astriferarum
3084 5559 3401 5634 interprete
3426 5561 3515 5617 Jo.
3543 5561 3692 5634 Bap.
3720 5559 4013 5627 Passerio,
4042 5578 4183 5617 cura
4207 5568 4265 5617 et
4291 5559 4487 5617 studio

706 5656 844 5713 Ant.
872 5657 960 5713 Fr.
990 5655 1156 5723 Gori,
1183 5655 1517 5713 Florentiae
1549 5655 1724 5723 1750,
1751 5656 1870 5713 vol.
1901 5656 1955 5723 3,
1982 5655 2044 5712 in
2068 5655 2195 5723 fol.,
2223 5655 2328 5730 fig.

701 5752 865 5809 Sono
898 5752 1161 5826 dugento
1193 5752 1394 5809 tavole
1426 5751 1487 5809 di
1520 5770 1761 5826 gemme
1795 5752 1979 5809 scelte
2011 5752 2169 5809 dalle
2199 5751 2305 5826 più
2335 5751 2559 5826 insigni
2589 5751 2958 5809 biblioteche
2989 5751 3180 5809 incise
3211 5751 3274 5808 in
3303 5770 3486 5819 rame,
3521 5752 3670 5809 oltre
3704 5751 3782 5809 60
3815 5751 4078 5826 vignette
4110 5751 4172 5808 in
4204 5751 4301 5809 cui
4336 5770 4486 5809 sono

706 5847 1012 5922 intagliate
1050 5848 1378 5905 altrettante
1416 5866 1656 5922 gemme
1694 5866 1727 5905 e
1764 5848 1820 5905 le
1859 5847 1945 5905 sei
1981 5848 2181 5905 tavole
2218 5848 2612 5905 dell’Atlante
2648 5847 3010 5905 Farnesiano
3048 5866 3165 5905 con
3201 5847 3372 5905 molti
3407 5847 3827 5922 prolegomeni
3864 5866 3897 5905 e
3934 5847 4300 5905 discussioni
4337 5866 4370 5905 e
4414 5847 4483 5905 15

707 5943 1123 6001 dissertazioni
1148 5944 1246 6001 del
1270 5943 1503 6001 Passeri
1527 5944 1625 6001 nel
1649 5952 1813 6001 terzo
1839 5944 2083 6001 volume
2108 5962 2225 6001 con
2249 5943 2421 6001 molti
2445 5943 2649 6001 indici.

474 6135 655 6192 2870.
684 6135 855 6192 GORI
877 6134 1197 6202 Francisci,
1224 6134 1686 6209 Dactyliotheca
1711 6134 2060 6202 Smithiana,
2087 6134 2361 6192 Venetiis
2394 6134 2569 6202 1767,
2597 6135 2634 6191 2
2660 6135 2801 6202 vol.,
2828 6134 2890 6191 in
2914 6134 3041 6202 fol.,
3069 6134 3173 6209 fig.

716 6231 909 6288 Cento
940 6231 1141 6288 tavole
1170 6239 1527 6305 presentano
1559 6231 1615 6288 le
1646 6249 1887 6305 gemme
1917 6230 2205 6288 illustrate
2235 6231 2333 6288 nel
2362 6230 2558 6305 primo
2590 6249 2668 6288 vo
2705 6232 2783 6305 [p.
2819 6230 2919 6300 62]
2956 6231 3116 6288 lume
3147 6230 3416 6305 eseguite
3447 6249 3564 6288 con
3594 6230 3901 6288 mediocre
3931 6230 4180 6305 intaglio
4211 6230 4273 6287 in
4301 6249 4482 6288 rame.

707 6327 1076 6384 Consecrato
1113 6327 1146 6384 e
1181 6326 1224 6383 il
1262 6327 1528 6384 secondo
1564 6335 1732 6384 tomo
1770 6327 1887 6384 alla
1923 6326 2104 6384 storia
2138 6326 2542 6401 glittografica
2575 6327 2736 6384 nella
2770 6327 2946 6401 quale
2984 6345 3134 6384 sono
3169 6327 3431 6384 raccolte
3466 6327 3651 6384 molte
3688 6345 3721 6384 e
3755 6326 4031 6401 preziose
4066 6326 4289 6384 notizie
4325 6326 4487 6401 degli

708 6422 955 6480 artefici.
985 6423 1147 6480 Cose
1173 6422 1284 6480 che
1310 6441 1432 6480 non
1456 6422 1721 6480 trovansi
1748 6422 1919 6497 quasi
1945 6422 2065 6480 mai
2090 6423 2249 6480 nelle
2275 6441 2457 6497 opere
2483 6422 2544 6480 di
2569 6431 2781 6497 questo
2808 6441 3025 6497 genere
3051 6422 3342 6480 destinate
3369 6423 3444 6480 ad
3468 6422 3761 6480 illustrare
3786 6422 3806 6479 i
3831 6422 4206 6480 monumenti
4232 6441 4265 6480 e
4290 6431 4486 6480 tacere

2171 6657 2347 6694 WWW.
2358 6637 2734 6710 memofonte.
2748 6639 2791 6694 il
