4958 7017
1981 864 2366 922 Fondazione
2390 838 2775 922 Memofonte
2800 865 2976 922 onlus

1390 960 1600 1018 Studio
1624 979 1731 1035 per
1754 960 2226 1018 l’elaborazione
2250 960 2632 1018 informatica
2655 961 2813 1018 delle
2838 960 2991 1018 fonti
3018 960 3571 1018 storico—artistiche

483 1252 640 1320 142.
681 1253 872 1319 IDEA
907 1251 1024 1320 del
1058 1251 1365 1341 perfetto
1400 1251 1658 1341 pittore
1692 1273 1818 1341 per
1854 1251 2119 1320 servire
2155 1251 2227 1320 di
2262 1251 2510 1341 regola
2543 1251 2661 1320 nel
2697 1251 3019 1341 giudizio
3056 1251 3189 1320 che
3227 1251 3286 1320 si
3323 1251 3506 1320 deve
3541 1251 3853 1320 formare
3888 1251 4172 1320 intorno
4208 1251 4487 1341 l’opere

708 1366 824 1435 dei
853 1366 1116 1456 pittori,
1158 1366 1343 1436 1769
1374 1366 1663 1448 Torino,
1696 1366 1770 1434 in
1808 1367 1915 1435 12.

706 1477 887 1535 Libro
922 1477 1321 1552 superficiale,
1356 1477 1417 1535 di
1449 1477 1668 1535 cattiva
1699 1496 1732 1535 e
1766 1486 2049 1535 scorretta
2079 1477 2375 1545 edizione,
2409 1477 2452 1534 il
2483 1478 2659 1552 quale
2689 1496 2811 1535 non
2842 1478 2875 1535 e
2907 1477 3165 1535 formato
3196 1478 3361 1552 però,
3395 1478 3470 1535 né
3502 1486 3742 1535 estratto
3775 1478 4075 1535 dall’altro
4108 1477 4169 1535 di
4200 1477 4487 1535 Federico

706 1573 1016 1641 Zuccheri,
1042 1573 1373 1648 parimente
1400 1582 1694 1648 stampato
1720 1573 1782 1630 in
1805 1573 2029 1631 Torino
2062 1573 2215 1631 1607
2243 1573 2354 1631 che
2377 1582 2548 1648 porta
2571 1573 2742 1648 quasi
2767 1574 2827 1631 lo
2855 1582 3046 1631 stesso
3071 1573 3261 1631 titolo.

483 1789 640 1857 143.
678 1790 795 1856 DE
821 1790 857 1857 ]
863 1803 1049 1857 ORIO
1082 1788 1394 1870 Andrea,
1433 1788 1562 1857 Sul
1595 1788 1890 1857 metodo
1925 1788 2118 1878 degli
2154 1788 2419 1857 antichi
2453 1788 2572 1857 nel
2606 1788 2678 1857 di
2711 1788 3007 1878 pingere
3040 1788 3063 1856 i
3097 1788 3253 1857 vasi
3288 1810 3327 1857 e
3363 1788 3545 1857 sulle
3577 1799 4173 1878 rappresentanze
4207 1788 4321 1857 de’
4362 1788 4487 1878 più

707 1903 1157 1972 interessanti
1188 1903 1305 1972 del
1334 1905 1417 1972 R.
1450 1905 1741 1985 Museo,
1773 1903 2041 1993 Napoli
2080 1904 2288 1985 1813,
2321 1903 2395 1971 in
2428 1904 2491 1985 8,
2523 1905 2629 1972 M.
2664 1903 2779 1972 66.

483 2134 640 2202 144.
675 2135 792 2201 DE
815 2135 851 2202 ]
857 2148 1043 2202 ORIO
1073 2133 1385 2215 Andrea,
1421 2133 1770 2202 Scheletri
1802 2133 2090 2202 cumani
2122 2133 2517 2215 dilucidati,
2550 2133 2818 2223 Napoli
2858 2134 3066 2215 1810,
3100 2133 3174 2201 in
3208 2134 3271 2215 8,
3305 2133 3457 2223 fig.,
3491 2135 3597 2202 M.
3633 2133 3749 2215 66,
3784 2155 3923 2202 con
3954 2133 4215 2223 cinque
4244 2133 4486 2202 tavole

707 2248 781 2316 in
809 2270 1025 2317 rame.

706 2359 1010 2417 Memoria
1031 2359 1211 2434 piena
1234 2359 1295 2417 di
1320 2359 1556 2417 curiose
1581 2360 1657 2417 ed
1680 2359 2055 2417 interessanti
2080 2359 2320 2417 notizie.

485 2557 578 2645 [p.
613 2556 734 2638 231

483 2785 640 2854 145.
694 2787 1054 2867 JOULAIN,
1108 2785 1537 2854 Réflexions
1592 2807 1709 2854 sur
1757 2785 1827 2854 la
1875 2785 2199 2875 peinture
2251 2796 2320 2854 et
2368 2785 2439 2854 la
2489 2807 2789 2875 gravure
2842 2786 3416 2875 accompagnées
3470 2785 3692 2854 d’une
3744 2785 4200 2854 dissertation
4253 2807 4370 2854 sur
4420 2785 4488 2854 le

708 2922 1118 2969 commerce
1148 2900 1275 2969 des
1307 2900 1683 2969 curiosités
1716 2911 1785 2969 et
1813 2900 1939 2969 des
1970 2911 2219 2969 ventes
2251 2922 2340 2969 en
2371 2900 2681 2990 général,
2714 2902 2915 2969 Metz
2955 2900 3163 2982 1786,
3196 2900 3270 2968 in
3303 2901 3365 2969 8.

483 3130 640 3199 146.
711 3132 1087 3199 INTERIAN
1153 3130 1242 3199 de
1307 3130 1545 3220 Ayala
1607 3130 1926 3212 Joannis,
1995 3130 2232 3199 Pictor
2296 3130 2723 3199 christianus
2791 3130 3129 3212 eruditus,
3201 3130 3355 3199 sive
3421 3130 3511 3199 de
3577 3130 3954 3212 erroribus,
4023 3130 4146 3220 qui
4211 3130 4488 3220 passim

709 3245 1172 3314 admittuntur
1200 3245 1390 3314 circa
1416 3245 1817 3335 pingendas
1851 3267 2086 3314 sacras
2117 3245 2495 3335 imagines,
2528 3245 2690 3314 libri
2721 3256 2909 3327 octo,
2941 3245 3259 3314 Matricti
3298 3246 3506 3327 1730,
3539 3245 3613 3313 in
3641 3246 3709 3327 4,
3742 3267 3929 3335 mag.

718 3359 1400 3449 Stravagantissimo
1446 3359 1652 3441 libro,
1701 3359 1967 3428 dettato
2014 3359 2105 3428 da
2147 3381 2244 3428 un
2290 3359 2500 3428 caldo
2546 3359 2937 3428 fanatismo
2978 3371 3138 3428 nella
3176 3370 3442 3428 maniera
3481 3370 3542 3428 di
3583 3371 3802 3428 vedere
3843 3370 3904 3428 di
3945 3379 4157 3445 questo
4201 3370 4484 3428 scrittore.

715 3470 1030 3528 Estendesi
1056 3489 1090 3528 a
1112 3471 1234 3528 400
1258 3470 1477 3545 pagine
1504 3479 1795 3545 stampate
1819 3470 1881 3527 in
1905 3471 2021 3528 due
2046 3471 2323 3528 colonne.

483 3667 640 3735 147.
673 3668 877 3735 JUNII
904 3666 1288 3748 Francisci,
1321 3668 1433 3735 De
1462 3666 1738 3756 pictura
1765 3677 2090 3735 veterum
2118 3666 2240 3735 lib.
2276 3667 2341 3748 3,
2373 3666 2908 3735 Amstelodami
2947 3666 3155 3748 1637,
3188 3666 3262 3734 in
3295 3667 3357 3735 8.

702 3779 769 3834 In
807 3786 1017 3852 questa
1052 3777 1246 3852 prima
1283 3777 1562 3835 edizione
1600 3796 1722 3835 non
1763 3796 1913 3835 sono
1953 3777 2036 3852 gli
2075 3777 2312 3835 elenchi
2349 3777 2643 3852 ragionati
2682 3777 2844 3852 degli
2884 3777 3115 3835 artefici
3155 3777 3394 3845 antichi,
3436 3796 3613 3835 come
3651 3777 3916 3835 trovansi
3954 3777 4386 3835 nell’edizione
4424 3777 4487 3834 in

707 3873 918 3948 foglio.

483 4070 640 4138 148.
680 4071 884 4138 JUNII
917 4069 1301 4151 Francisci,
1341 4071 1453 4138 De
1489 4069 1765 4159 pictura
1799 4080 2123 4138 veterum
2158 4069 2320 4138 libri
2356 4080 2517 4138 tres.
2557 4069 2866 4138 Accedit
2901 4069 3271 4159 catalogus
3309 4069 3871 4151 mecanicorum,
3913 4069 4482 4151 architectorum,

706 4184 1085 4274 pictorum,
1119 4195 1276 4266 etc.,
1309 4184 1777 4253 Roterodami
1816 4184 2024 4266 1694,
2057 4184 2131 4252 in
2160 4184 2287 4253 fol.

711 4296 759 4352 Il
789 4295 1032 4370 miglior
1060 4295 1213 4353 libro
1244 4295 1355 4353 che
1388 4295 1437 4353 si
1467 4314 1734 4353 conosca
1761 4295 1823 4352 in
1852 4304 2065 4370 questo
2097 4314 2332 4370 genere,
2363 4314 2470 4370 per
2498 4295 2595 4353 cui
2625 4295 2668 4352 il
2698 4295 2838 4353 Dati
2870 4314 3118 4370 sospese
3148 4295 3209 4353 di
3238 4295 3588 4370 pubblicare
3617 4295 3883 4353 ulteriori
3912 4295 4052 4353 Vite
4083 4314 4117 4353 a
4145 4296 4344 4370 quelle
4374 4295 4486 4353 che

707 4390 884 4448 diede
910 4391 1027 4448 alla
1050 4391 1202 4458 luce,
1230 4391 1618 4448 conoscendo
1644 4390 1705 4448 di
1730 4390 1820 4448 far
1843 4409 1989 4448 cosa
2011 4390 2220 4448 inutile
2245 4409 2278 4448 e
2303 4390 2415 4448 che
2441 4390 2570 4448 altri
2596 4409 2788 4448 aveva
2809 4391 2928 4448 ben
2952 4390 3223 4448 esaurita.

483 4587 640 4656 149.
675 4588 1002 4655 KLÙBER
1024 4588 1060 4655 ]
1066 4601 1138 4655 O.
1172 4586 1611 4668 Ludovicus,
1644 4588 1756 4655 De
1784 4586 2061 4676 pictura
2089 4586 2620 4655 contumeliosa
2648 4586 3186 4668 commentatio,
3218 4586 3570 4676 Erlangae
3608 4587 3816 4668 1787,
3849 4586 3923 4654 in
3951 4587 4019 4668 4,
4051 4588 4157 4655 M.
4190 4586 4307 4655 45.

711 4698 890 4755 Nella
916 4697 1110 4772 prima
1137 4697 1359 4772 pagina
1387 4698 1420 4755 e
1451 4716 1569 4755 una
1596 4697 1838 4772 piccola
1865 4697 2162 4755 incisione
2193 4716 2309 4755 ove
2342 4706 2430 4755 sta
2458 4716 2735 4772 espressa
2762 4716 2881 4755 una
2907 4697 3125 4772 pittura
3152 4697 3482 4755 infamante
3513 4716 3546 4755 e
3579 4697 3832 4765 satirica,
3865 4698 3923 4755 la
3951 4697 4049 4755 cui
4078 4697 4487 4755 illustrazione

706 4793 929 4851 trovasi
954 4802 1151 4851 estesa
1173 4793 1235 4850 in
1258 4794 1504 4851 tedesco
1531 4794 1648 4851 alla
1672 4793 1797 4851 fine
1822 4794 2289 4868 dell’opuscolo.

483 4989 640 5058 150.
690 4991 1105 5071 LACOMBE,
1154 4991 1255 5058 Le
1303 4989 1663 5079 spectacle
1709 4989 1835 5058 des
1880 4989 2116 5058 beaux
2164 5000 2323 5071 arts,
2373 5011 2468 5058 ou
2513 4989 3083 5058 considerations
3129 4989 3551 5058 touchantes
3598 4989 3751 5058 leur
3794 5000 4039 5058 nature
4085 5000 4242 5071 etc.,
4291 4989 4485 5058 Paris

716 5104 924 5186 1758,
957 5104 1031 5172 in
1069 5105 1176 5173 12.

713 5216 1117 5290 Quest’opera
1142 5215 1191 5273 si
1216 5224 1420 5273 estene
1443 5215 1548 5290 più
1574 5216 1727 5273 sulla
1751 5215 1984 5273 musica
2007 5234 2040 5273 e
2065 5216 2123 5273 la
2144 5215 2357 5290 poesia
2380 5215 2491 5273 che
2518 5216 2671 5273 sulla
2692 5215 2925 5290 pittura.

630 5376 680 5381 —
725 5333 1198 5423 Aggiuntovi:
1253 5335 1391 5402 Les
1441 5355 1746 5423 moyens
1797 5333 1886 5402 de
1935 5333 2232 5402 dévénir
2277 5333 2588 5423 peintres
2640 5355 2729 5402 en
2776 5333 2949 5402 trois
2998 5333 3253 5402 heures
3304 5344 3373 5402 et
3420 5333 3839 5402 d’exécuter
3887 5355 3975 5402 au
4022 5333 4330 5423 pinceau
4378 5333 4484 5402 les

708 5470 1061 5538 ouvrages
1093 5448 1219 5517 des
1249 5448 1411 5538 plus
1444 5448 1703 5538 grands
1735 5449 2046 5530 maîtres,
2082 5470 2245 5517 sans
2278 5448 2479 5517 avoir
2508 5448 2746 5538 appris
2777 5448 2845 5517 le
2875 5448 3185 5530 dessein,
3218 5448 3412 5517 Paris
3452 5448 3659 5517 1755.

708 5560 937 5631 Questo
973 5559 1126 5617 libro
1162 5560 1260 5617 col
1295 5578 1507 5617 mezzo
1543 5559 1604 5617 di
1639 5559 1908 5634 dialoghi
1942 5559 2196 5634 insegna
2230 5560 2305 5617 ad
2340 5568 2631 5617 attaccare
2667 5560 2722 5617 al
2758 5568 2924 5617 vetro
2960 5560 3016 5617 le
3053 5568 3283 5634 stampe
3318 5560 3481 5634 dopo
3518 5560 3716 5617 averle
3750 5559 4084 5617 imbrattate
4119 5559 4180 5617 di
4215 5560 4420 5617 colore
4455 5578 4488 5617 e

705 5664 877 5730 porta
900 5656 960 5713 lo
988 5655 1268 5730 specioso
1293 5655 1465 5713 titolo
1489 5655 1771 5713 indicato.

483 5851 640 5920 151.
682 5853 1061 5920 LAIRESSE
1098 5851 1391 5933 Gerard,
1433 5851 1485 5919 il
1523 5873 1695 5941 gran
1732 5851 1916 5920 libro
1955 5851 2072 5920 dei
2109 5851 2350 5941 pittori
2391 5862 2745 5941 stampato
2783 5851 2857 5919 in
2895 5851 3260 5933 olandese,
3301 5851 3765 5920 Amsterdam
3810 5851 4018 5933 1716,
4059 5851 4204 5920 vol.
4247 5852 4291 5919 2
4329 5851 4403 5919 in
4449 5852 4477 5919 1

706 5977 908 6035 tomo
938 5966 1269 6056 figurato.

706 6077 999 6135 Edizione
1039 6077 1349 6152 originale,
1392 6096 1509 6135 ove
1549 6078 1605 6135 le
1645 6077 1928 6135 incisioni
1969 6078 2159 6135 molto
2198 6077 2303 6152 più
2342 6096 2663 6135 numerose
2704 6096 2737 6135 e
2782 6079 2860 6152 [p.
2904 6078 3006 6147 24]
3050 6077 3385 6152 pregievoli
3425 6077 3537 6135 che
3577 6078 3738 6135 nella
3776 6077 4054 6135 versione
4095 6077 4386 6145 francese,
4429 6078 4488 6135 la

705 6174 975 6231 rendono
1008 6173 1069 6231 di
1099 6173 1309 6248 pregio
1342 6173 1671 6248 maggiore,
1707 6173 2057 6248 aggiuntovi
2089 6192 2170 6231 un
2200 6182 2363 6231 terzo
2397 6174 2642 6231 volume
2674 6174 2873 6248 legato
2907 6173 3166 6231 assieme
3197 6174 3297 6231 dei
3320 6176 3589 6247 principi
3619 6173 3721 6231 del
3750 6174 4025 6247 disegno,
4062 6182 4355 6248 stampato
4388 6174 4486 6231 nel

714 6270 888 6327 1713.

2171 6657 2347 6694 WWW.
2358 6637 2734 6710 memofonte.
2748 6639 2791 6694 il
