4958 7017
1981 864 2366 922 Fondazione
2390 864 2775 922 Memofonte
2800 865 2976 922 onlus

1390 960 1600 1018 Studio
1624 979 1731 1035 per
1754 960 2226 1018 l’elaborazione
2250 960 2632 1018 informatica
2655 961 2813 1018 delle
2838 960 2991 1018 fonti
3018 960 3571 1018 storico—artistiche

483 1347 640 1416 168.
709 1349 998 1416 MENGS
1066 1347 1390 1416 Antonio
1457 1347 1812 1429 Rafaello,
1882 1348 2122 1437 Opere
2186 1347 2600 1437 pubblicate
2666 1347 2784 1416 dal
2850 1347 3206 1416 cavaliere
3272 1347 3611 1429 d’Azara,
3681 1347 4015 1416 edizione
4083 1358 4490 1416 aumentata

708 1462 1245 1531 dall’avvocato
1276 1462 1493 1531 Carlo
1522 1464 1684 1544 Fea,
1718 1464 1955 1531 Roma
1991 1463 2199 1544 1787,
2232 1462 2306 1530 in
2334 1463 2401 1531 4.

708 1573 1206 1645 Quest’edizione
1245 1574 1342 1648 pe’
1392 1573 1524 1631 suoi
1564 1573 1894 1631 commenti
1934 1574 1967 1631 è
2010 1573 2246 1631 stimata
2284 1574 2342 1631 la
2380 1573 2659 1648 migliore
2700 1592 2733 1631 e
2773 1574 2829 1631 le
2869 1592 3051 1648 opere
3090 1573 3355 1631 teoriche
3395 1573 3456 1631 di
3496 1582 3708 1648 questo
3751 1573 3967 1641 artista,
4011 1573 4384 1631 amicissimo
4426 1573 4487 1631 di

705 1669 1150 1737 Winkelmann,
1181 1688 1331 1727 sono
1355 1669 1533 1744 piene
1558 1669 1619 1727 di
1644 1669 1871 1744 giudizi
1898 1669 2043 1727 sani.

483 1865 640 1935 169.
683 1867 800 1933 DE
831 1867 1285 1947 MONTAMY,
1327 1865 1562 1934 Traité
1601 1865 1727 1934 des
1768 1865 2099 1934 couleurs
2138 1887 2320 1955 pour
2356 1865 2426 1934 la
2461 1865 2786 1955 peinture
2825 1887 2914 1934 en
2953 1865 3170 1934 email
3209 1876 3278 1934 et
3317 1887 3434 1934 sur
3470 1865 3541 1934 la
3576 1865 4010 1955 porcélaine,
4051 1865 4358 1955 precede
4397 1865 4487 1934 de

707 1980 871 2049 l’art
899 1980 988 2049 de
1016 1980 1313 2070 peindre
1345 2002 1462 2049 sur
1489 1980 1791 2062 l’email,
1824 1980 2018 2049 Paris
2058 1980 2266 2062 1765,
2299 1980 2373 2048 in
2411 1981 2518 2049 12.

483 2191 640 2259 170.
674 2192 1042 2259 MULLERI
1070 2190 1276 2272 Petri,
1311 2212 1440 2272 ec.,
1475 2192 1587 2259 De
1616 2190 1911 2280 pictura,
1944 2192 2163 2259 Janae
2202 2190 2410 2272 1692,
2444 2190 2518 2258 in
2547 2191 2614 2259 4.
2651 2190 2823 2259 Sive
2852 2190 3316 2280 praecognita
3343 2190 3682 2280 picturae,
3716 2192 3828 2259 De
3860 2190 4290 2259 excellentia
4320 2190 4484 2259 artis

706 2305 1073 2395 pictoriae,
1108 2307 1220 2374 De
1250 2305 1651 2395 privilegiis
1683 2316 1831 2374 tam
1860 2305 2178 2395 picturae
2209 2327 2428 2395 quam
2457 2305 2837 2395 pictorum,
2872 2307 2984 2374 De
3017 2305 3244 2374 abusu
3274 2305 3592 2395 picturae
3625 2316 3694 2374 et
3722 2327 3959 2395 poena
3987 2305 4366 2395 pictorum,
4400 2307 4485 2373 M

706 2420 823 2489 45.

708 2532 935 2603 Questa
958 2532 991 2589 e
1016 2550 1134 2589 una
1157 2531 1606 2599 dissertazione,
1634 2531 1879 2589 ossiano
1904 2531 2016 2589 tesi
2044 2540 2347 2589 sostenute
2371 2531 2434 2588 in
2458 2550 2576 2589 una
2597 2531 2885 2606 pubblica
2908 2531 3194 2589 funzione
3220 2531 3657 2589 all’università
3680 2531 3741 2589 di
3766 2533 3928 2589 Jena.

483 2728 640 2796 171.
673 2729 848 2796 NEU
875 2729 1090 2817 Mayr
1117 2727 1463 2809 Antonio,
1495 2727 1860 2796 Memoria
1890 2727 2440 2796 storico-critica
2470 2749 2682 2817 sopra
2709 2727 2779 2796 la
2805 2727 3084 2817 pittura,
3117 2727 3409 2796 Padova
3445 2728 3654 2809 1811,
3687 2727 3761 2795 in
3794 2728 3856 2796 8.

706 2838 957 2896 Trovasi
981 2838 1043 2895 in
1068 2838 1193 2896 fine
1218 2839 1316 2896 del
1341 2839 1618 2913 catalogo
1644 2839 1802 2896 delle
1825 2838 2040 2913 pitture
2065 2838 2334 2896 esistenti
2357 2857 2567 2913 presso
2592 2838 2635 2895 il
2660 2838 2970 2896 marchese
2994 2838 3384 2906 Manfredini,
3411 2840 3481 2895 M
3514 2839 3646 2896 104.

483 3035 640 3103 172.
679 3032 1288 3103 OBSÉRVATIONS
1327 3056 1444 3103 sur
1476 3034 1833 3103 l’histoire
1866 3034 2211 3103 naturelle
2245 3045 2314 3103 et
2344 3034 2703 3124 physique
2737 3034 2826 3103 de
2859 3034 2929 3103 la
2959 3034 3283 3124 peinture
3318 3056 3494 3103 avec
3530 3034 3656 3103 des
3690 3034 4034 3124 planches
4069 3034 4485 3124 imprimées

708 3171 797 3218 en
827 3149 1142 3231 couleur,
1175 3149 1370 3218 Paris
1410 3149 1618 3231 1752,
1652 3150 1696 3217 2
1726 3149 1870 3218 vol.
1904 3149 1978 3217 in
2006 3150 2073 3218 4.

708 3261 1112 3335 Quest’opera
1144 3260 1449 3318 cominciò
1485 3261 1560 3318 ad
1593 3260 1784 3318 escire
1819 3279 1853 3318 a
1885 3260 2058 3335 guisa
2090 3261 2239 3318 d’un
2273 3260 2541 3335 giornale
2575 3260 2873 3318 letterario
2907 3260 2969 3317 in
3002 3269 3210 3335 quarto
3245 3279 3278 3318 e
3311 3260 3373 3317 in
3413 3261 3503 3318 12.
3542 3261 3772 3332 Questo
3807 3261 4052 3318 volume
4086 3260 4364 3318 contiene
4400 3260 4486 3318 sei

707 3355 994 3413 divisioni
1022 3355 1282 3413 disunite
1310 3374 1426 3413 ove
1454 3356 1510 3413 le
1537 3356 1739 3413 tavole
1767 3355 1828 3413 di
1856 3356 2061 3413 colore
2089 3355 2333 3413 offrono
2361 3374 2441 3413 un
2469 3364 2700 3430 aspetto
2729 3355 2790 3413 di
2820 3355 3183 3430 singolarità,
3214 3355 3325 3413 che
3353 3364 3575 3430 quanto
3604 3355 3998 3413 disconviene
4027 3374 4061 3413 a
4087 3355 4231 3413 certi
4259 3355 4486 3430 oggetti

708 3452 1039 3509 altrettanto
1065 3452 1098 3509 e
1121 3451 1363 3526 propria
1385 3451 1447 3508 in
1472 3451 1669 3509 alcuni
1696 3451 1842 3509 altri.

481 3649 574 3737 [p.
609 3648 730 3730 281

483 3859 640 3927 173.
680 3856 1289 3927 OBSÉRVATIONS
1330 3858 1764 3948 historiques
1806 3869 1875 3927 et
1913 3858 2251 3948 critiques
2295 3880 2412 3927 sur
2449 3858 2555 3927 les
2597 3880 2867 3927 erreurs
2909 3858 3036 3927 des
3076 3858 3410 3948 peintres,
3457 3858 3853 3948 sculpteurs
3895 3869 3964 3927 et
4002 3858 4484 3927 dessinateurs

708 3973 884 4042 dans
915 3973 985 4042 la
1011 3973 1574 4063 representation
1604 3973 1731 4042 des
1765 3973 1984 4063 sujets
2014 3973 2181 4042 tires
2213 3973 2302 4042 de
2331 3973 2688 4042 l’histoire
2720 3973 2967 4055 sainte,
3000 3973 3194 4042 Paris
3234 3974 3442 4055 1771,
3476 3974 3520 4041 2
3550 3973 3694 4042 vol.
3728 3973 3802 4041 in
3840 3974 3947 4042 12.

706 4085 969 4159 L’opera
999 4085 1032 4142 è
1066 4093 1223 4142 stesa
1253 4103 1370 4142 con
1401 4085 1588 4142 molta
1619 4085 2027 4142 avvedutezza
2057 4103 2090 4142 e
2120 4084 2467 4159 profondità
2497 4084 2558 4142 di
2590 4084 2862 4142 dottrina.
2897 4086 2964 4141 In
2995 4084 3120 4142 fine
3153 4085 3208 4142 al
3238 4084 3434 4159 primo
3467 4085 3713 4142 volume
3748 4093 3836 4142 sta
3865 4103 3946 4142 un
3979 4085 4398 4159 supplemento
4432 4085 4487 4142 al

705 4180 900 4255 primo
926 4180 1211 4255 capitolo;
1239 4181 1315 4238 ed
1338 4180 1400 4237 in
1424 4180 1549 4238 fine
1575 4181 1630 4238 al
1657 4181 1924 4238 secondo
1949 4199 2029 4238 un
2054 4180 2266 4238 avviso
2292 4180 2403 4238 che
2426 4181 2609 4238 rende
2634 4189 2814 4238 conto
2841 4181 2896 4238 al
2919 4180 3208 4255 pubblico
3234 4180 3295 4238 di
3320 4181 3722 4255 quest’opera,
3748 4180 4097 4255 pubblicato
4123 4181 4200 4238 da
4222 4182 4398 4238 Bure.

483 4376 640 4444 174.
682 4376 1035 4444 OCCOLTI
1071 4376 1438 4444 Coronato
1477 4375 1568 4444 da
1603 4375 2002 4457 Canedolo,
2042 4377 2354 4444 Trattato
2392 4375 2506 4444 de’
2552 4375 2801 4457 colori,
2841 4386 3326 4444 nuovamente
3365 4386 3719 4465 stampato
3757 4397 3896 4444 con
3932 4375 4335 4465 l’aggiunta
4370 4375 4487 4444 del

710 4490 1123 4580 significato
1154 4490 1476 4559 d’alcuni
1507 4490 1701 4572 doni,
1736 4490 1853 4559 dal
1882 4490 2288 4559 medesimo
2319 4490 2482 4559 data
2509 4490 2583 4558 in
2612 4490 2795 4572 luce,
2828 4492 3100 4572 Parma,
3132 4512 3384 4580 presso
3416 4490 3588 4559 Seth
3617 4490 3891 4572 Viotto,
3933 4490 4141 4572 1568,
4174 4490 4248 4558 in
4281 4491 4343 4559 8.

706 4603 754 4658 E
782 4620 914 4659 raro
944 4601 987 4658 il
1016 4610 1249 4659 trovare
1279 4601 1599 4676 esemplari
1629 4601 2162 4669 conservatissimi,
2195 4620 2371 4659 come
2404 4620 2555 4659 sono
2585 4601 2716 4659 tutti
2747 4601 2932 4676 quelli
2962 4602 3122 4659 della
3150 4610 3353 4659 nostra
3381 4601 3738 4669 collezione,
3770 4601 3832 4658 in
3864 4601 4047 4659 simili
4078 4601 4342 4669 materie,
4375 4601 4486 4659 che

705 4716 812 4772 per
845 4698 901 4755 le
935 4697 1097 4755 mani
1132 4697 1193 4755 di
1227 4697 1357 4755 tutti
1390 4716 1720 4772 passarono
1757 4716 1790 4755 e
1824 4716 1946 4755 non
1980 4716 2243 4755 vennero
2279 4697 2399 4755 mai
2432 4697 2764 4772 ristampati
2799 4716 2836 4755 o
2871 4698 3065 4755 tutt’al
3098 4697 3203 4772 più
3237 4716 3312 4755 ne
3347 4697 3413 4755 fu
3447 4697 3593 4755 fatta
3627 4698 3841 4755 alcuna
3874 4698 4038 4755 volta
4070 4716 4189 4755 una
4224 4698 4488 4755 seconda

707 4793 1002 4851 edizione.

483 4989 640 5058 175.
681 4990 1268 5058 OSSERVAZIONI
1301 4989 1586 5058 intorno
1624 4989 1690 5058 al
1726 4989 2053 5058 discorso
2090 4989 2281 5058 della
2315 5011 2478 5058 cera
2511 4989 2776 5079 punica
2810 4989 2899 5058 de
2937 4989 3066 5079 sig.
3108 4989 3421 5058 cavalier
3454 4991 3741 5079 Lorgna
3773 4989 4098 5058 umiliate
4135 5011 4175 5058 a
4210 4990 4280 5058 S.
4319 4991 4397 5058 E.
4437 4989 4488 5057 il

708 5104 1063 5194 Capitano
1094 5104 1166 5173 di
1196 5106 1505 5173 Verona.
1538 5106 1791 5173 Estese
1821 5104 1912 5173 da
1938 5126 2035 5173 un
2066 5104 2430 5173 anonimo.
2464 5106 2757 5173 Verona
2793 5104 3001 5186 1785,
3034 5104 3108 5172 in
3136 5105 3203 5173 4.

597 5262 647 5267 —
699 5219 1166 5309 Aggiuntevi:
1228 5219 1658 5288 Riﬂessioni
1714 5219 2043 5288 sull’olio
2100 5219 2516 5288 combinato
2571 5219 2667 5288 da
2722 5219 3101 5307 dipingere
3160 5219 3519 5309 suggerite
3577 5219 3642 5288 ai
3699 5219 3921 5288 docili
3976 5219 4239 5309 pittori,
4298 5219 4490 5288 nella

708 5333 1225 5402 dissertazione
1257 5344 1607 5423 stampata
1634 5333 1753 5402 nel
1781 5344 1983 5402 tomo
2014 5333 2058 5402 6
2089 5333 2280 5402 della
2309 5333 2599 5402 Società
2626 5333 2937 5415 italiana,
2979 5334 3186 5403 1793.

597 5491 647 5496 —
673 5448 1146 5538 Aggiuntovi:
1181 5448 1510 5530 Fabroni,
1542 5448 1933 5530 Antichità,
1966 5448 2305 5538 vantaggi
2336 5470 2375 5517 e
2404 5448 2700 5517 metodo
2731 5448 2922 5517 della
2948 5448 3208 5538 pittura
3236 5459 3596 5530 encausta,
3630 5448 3955 5517 Venezia
3991 5449 4198 5517 1800.

597 5606 647 5611 —
676 5563 1149 5653 Aggiuntovi:
1187 5563 1466 5632 Astorri
1501 5563 1966 5645 Giammaria,
2002 5563 2217 5632 Della
2246 5563 2506 5653 pittura
2537 5563 2729 5632 colla
2760 5585 2923 5632 cera
2955 5563 3453 5645 all’encausto,
3488 5563 3873 5645 Memoria,
3909 5563 4235 5632 Venezia
4274 5563 4482 5645 1786,

707 5678 781 5746 in
814 5679 876 5747 8.

483 5889 640 5958 176.
690 5891 1015 5958 PASSERI
1057 5889 1367 5958 Niccola
1411 5889 1483 5958 di
1528 5891 1828 5971 Faenza,
1876 5891 2139 5958 Esame
2183 5889 2558 5979 ragionato
2607 5911 2818 5979 sopra
2861 5889 2931 5958 la
2974 5889 3250 5958 nobiltà
3294 5889 3485 5958 della
3527 5889 3787 5979 pittura
3831 5911 3870 5958 e
3916 5889 4107 5958 della
4153 5889 4483 5971 scultura,

706 6004 974 6094 Napoli
1013 6005 1221 6086 1783,
1254 6004 1328 6072 in
1361 6005 1423 6073 8.

708 6116 992 6190 Operetta
1013 6115 1201 6173 rifusa
1224 6116 1384 6173 nella
1410 6124 1712 6190 seguente.

483 6312 640 6380 177.
678 6313 1003 6380 PASSERI
1033 6311 1343 6380 Niccola
1375 6311 1447 6380 di
1480 6313 1780 6393 Faenza,
1817 6311 1958 6380 Del
1991 6311 2286 6380 metodo
2321 6311 2393 6380 di
2430 6311 2738 6380 studiare
2771 6311 2841 6380 la
2871 6311 3131 6401 pittura
3163 6333 3202 6380 e
3236 6311 3425 6380 delle
3459 6311 3747 6401 cagioni
3782 6311 3854 6380 di
3891 6333 4019 6380 sua
4051 6311 4482 6380 decadenza.

707 6426 1073 6516 Dialoghi,
1105 6426 1374 6516 Napoli
1413 6426 1621 6508 1795,
1654 6426 1798 6495 vol.
1833 6427 1877 6494 2
1907 6426 2123 6516 legati
2153 6426 2227 6494 in
2255 6448 2423 6508 uno,
2456 6426 2530 6494 in
2563 6427 2625 6495 8.

2171 6657 2347 6694 WWW.
2358 6637 2734 6710 memofonte.
2748 6639 2766 6694 i
2770 6648 2791 6694 t
