4958 7017
1981 864 2366 922 Fondazione
2390 864 2775 922 Memofonte
2800 865 2976 922 onlus

1390 960 1600 1018 Studio
1624 979 1731 1035 per
1754 960 2226 1018 l’elaborazione
2250 960 2632 1018 informatica
2655 961 2813 1018 delle
2838 960 2991 1018 fonti
3018 960 3571 1018 storico—artistiche

474 1536 655 1593 2810.

474 1823 655 1880 2811.

474 2111 655 2168 2812.

474 2494 655 2551 2813.

474 2782 655 2839 2814.

472 2991 529 3047 p.
559 2972 637 3030 54

474 3164 655 3222 2815.

474 3643 655 3701 2816.

474 4027 655 4084 2817.

474 4506 655 4563 2818.

474 4986 655 5044 2819.

474 5369 655 5426 2820.

474 5656 655 5713 2821.

474 6040 655 6097 2822.

701 1283 784 1287 —
814 1247 1189 1322 Aggiuntovi
1221 1266 1302 1305 un
1333 1247 1588 1322 disegno
1623 1247 2102 1322 singolarissimo
2135 1248 2439 1305 d’etrusca
2469 1247 2789 1322 medaglia,
2822 1256 3159 1322 presentata
3189 1266 3307 1305 con
3338 1247 3770 1305 un’iscrizione
3803 1248 3858 1305 al
3890 1247 4210 1305 Cardinale
4241 1247 4483 1322 Borgia,

708 1362 863 1401 anno
896 1344 1070 1402 1790.

706 1536 980 1593 CORSINI
1024 1535 1303 1603 Eduardi,
1352 1537 1446 1593 De
1494 1535 1814 1593 Minnisari
1862 1535 2237 1610 aliorumque
2284 1535 2610 1593 Armeniae
2656 1537 2895 1610 Regum
2940 1535 3223 1593 Nummis
3271 1544 3329 1593 et
3375 1535 3804 1593 Arsacidarum
3848 1535 4082 1610 epocha
4128 1535 4485 1603 dissertatio,

706 1631 952 1689 Liburni
984 1631 1159 1699 1754,
1186 1631 1248 1688 in
1271 1632 1328 1699 4,
1355 1633 1443 1689 M.
1471 1632 1568 1689 42.

691 1823 964 1880 CORSINI
993 1822 1273 1890 Eduardi,
1307 1822 1664 1880 Dissertatio
1696 1822 1758 1879 in
1789 1841 1907 1897 qua
1937 1822 2120 1880 dubia
2151 1823 2437 1880 adversus
2470 1822 2790 1880 Minnisari
2820 1822 2979 1897 regis
3011 1824 3348 1880 Nummum
3378 1822 3698 1890 diluuntur,
3732 1824 3964 1880 Romae
4003 1822 4178 1890 1757,
4212 1822 4274 1879 in
4304 1823 4361 1890 4,
4395 1824 4483 1880 M.

714 1919 804 1976 13.

686 2111 960 2168 CORSINI
984 2110 1263 2178 Eduardi,
1292 2110 1565 2185 Epistola
1589 2110 1651 2167 in
1678 2110 1954 2168 Gotarzis
1982 2110 2252 2168 Parthiae
2277 2110 2436 2185 regis
2464 2112 2816 2178 Nummum,
2846 2110 2949 2185 qui
2976 2110 3262 2168 hactenus
3290 2110 3549 2168 ineditus
3577 2110 3925 2185 explicatur,
3954 2112 4187 2168 Romae
4221 2110 4396 2178 1757,
4425 2110 4487 2167 in

706 2207 763 2274 4,
790 2208 878 2264 M.
914 2207 1003 2264 13.

711 2302 828 2359 Nel
853 2301 1246 2376 frontespizio
1272 2301 1333 2359 di
1359 2302 1654 2359 amendue
1679 2301 1763 2376 gli
1788 2301 2066 2376 opuscoli
2093 2320 2243 2359 sono
2269 2302 2325 2359 le
2350 2301 2651 2376 medaglie
2675 2301 2999 2376 intagliate.

706 2494 980 2551 CORSINI
1024 2493 1303 2561 Eduardi,
1352 2493 1660 2568 Epistolae
1706 2502 1822 2551 tres
1870 2493 2088 2568 quibus
2138 2493 2442 2568 Sulpiciae
2490 2493 2879 2568 Dryantillae,
2929 2493 3240 2551 Aureliani
3288 2512 3356 2551 ac
3404 2493 3748 2551 Vaballathi
3795 2494 4210 2568 Augustorum
4255 2493 4487 2551 nummi

707 2589 1079 2664 explicantur
1102 2598 1160 2647 et
1182 2589 1563 2657 illustrantur,
1590 2589 1836 2647 Liburni
1868 2589 2043 2657 1761,
2070 2589 2132 2646 in
2155 2590 2212 2657 4,
2240 2589 2366 2664 fig.,
2393 2591 2481 2647 M.
2517 2590 2607 2647 11.

683 2782 957 2839 CORSINI
979 2781 1258 2849 Eduardi,
1285 2783 1379 2839 De
1403 2781 1613 2839 Liviae
1637 2783 1906 2839 Nummo
1931 2781 2219 2856 Epistola,
2246 2781 2563 2839 Bononiae
2595 2781 2769 2849 1766,
2796 2781 2858 2838 in
2881 2782 2938 2849 4,
2966 2781 3092 2856 fig.,
3119 2783 3207 2839 M.
3238 2782 3333 2839 38.

698 3165 1034 3222 CRISTIANI
1071 3164 1312 3232 Aloisii,
1354 3164 1778 3239 Appendicula
1816 3165 1891 3222 ad
1928 3164 2292 3222 numismata
2330 3183 2546 3239 graeca
2581 3165 2947 3239 populorum
2983 3173 3041 3222 et
3077 3164 3332 3232 urbium,
3375 3183 3409 3222 a
3445 3165 3675 3222 Jacobo
3716 3165 3987 3222 Gesnero
4026 3164 4243 3222 tabulis
4284 3164 4486 3222 aeneis

705 3269 1160 3335 repraesentata,
1187 3260 1461 3318 Viennae
1493 3260 1668 3328 1769,
1695 3260 1756 3317 in
1779 3261 1836 3328 4,
1864 3260 1968 3335 fig.

708 3356 937 3427 Questo
974 3356 1353 3430 opuscoletto
1390 3374 1507 3413 con
1542 3356 1658 3413 due
1693 3364 1809 3413 tav.
1848 3355 1910 3412 in
1943 3374 2107 3413 rame
2143 3356 2176 3413 e
2211 3374 2332 3413 uno
2369 3355 2430 3413 di
2466 3355 2605 3430 quei
2640 3355 2784 3413 tanti
2820 3374 2937 3413 con
2972 3355 3069 3413 cui
3104 3355 3124 3412 i
3160 3355 3309 3413 dotti
3343 3355 3674 3430 professori
3710 3356 3808 3413 del
3844 3355 4125 3430 Collegio
4161 3355 4486 3413 Teresiano

707 3451 1002 3509 facevano
1028 3451 1288 3526 figurare
1312 3451 1332 3508 i
1357 3452 1487 3509 loro
1512 3451 1703 3509 nobili
1729 3451 1948 3509 alunni.

703 3644 1058 3701 CUCCAGNI
1100 3643 1360 3718 Aloysii,
1406 3645 1596 3701 Vetus
1641 3643 1945 3701 numisma
1986 3643 2141 3701 Petri
2185 3644 2624 3718 Apostolorum
2664 3643 2957 3718 Principis
3002 3662 3035 3701 e
3077 3643 3389 3701 ruderibus
3435 3643 3914 3701 Christianorum
3955 3643 4193 3718 Templi
4236 3643 4299 3700 in
4343 3662 4486 3718 agro

706 3739 1003 3797 Trebiano
1028 3758 1216 3814 nuper
1239 3748 1488 3807 erutum,
1515 3739 1578 3796 in
1605 3740 1657 3797 8.

698 3836 815 3893 Nel
840 3835 1233 3910 frontespizio
1258 3835 1452 3893 inciso
1477 3835 1540 3892 in
1562 3854 1727 3893 rame
1751 3835 1974 3893 trovasi
2000 3835 2189 3893 anche
2214 3836 2272 3893 la
2295 3835 2613 3910 medaglia.
2643 3836 3040 3910 Opuscoletto
3066 3835 3127 3893 di
3159 3836 3229 3893 18
3255 3835 3491 3910 pagine.
3519 3836 3868 3910 Esemplare
3893 3835 3954 3893 di
3979 3835 4209 3893 dedica.

683 4027 929 4084 CUPERI
952 4026 1233 4094 Gisberti,
1260 4028 1354 4084 De
1379 4026 1712 4101 elephantis
1737 4026 1799 4083 in
1823 4026 2087 4084 nummis
2113 4026 2311 4084 obviis
2337 4026 2795 4084 exercitationes
2821 4027 2993 4094 duae,
3021 4026 3574 4101 Hagae—Comitum
3603 4026 3778 4094 1746,
3805 4026 3867 4083 in
3891 4026 4018 4094 fol.,
4046 4026 4323 4101 figurato.

709 4123 873 4180 Sono
900 4122 962 4179 in
988 4131 1201 4197 questo
1230 4123 1475 4180 volume
1503 4122 1786 4197 aggiunte
1812 4122 1874 4179 in
1901 4122 2026 4180 fine
2053 4123 2109 4180 le
2135 4123 2336 4180 tavole
2363 4123 2461 4180 del
2487 4122 2753 4190 Petavio,
2783 4122 2894 4180 che
2923 4122 3231 4180 servirono
3260 4122 3648 4180 all’edizione
3674 4122 3737 4179 in
3763 4123 3801 4179 4
3827 4122 4174 4197 pubblicata
4198 4123 4296 4180 nel
4330 4122 4486 4180 1610

708 4237 742 4276 a
779 4218 993 4293 Parigi,
1036 4218 1214 4276 citata
1251 4219 1349 4276 nel
1390 4218 1783 4293 frontespizio
1824 4218 1885 4276 di
1925 4219 2327 4293 quest’opera:
2370 4218 2550 4276 Pauli
2587 4221 2800 4292 Petavj
2837 4221 3223 4292 antiquariae
3263 4218 3657 4292 supelleetilis
3689 4218 4082 4292 portiuneola
4124 4230 4182 4276 et
4220 4219 4488 4292 ejusdem

707 4326 971 4372 vetemm
995 4335 1372 4372 nummomm
1399 4316 1743 4372 Gnorisma.
1771 4316 1855 4372 Le
1881 4315 2024 4372 altre
2048 4315 2248 4372 tavole
2273 4314 2334 4372 di
2359 4315 2746 4389 quest’opera
2769 4314 3173 4372 eruditissima
3196 4315 3294 4372 del
3319 4315 3560 4389 Cupero
3588 4333 3738 4372 sono
3764 4314 3854 4372 fra
3876 4314 3919 4371 il
3943 4323 4114 4372 testo.

682 4507 979 4563 DANIELE
1002 4507 1355 4573 Francesco,
1382 4507 1634 4563 Monete
1660 4505 1895 4563 antiche
1920 4505 1981 4563 di
2006 4506 2216 4580 Capua
2239 4524 2356 4563 con
2381 4506 2593 4563 alcune
2616 4505 2785 4563 brevi
2810 4505 3241 4573 osservazioni,
3268 4505 3492 4580 Napoli
3524 4506 3698 4573 1802,
3725 4505 3787 4562 in
3810 4506 3867 4573 4,
3895 4505 3999 4580 fig.

706 4603 790 4659 Le
819 4601 1070 4676 copiose
1099 4610 1340 4659 monete
1369 4601 1676 4676 intagliate
1706 4620 1739 4659 e
1770 4610 2059 4676 stampate
2089 4601 2179 4659 fra
2206 4601 2249 4658 il
2277 4610 2431 4659 testo
2461 4602 2621 4659 della
2648 4620 2833 4676 opera
2862 4620 3012 4659 sono
3042 4601 3310 4676 eseguite
3340 4620 3457 4659 con
3485 4610 3743 4659 estrema
3771 4610 4171 4659 accuratezza.
4203 4603 4270 4658 In
4299 4601 4424 4659 fine
4453 4602 4486 4659 e

706 4716 786 4755 un
820 4697 1093 4755 discorso
1131 4698 1222 4755 sul
1257 4698 1418 4755 culto
1454 4697 1515 4755 di
1551 4697 1768 4765 Giove,
1806 4697 1867 4755 di
1901 4697 2098 4755 Diana
2131 4716 2164 4755 e
2199 4697 2260 4755 di
2294 4698 2508 4755 Ercole
2541 4716 2750 4772 presso
2785 4697 2805 4754 i
2840 4697 3117 4772 campani
3152 4716 3185 4755 e
3219 4716 3299 4755 un
3333 4697 3769 4755 commentario
3805 4698 3903 4755 del
3937 4697 4299 4755 Mazzocchi
4336 4698 4488 4755 sulla

707 4794 882 4868 legge
906 4795 1146 4868 Pagana
1169 4794 1465 4868 dell’agro
1491 4794 1897 4851 ercolanense.

710 4987 957 5042 DEBIEL
1006 4985 1340 5053 Ludovico,
1394 4985 1636 5043 Utilitas
1688 4985 1774 5043 rei
1826 4985 2197 5043 nummariae
2250 4985 2466 5043 veteris
2520 4985 2885 5060 compendio
2936 4985 3262 5060 proposita.
3318 4985 3576 5043 Accedit
3627 4985 4026 5060 appendicula
4078 4986 4153 5043 ad
4203 5004 4486 5043 nummos

707 5080 1102 5138 Coloniarum
1123 5099 1230 5155 per
1253 5081 1344 5138 Cl.
1372 5080 1769 5138 Vaillantium
1792 5080 2005 5148 editos,
2032 5080 2306 5138 Viennae
2338 5081 2513 5148 1733,
2540 5080 2602 5137 in
2629 5081 2682 5148 8,
2708 5082 2796 5138 M.
2826 5080 2922 5138 68.

704 5177 933 5248 Questo
959 5176 1325 5251 compendio
1351 5177 1384 5234 e
1410 5176 1566 5234 assai
1589 5177 1708 5234 ben
1733 5176 2006 5234 ordinato
2032 5195 2065 5234 e
2090 5176 2491 5234 chiaramente
2516 5185 2781 5251 esposto.

693 5370 792 5425 DE
822 5370 1134 5426 DIONISIIS
1171 5369 1450 5436 Jacobus,
1489 5370 1583 5426 De
1619 5368 1877 5426 monetis
1915 5368 2349 5426 veronensibus
2384 5368 2736 5443 praesertim
2772 5369 2880 5426 sub
2916 5368 3167 5426 Ezelino
3204 5368 3504 5436 conflatis,
3544 5368 3854 5443 epistolae,
3892 5370 4171 5426 Veronae
4214 5369 4389 5436 1779,
4426 5368 4488 5425 in

707 5464 834 5532 fol.,
861 5466 949 5522 M.
985 5465 1075 5522 17.

691 5657 1104 5713 DOEDERLINI
1134 5657 1223 5713 Jo.
1260 5656 1457 5723 Alex.,
1494 5655 1942 5713 Commentatio
1976 5655 2262 5713 historica
2293 5656 2368 5713 de
2400 5655 2664 5713 nummis
2700 5655 3060 5713 Germaniae
3094 5655 3349 5723 mediae,
3385 5674 3538 5730 quos
3572 5656 3757 5730 vulgo
3790 5657 4157 5723 Bracteatos,
4193 5664 4251 5713 et
4283 5656 4486 5713 Cavos

708 5752 1045 5826 appellant,
1072 5751 1507 5826 Norimbergae
1539 5752 1714 5819 1729,
1741 5751 1803 5808 in
1826 5752 1883 5819 4,
1911 5751 2015 5826 fig.

701 5848 865 5905 Sono
890 5847 952 5904 in
977 5847 1101 5905 fine
1125 5856 1210 5905 tre
1234 5848 1435 5905 tavole
1459 5847 1766 5922 intagliate
1790 5847 1852 5904 in
1874 5866 2055 5905 rame.

683 6041 859 6097 DONI
881 6041 1234 6107 Francesco,
1261 6039 1726 6097 Dichiarazione
1753 6058 1930 6114 sopra
1953 6039 2217 6114 l’effigie
2242 6039 2303 6097 di
2333 6041 2411 6114 [p.
2441 6039 2542 6109 55]
2573 6040 2795 6097 Cesare
2821 6039 2966 6097 fatta
2989 6040 3066 6097 da
3088 6041 3176 6097 M.
3204 6041 3370 6097 Enea
3392 6039 3551 6097 Vico
3577 6040 3654 6097 da
3676 6041 3903 6107 Parma,
3930 6039 4193 6114 Vinegia
4223 6039 4398 6107 1550,
4425 6039 4487 6096 in

710 6135 762 6192 8.

721 6231 948 6302 Questa
984 6230 1429 6288 dichiarazione
1466 6239 1661 6288 estese
1698 6230 1742 6287 il
1778 6230 1941 6288 Doni
1977 6249 2084 6305 per
2118 6230 2411 6288 illustrare
2447 6230 2579 6288 tutti
2617 6230 2700 6305 gli
2739 6230 3072 6288 ornamenti
3109 6231 3185 6288 ed
3222 6230 3509 6305 allegorie
3546 6230 3607 6288 di
3645 6230 3743 6288 cui
3781 6231 3814 6288 e
3851 6239 4201 6288 contornata
4236 6231 4294 6288 la
4328 6231 4490 6288 bella

709 6335 940 6401 stampa
983 6326 1044 6384 di
1090 6327 1270 6384 Carlo
1316 6328 1373 6384 V
1417 6326 1726 6401 intagliata
1770 6327 1847 6384 da
1889 6328 2054 6384 Enea
2097 6326 2274 6394 Vico,
2322 6326 2433 6384 che
2479 6345 2579 6384 era
2622 6345 2742 6384 uno
2789 6327 2884 6384 de’
2939 6326 3071 6384 suoi
3118 6326 3298 6384 amici
3341 6326 3447 6401 più
3490 6326 3704 6384 intimi:
3757 6345 3791 6384 a
3834 6335 4044 6401 questa
4090 6326 4139 6384 si
4186 6326 4486 6401 aggiunge

704 6424 1160 6496 L’esposizione
1192 6442 1378 6496 sopra
1412 6422 1665 6496 l’eﬂigie
1700 6434 1758 6480 et
1786 6434 1995 6490 statue,
2034 6425 2215 6490 motti,
2257 6425 2528 6496 imprese,
2554 6423 2776 6496 figure,
2817 6434 2875 6480 et
2903 6422 3156 6480 animali
3179 6434 3358 6496 poste
3390 6422 3514 6480 nell
3527 6424 3692 6480 ’areo
3711 6423 3873 6496 fatto
3905 6422 3969 6480 al
3999 6425 4485 6480 vittoriosissimo

2171 6657 2347 6694 WWW.
2358 6637 2734 6710 memofonte.
2748 6639 2766 6694 i
2770 6648 2791 6694 t
