4958 7017
1981 864 2366 922 Fondazione
2390 838 2775 922 Memofonte
2800 865 2976 922 onlus

1390 960 1600 1018 Studio
1624 979 1731 1035 per
1754 960 2226 1018 l’elaborazione
2250 960 2632 1018 informatica
2655 961 2813 1018 delle
2838 960 2991 1018 fonti
3018 960 3571 1018 storico—artistiche

473 1247 655 1305 4336.
682 1249 879 1305 PECCI
902 1247 1143 1305 Giovan
1167 1247 1454 1315 Antonio,
1482 1247 1764 1305 Ristretto
1790 1248 1948 1305 delle
1973 1266 2117 1305 cose
2140 1247 2245 1322 più
2269 1247 2521 1305 notabili
2546 1248 2706 1305 della
2729 1247 2870 1305 città
2893 1247 2954 1305 di
2981 1247 3161 1305 Siena
3185 1248 3260 1305 ad
3284 1266 3395 1305 uso
3421 1247 3519 1305 dei
3544 1247 3858 1315 forestieri,
3888 1247 4069 1305 Siena
4099 1247 4274 1315 1759,
4301 1247 4363 1304 in
4394 1248 4485 1315 12,

699 1343 804 1418 fig.

701 1440 865 1497 Sono
889 1439 1104 1514 poche,
1132 1458 1165 1497 e
1190 1439 1407 1497 cattive
1434 1448 1681 1514 stampe.

473 1632 655 1689 4337.
682 1633 1055 1689 PIANIGIANI
1079 1631 1398 1699 Giacomo,
1425 1632 1473 1688 Il
1498 1632 1724 1689 duomo
1750 1631 1811 1689 di
1838 1631 2018 1689 Siena
2041 1631 2323 1689 descritto
2347 1650 2454 1706 per
2477 1632 2805 1689 commodo
2831 1631 2929 1689 dei
2954 1631 3268 1699 forestieri,
3298 1631 3478 1689 Siena
3509 1631 3683 1699 1760,
3710 1631 3772 1688 in
3799 1632 3851 1689 8.

698 1726 879 1784 Libro
905 1727 982 1784 da
1003 1726 1199 1784 rifarsi
1224 1726 1474 1801 giacché
1498 1726 1541 1783 il
1568 1735 1844 1801 soggetto
1870 1727 1947 1784 da
1970 1727 2154 1801 luogo
2181 1727 2256 1784 ad
2279 1727 2574 1801 un’opera
2597 1726 2658 1784 di
2683 1726 2937 1801 qualche
2961 1726 3350 1801 importanza.

2354 1919 2612 1976 SOMMA

473 2111 655 2168 4338.
678 2112 960 2168 MAJONE
983 2110 1345 2178 Domenico,
1372 2110 1766 2168 Descrizione
1791 2111 1951 2168 della
1974 2110 2115 2168 città
2138 2110 2199 2168 di
2226 2111 2493 2178 Somma,
2520 2110 2744 2185 Napoli
2776 2111 2950 2178 1703,
2977 2110 3039 2167 in
3062 2111 3100 2167 4
3124 2110 3240 2185 pic.

2346 2302 2618 2359 SPAGNA

473 2494 655 2552 4339.
679 2494 921 2551 CONCA
942 2495 1016 2551 D.
1045 2493 1332 2561 Antonio,
1359 2493 1754 2551 Descrizione
1779 2493 2107 2568 odeporica
2129 2494 2289 2551 della
2314 2494 2570 2568 Spagna,
2597 2495 2808 2551 Parma
2838 2494 2991 2552 1793
3021 2494 3076 2551 al
3108 2494 3282 2561 1797,
3310 2494 3429 2551 vol.
3457 2495 3559 2561 IV,
3586 2493 3648 2550 in
3671 2494 3709 2550 4
3733 2493 3850 2568 pic.

698 2589 879 2647 Libro
905 2590 1024 2647 ben
1050 2589 1323 2664 eseguito
1353 2590 1504 2647 sulle
1531 2598 1727 2647 tracce
1756 2598 1999 2664 segnate
2026 2590 2103 2647 da
2126 2589 2321 2664 prima
2346 2590 2444 2647 dal
2471 2590 2526 2647 d.
2557 2589 2826 2647 Antonio
2853 2591 3035 2657 Ponz,
3065 2589 3347 2647 cosicché
3374 2598 3585 2664 questa
3608 2590 3732 2664 può
3760 2589 3904 2647 dirsi
3930 2590 4225 2664 un’opera
4250 2598 4488 2647 estratta

699 2686 857 2743 dalle
880 2685 1242 2760 precedenti.

473 2877 655 2934 4340.
700 2878 1146 2934 DESCRIPCION
1182 2896 1220 2951 y
1259 2877 1442 2934 breve
1485 2876 1865 2951 explicacion
1906 2877 1981 2934 de
2023 2877 2110 2934 las
2153 2885 2412 2934 estatuas
2455 2878 2710 2934 Fuentes
2753 2896 2791 2951 y
2832 2878 3106 2934 Jarrones
3149 2877 3224 2934 de
3266 2877 3358 2934 los
3400 2877 3618 2934 Reales
3660 2876 3929 2934 Jardines
3972 2877 4070 2934 del
4114 2876 4264 2934 Sitio
4307 2877 4382 2934 de
4426 2877 4483 2934 S.

698 2972 1008 3030 Idelfonso
1032 2991 1139 3047 par
1161 2974 1235 3030 D.
1263 2973 1336 3030 A.
1365 2973 1433 3030 C.
1461 2974 1535 3030 D.
1563 2974 1654 3040 R.,
1681 2972 1744 3029 in
1771 2973 1824 3040 8,
1851 2974 1939 3030 M.
1968 2973 2065 3030 71.

473 3165 655 3222 4341.
682 3166 864 3222 PONZ
886 3166 960 3222 D.
988 3164 1275 3232 Antonio,
1302 3164 1498 3239 Viage
1523 3165 1598 3222 de
1622 3164 1937 3239 Esapania,
1964 3164 2208 3222 Madrid
2239 3165 2392 3222 1788
2420 3165 2475 3222 al
2507 3165 2681 3232 1794,
2708 3164 2856 3222 tomi
2888 3165 2979 3232 18,
3006 3164 3068 3221 in
3095 3165 3148 3232 8,
3176 3164 3280 3239 fig.

2368 3356 2594 3413 SUISSE

473 3548 655 3605 4342.
681 3544 960 3605 DÉLICES
990 3548 1065 3605 de
1093 3548 1151 3605 la
1179 3547 1402 3615 Suisse,
1433 3566 1513 3605 ou
1540 3547 1907 3622 description
1933 3547 2276 3622 hélvetique
2304 3548 2410 3605 des
2438 3547 2620 3605 treize
2648 3548 2915 3605 Cantons
2946 3547 3203 3615 Suisses,
3234 3556 3292 3605 et
3318 3548 3424 3605 des
3453 3548 3609 3605 leurs
3639 3547 3827 3615 alliés,
3858 3547 4086 3605 édition
4113 3547 4400 3622 corrigée,
4431 3556 4489 3605 et

700 3644 1055 3718 augmentée
1078 3662 1185 3718 par
1208 3643 1475 3701 diverses
1502 3652 1737 3701 auteurs
1763 3644 2050 3711 celebres,
2077 3644 2259 3701 Bàsle
2291 3643 2465 3711 1776,
2492 3643 2554 3700 in
2585 3644 2676 3711 12,
2703 3644 2822 3701 vol.
2850 3645 2953 3711 IV,
2981 3643 3085 3718 fig.

701 3739 930 3797 Sonovi
955 3740 1141 3797 molte
1165 3740 1365 3797 tavole
1389 3739 1452 3796 in
1474 3758 1638 3797 rame
1663 3758 1786 3797 non
1810 3740 1967 3797 male
1992 3739 2278 3814 eseguite.

473 3931 655 3988 4343.
682 3927 962 3988 DÉLICES
989 3931 1064 3988 de
1089 3931 1147 3988 la
1172 3930 1395 3988 Suisse.
1425 3930 1624 3988 Guide
1649 3931 1729 3988 du
1753 3949 2061 4005 voyageur
2084 3949 2159 3988 en
2185 3930 2410 3998 Suisse,
2439 3949 2473 3988 a
2495 3932 2810 3988 Lausanne
2842 3931 3017 3998 1794,
3044 3930 3106 3987 in
3133 3931 3185 3988 8.

479 4124 557 4197 [p.
586 4122 729 4192 286]

2344 4316 2619 4372 TREVIGI

473 4506 655 4563 4344.
682 4507 1072 4563 RIGAMONTI
1091 4505 1448 4580 Ambrogio,
1475 4505 1869 4563 Descrizione
1894 4506 2052 4563 delle
2075 4505 2180 4580 più
2204 4505 2427 4563 celebri
2450 4505 2665 4580 pitture
2690 4505 2751 4563 di
2775 4505 3035 4580 Trevigi,
3062 4505 3304 4580 Trevigi
3336 4505 3511 4573 1767,
3537 4505 3599 4562 in
3630 4506 3720 4563 12.

2350 4699 2609 4755 TORINO

473 4889 655 4947 4345.
679 4890 1001 4947 CRAVERII
1021 4890 1093 4947 G.
1123 4890 1217 4957 G.,
1246 4889 1446 4947 Guida
1470 4889 1568 4947 dei
1593 4889 1889 4947 forestieri
1912 4908 2019 4964 per
2042 4890 2100 4947 la
2121 4890 2244 4947 real
2269 4889 2410 4947 città
2433 4889 2493 4947 di
2517 4889 2759 4957 Torino,
2794 4889 2968 4957 1735,
2995 4889 3057 4946 in
3084 4890 3137 4957 8,
3165 4889 3269 4964 fig.

473 5080 655 5138 4346.
682 5081 796 5138 De’
827 5082 1025 5138 ROSSI
1045 5081 1332 5148 Onorato,
1359 5082 1579 5138 Nuova
1602 5080 1785 5155 guida
1806 5099 1913 5155 per
1936 5081 1994 5138 la
2017 5080 2158 5138 città
2181 5080 2242 5138 di
2265 5080 2507 5148 Turino,
2533 5080 2756 5138 Turino
2789 5081 2964 5148 1781,
2990 5080 3052 5137 in
3083 5081 3173 5138 12.

2347 5274 2612 5330 URBINO

473 5465 655 5522 4347.
678 5466 930 5521 LAZARI
948 5465 1208 5532 Andrea,
1235 5465 1412 5522 Delle
1437 5464 1641 5522 chiese
1666 5464 1727 5522 di
1751 5464 2002 5532 Urbino,
2030 5483 2063 5522 e
2088 5465 2246 5522 delle
2269 5464 2484 5539 pitture
2509 5464 2571 5521 in
2595 5483 2729 5522 esse
2754 5464 3041 5532 esistenti,
3068 5464 3300 5522 Urbino
3333 5465 3508 5532 1701,
3535 5464 3597 5521 in
3624 5465 3676 5522 8.

2331 5657 2630 5713 VENEZIA

473 5848 655 5905 4348.
684 5849 901 5904 BARDI
926 5847 1258 5915 Girolamo,
1291 5848 1468 5905 Delle
1500 5866 1644 5905 cose
1674 5847 1925 5905 notabili
1956 5848 2116 5905 della
2145 5847 2286 5905 città
2315 5847 2376 5905 di
2406 5847 2693 5915 Venezia,
2727 5847 3164 5922 coll’aggiunta
3193 5848 3353 5905 della
3382 5847 3827 5905 dichiarazione
3858 5848 4016 5905 delle
4049 5847 4228 5905 storie
4259 5847 4486 5922 dipinte

698 5944 796 6001 nel
820 5944 1076 6001 Palazzo
1101 5944 1351 6011 Ducale,
1378 5943 1665 6011 Venezia,
1693 5943 2017 6018 Valgrisio,
2052 5943 2227 6011 1587,
2254 5943 2316 6000 in
2343 5944 2395 6001 8.

473 6135 655 6193 4349.
686 6136 903 6191 BARDI
926 6134 1258 6202 Girolamo,
1290 6134 1755 6192 Dichiarazione
1784 6134 1845 6192 di
1873 6143 2017 6192 tutte
2047 6135 2103 6192 le
2134 6134 2331 6202 storie,
2363 6134 2474 6192 che
2506 6134 2555 6192 si
2584 6143 2968 6209 contengono
2997 6134 3095 6192 nei
3125 6134 3334 6209 quadri
3361 6134 3521 6209 posti
3549 6143 3953 6192 nuovamente
3981 6135 4140 6192 nelle
4171 6135 4294 6192 sale
4323 6135 4485 6192 dello

701 6230 1018 6298 Scrutinio,
1063 6249 1096 6288 e
1138 6231 1236 6288 del
1279 6231 1442 6288 Gran
1484 6230 1803 6305 Consiglio
1845 6231 1943 6288 nel
1984 6231 2240 6288 Palazzo
2282 6231 2515 6288 Ducale
2557 6230 2618 6288 di
2659 6230 2947 6298 Venezia,
2991 6230 3263 6288 Venezia
3310 6230 3485 6298 1606,
3529 6230 3591 6287 in
3635 6231 3687 6288 8.
3733 6230 3892 6288 Vedi
3935 6230 4124 6288 anche
4163 6231 4486 6288 Loredano

698 6329 750 6383 F
752 6346 1064 6384 rancesco.

2171 6657 2347 6694 WWW.
2358 6637 2734 6710 memofonte.
2748 6639 2791 6694 il
