4958 7017
1981 864 2366 922 Fondazione
2390 838 2775 922 Memofonte
2800 865 2976 922 onlus

1390 960 1600 1018 Studio
1624 979 1731 1035 per
1754 960 2226 1018 l’elaborazione
2250 960 2632 1018 informatica
2655 961 2813 1018 delle
2838 960 2991 1018 fonti
3018 960 3571 1018 storico—artistiche

698 1247 1101 1305 Racchiudesi
1127 1247 1189 1304 in
1215 1256 1424 1322 queste
1450 1247 1868 1305 dissertazioni
1896 1248 1978 1318 (le
2004 1247 2167 1322 quali
2193 1266 2315 1305 non
2343 1266 2493 1305 sono
2519 1247 2582 1304 in
2607 1266 2858 1305 numero
2885 1247 2996 1305 che
3022 1256 3125 1315 tre,
3154 1247 3543 1322 componenti
3569 1266 3650 1305 un
3676 1248 3921 1305 volume
3947 1247 4008 1305 di
4035 1247 4155 1305 500
4180 1247 4400 1322 pagine
4425 1247 4488 1304 in

699 1343 919 1418 foglio)
945 1362 1026 1401 un
1049 1352 1249 1401 tesoro
1275 1343 1336 1401 di
1361 1343 1708 1401 erudizione
1734 1343 1845 1401 che
1870 1352 2050 1401 mette
2073 1343 2179 1418 più
2202 1343 2264 1400 in
2288 1343 2582 1401 evidenza
2605 1344 2862 1401 l’autore
2887 1343 2998 1401 che
3023 1344 3079 1401 le
3104 1362 3248 1401 cose
3271 1343 3628 1418 propostesi.

473 1535 655 1593 4057.
682 1537 756 1593 N.
780 1537 876 1603 N.,
903 1535 1145 1593 Notizie
1169 1535 1452 1593 istoriche
1477 1535 1842 1603 dell’antica,
1870 1554 1903 1593 e
1926 1544 2201 1610 presente
2226 1535 2558 1610 magnifica
2581 1536 2901 1593 cattedrale
2926 1535 3263 1603 d’Orvieto,
3290 1537 3487 1593 Roma
3518 1536 3692 1603 1781,
3719 1535 3781 1592 in
3804 1536 3842 1592 4
3866 1535 4126 1610 piccolo.

473 1726 655 1784 4058.
688 1728 1051 1784 PANCIROLI
1082 1726 1285 1794 Guidi,
1322 1727 1621 1797 (Sebbene
1653 1729 2024 1784 annunciato
2057 1726 2156 1784 col
2172 1727 2573 1800 frontespizio
2605 1727 2940 1800 seguente),
2974 1726 3218 1784 Notizia
3247 1735 3493 1801 utraque
3523 1735 3651 1784 tum
3681 1726 3943 1784 Orientis
3975 1735 4104 1784 tum
4134 1726 4485 1784 Occidentis

698 1823 849 1880 ultra
912 1822 1176 1890 Arcadii,
1244 1822 1619 1897 Honoriique
1685 1823 2015 1880 Caesarum
2077 1831 2366 1897 tempora,
2433 1822 2661 1880 illustre
2727 1822 3036 1880 vetustatis
3102 1831 3579 1890 monumentum,
3646 1822 3771 1880 imo
3837 1822 4147 1880 thesaurus
4211 1841 4489 1897 prorsum

698 1918 1229 1993 imcomparabilis.
1274 1918 1584 1976 Praecedit
1623 1920 1697 1976 D.
1742 1919 2021 1976 Andreae
2062 1918 2285 1976 Alciati
2327 1918 2587 1976 libellus:
2633 1920 2728 1976 De
2770 1918 3232 1993 magistratibus,
3277 1918 3680 1993 civilibusque
3724 1937 3792 1976 ac
3835 1918 4190 1976 militaribus
4233 1918 4482 1976 officiis.

701 2014 983 2072 Succedit
1011 2014 1335 2089 descriptio
1366 2014 1528 2072 urbis
1559 2016 1810 2082 Romae,
1843 2023 1901 2072 et
1930 2015 2112 2072 altera
2140 2014 2302 2072 urbis
2334 2014 3038 2089 Constantinopolitanae
3067 2014 3295 2072 incerto
3327 2023 3584 2072 auctore.
3620 2014 4010 2089 Subjungitur
4039 2023 4306 2072 vetustus
4338 2014 4489 2072 liber

699 2111 774 2168 de
798 2111 975 2168 rebus
1000 2110 1238 2168 bellicis
1266 2111 1341 2168 ad
1365 2110 1781 2168 Theodosium
1805 2111 1962 2185 Aug.
1992 2119 2050 2168 et
2075 2110 2241 2168 filios
2268 2111 2397 2185 ejus
2425 2110 2772 2178 Arcadium,
2802 2119 2978 2185 atque
3004 2110 3345 2168 Honorium
3368 2110 3596 2168 incerto
3624 2119 3883 2178 auctore,
3911 2110 4190 2168 Basileae
4223 2110 4398 2178 1552,
4426 2110 4488 2167 in

699 2206 826 2274 fol.,
854 2206 959 2281 fig.

699 2302 834 2359 Con
857 2320 1178 2359 numerose
1202 2302 1402 2359 tavole
1426 2301 1489 2358 in
1513 2302 1693 2376 legno
1720 2301 2053 2359 distribuite
2079 2301 2169 2359 fra
2191 2301 2234 2358 il
2258 2310 2429 2359 testo.

473 2493 655 2552 4059.
682 2495 985 2551 PANVINII
1009 2493 1305 2568 Onuphrii
1330 2493 1700 2561 veronensis,
1728 2493 2171 2568 Antiquitatum
2194 2493 2622 2551 veronensium
2645 2493 2780 2551 libri
2805 2502 2963 2561 octo,
2990 2493 3129 2568 tipis
3154 2493 3322 2551 Pauli
3346 2493 3689 2561 Frambotti,
3724 2493 3899 2561 1648,
3926 2493 3988 2550 in
4012 2493 4139 2561 fol.,
4167 2493 4271 2568 fig.

700 2590 901 2664 Opera
923 2589 1159 2664 insigne
1182 2608 1289 2664 per
1312 2590 1370 2647 la
1393 2608 1534 2647 cura
1557 2608 1674 2647 con
1699 2589 1796 2647 cui
1823 2608 1973 2647 sono
1998 2589 2273 2647 illustrati
2297 2589 2317 2646 i
2342 2589 2717 2647 monumenti
2743 2589 2804 2647 di
2829 2590 3030 2664 quella
3053 2589 3194 2647 città
3217 2608 3334 2647 con
3360 2590 3437 2647 34
3462 2598 3577 2647 tav.
3606 2608 3925 2664 compreso
3950 2589 3993 2646 il
4018 2589 4304 2664 frontesp.
4333 2589 4438 2664 fig.

473 2781 655 2839 4060.
682 2783 980 2839 PAOLINO
1004 2782 1081 2839 da
1106 2782 1163 2839 S.
1191 2782 1665 2849 Bartolommeo,
1692 2781 1956 2856 Viaggio
1983 2782 2098 2839 alle
2122 2781 2290 2839 Indie
2316 2781 2607 2839 Orientali
2632 2781 2905 2839 umiliato
2932 2782 3049 2839 alla
3074 2781 3301 2839 Santità
3324 2781 3385 2839 di
3409 2781 3517 2839 Pio
3542 2783 3645 2849 VI,
3672 2783 3868 2839 Roma
3898 2781 4073 2849 1796,
4100 2781 4162 2838 in
4185 2782 4242 2849 4,
4270 2781 4374 2856 fig.

701 2877 865 2934 Sono
892 2877 1104 2934 alcune
1128 2877 1328 2934 tavole
1353 2877 1650 2934 collocate
1675 2876 1766 2934 fra
1788 2876 1831 2933 il
1855 2885 2026 2934 testo.
2056 2877 2257 2951 Opera
2279 2895 2401 2934 non
2425 2877 2645 2934 dettata
2668 2877 2745 2934 da
2766 2877 2969 2934 buona
2992 2876 3213 2934 critica.

473 3068 655 3126 4061.
682 3070 1070 3126 PATRICELLI
1092 3070 1445 3136 Francesco,
1473 3068 1734 3126 Cronica
1757 3069 1917 3126 della
1940 3068 2162 3136 chiesa,
2190 3087 2223 3126 e
2246 3068 2427 3126 badia
2450 3068 2510 3126 di
2537 3069 2594 3126 S.
2625 3068 2872 3126 Stefano
2898 3068 2959 3126 di
2983 3069 3280 3143 Bologna,
3307 3069 3588 3143 Bologna
3618 3068 3793 3136 1575,
3820 3068 3882 3125 in
3909 3069 3962 3136 8,
3990 3068 4094 3143 fig.

697 3200 780 3204 —
802 3164 1173 3239 Aggiuntavi
1198 3165 1256 3222 la
1277 3164 1580 3222 relazione
1604 3164 1866 3232 istorica,
1894 3183 2120 3222 ovvero
2146 3164 2407 3222 Cronica
2430 3164 2491 3222 di
2515 3166 2756 3222 Donato
2781 3164 3054 3232 Pullieni,
3081 3165 3362 3239 Bologna
3392 3164 3566 3222 1600.

698 3261 1018 3318 Ambedue
1043 3260 1238 3335 questi
1263 3260 1398 3318 libri
1422 3279 1544 3318 non
1571 3279 1722 3318 sono
1748 3260 2010 3328 comuni,
2038 3279 2071 3318 e
2094 3260 2397 3335 riportano
2422 3260 2798 3318 interessanti
2822 3260 3046 3318 notizie
3071 3261 3166 3318 de’
3196 3260 3301 3335 più
3326 3260 3548 3318 antichi
3573 3260 3781 3318 edifici
3806 3260 3867 3318 di
3891 3261 4187 3335 Bologna.

479 3453 557 3526 [p.
586 3452 729 3521 249]

473 3643 655 3701 4062.
693 3645 919 3701 PERAU
952 3645 1040 3701 M.
1080 3644 1302 3711 l’abbé,
1340 3643 1727 3718 Description
1761 3643 2091 3718 historique
2127 3644 2202 3701 de
2238 3644 2469 3701 l’Hòtel
2505 3644 2700 3718 Royal
2736 3644 2842 3701 des
2878 3643 3199 3711 Invalides,
3239 3662 3385 3701 avec
3422 3644 3510 3701 les
3545 3644 3736 3718 plans,
3775 3662 4021 3718 coupes,
4060 3652 4118 3701 et
4152 3643 4485 3701 elevations

699 3740 1096 3814 géometrales
1122 3739 1431 3797 dessinées
1457 3748 1515 3797 et
1539 3740 1788 3814 gravées
1812 3758 1919 3814 par
1942 3740 1998 3797 le
2025 3739 2182 3797 sieur
2205 3739 2459 3807 Cochin,
2486 3739 2649 3797 Paris
2682 3739 2857 3807 1756,
2883 3739 2945 3796 in
2969 3739 3096 3807 fol.,
3124 3739 3229 3814 fig.

699 3836 834 3893 Con
869 3836 981 3893 108
1012 3836 1212 3893 tavole
1240 3835 1302 3892 in
1329 3854 1510 3893 rame.
1542 3837 1683 3893 Non
1711 3844 1933 3910 poteva
1960 3844 2321 3893 certamente
2349 3835 2661 3893 illustrarsi
2690 3854 2808 3893 con
2834 3835 2939 3910 più
2967 3835 3307 3893 minutezza
3334 3835 3395 3893 di
3424 3835 3670 3910 dettagli
3699 3844 3912 3910 questo
3942 3835 4211 3903 edificio,
4243 3854 4276 3893 e
4304 3835 4324 3892 i
4355 3835 4488 3893 suoi

699 3930 1050 3998 ornamenti,
1079 3949 1112 3988 e
1136 3930 1368 4005 pitture.
1397 3932 1445 3987 E
1473 3949 1536 3988 se
1563 3931 1895 3988 altrettanto
1922 3930 2135 4005 d’ogni
2161 3930 2492 4005 magnifica
2517 3930 2788 3988 fabbrica
2814 3930 2863 3988 si
2889 3930 3056 3988 fosse
3082 3930 3249 3998 fatto,
3277 3949 3399 3988 non
3422 3931 3778 3988 basterebbe
3803 3949 3883 3988 un
3907 3930 4209 3988 immenso
4236 3931 4485 3988 castello

700 4045 734 4084 a
757 4035 1117 4084 contenerne
1142 4027 1200 4084 la
1221 4026 1565 4084 biblioteca.
1595 4027 1832 4098 Quanta
1853 4035 2018 4101 parte
2042 4045 2117 4084 ne
2142 4027 2629 4101 occuperebbero
2655 4026 2738 4101 gli
2763 4026 2971 4084 edifici
2996 4026 3255 4084 d’Italia!

473 4218 655 4276 4063.
724 4220 1238 4276 PERINGSKIOLDI
1302 4218 1567 4286 Ioannis,
1636 4220 2177 4276 Monumentorum
2244 4218 2846 4293 svevo—gothicorum
2912 4218 3063 4276 liber
3126 4218 3373 4293 primus,
3443 4218 3782 4293 Uplandiae
3847 4227 4079 4293 partem
4141 4218 4488 4293 primariam

698 4314 1062 4372 Thiundiam
1085 4314 1399 4372 continens
1425 4323 1557 4382 etc.,
1587 4314 1997 4372 Stockolmiae
2029 4315 2204 4382 1710,
2231 4314 2293 4371 in
2317 4314 2444 4382 fol.,
2472 4314 2577 4389 fig.

697 4446 780 4450 —
804 4410 1029 4468 Addita
1053 4419 1444 4468 monumenta
1467 4411 1674 4468 Ullera
1700 4410 1992 4468 Kerensia
2016 4429 2158 4468 cum
2181 4410 2434 4485 Upsalia
2458 4429 2618 4468 nova
2641 4410 2948 4478 illustrata,
2979 4410 3241 4478 svevice,
3270 4419 3328 4468 et
3352 4410 3551 4478 latine,
3582 4410 4034 4468 Stockholmiae
4067 4411 4242 4478 1719,
4270 4410 4332 4467 in
4357 4410 4484 4478 fol.,

699 4505 804 4580 fig.

700 4602 925 4673 Queste
951 4602 1067 4659 due
1093 4620 1275 4676 opere
1302 4620 1452 4659 sono
1478 4602 1673 4676 legate
1697 4601 1760 4658 in
1784 4620 1864 4659 un
1891 4602 2023 4659 solo
2050 4602 2313 4669 volume,
2341 4620 2374 4659 e
2398 4610 2757 4676 presentano
2782 4620 2862 4659 un
2885 4601 3165 4676 prezioso
3191 4602 3538 4676 complesso
3564 4601 3625 4659 di
3650 4601 3998 4659 erudizione
4021 4602 4121 4676 pel
4146 4610 4299 4659 testo
4325 4620 4358 4659 e
4382 4620 4489 4676 per

699 4698 755 4755 le
799 4698 999 4755 tavole
1044 4697 1155 4755 che
1200 4698 1260 4755 lo
1305 4697 1615 4755 illustrano
1660 4697 2156 4755 numerosissime
2201 4698 2498 4755 collocate
2543 4697 2633 4755 fra
2675 4697 2718 4754 il
2763 4706 2935 4765 testo,
2982 4716 3104 4755 non
3147 4706 3309 4755 tanto
3354 4697 3416 4754 in
3460 4698 3640 4772 legno
3686 4697 3797 4755 che
3841 4697 3903 4754 in
3945 4716 4127 4755 rame:
4177 4697 4330 4755 libro
4376 4697 4487 4755 che

699 4793 1124 4851 difficilmente
1152 4793 1201 4851 si
1225 4802 1395 4851 trova
1417 4793 1480 4850 in
1503 4793 1673 4851 Italia
1697 4793 1885 4851 anche
1910 4794 2068 4851 nelle
2091 4793 2371 4868 primarie
2394 4793 2722 4868 pubbliche
2745 4793 3130 4851 biblioteche.

473 4985 655 5043 4064.
688 4987 965 5043 PESSANI
993 4985 1208 5053 Pietro,
1241 4985 1358 5043 Dei
1387 4985 1620 5060 palazzi
1649 4985 1813 5053 reali,
1847 4985 1958 5043 che
1991 5004 2141 5043 sono
2175 4985 2307 5043 stati
2337 4986 2497 5043 nella
2527 4985 2684 5053 città,
2718 5004 2751 5043 e
2781 4985 3074 5043 territorio
3105 4985 3166 5043 di
3195 4985 3395 5053 Pavia,
3429 4985 3876 5053 dissertazione,
3909 4985 4093 5043 Pavia
4129 4986 4304 5053 1771,
4337 4985 4399 5042 in
4428 4986 4485 5053 4,

699 5080 804 5155 fig.

473 5272 655 5330 4065.
692 5274 1141 5340 PEYSSONNEL,
1181 5272 1614 5330 Observations
1650 5272 2030 5347 historiques,
2068 5281 2127 5330 et
2161 5272 2641 5347 géographiques
2680 5291 2777 5330 sur
2811 5273 2898 5330 les
2932 5273 3184 5347 peuples
3218 5273 3518 5340 barbares,
3556 5272 3658 5347 qui
3693 5281 3798 5330 ont
3831 5272 4031 5330 habité
4066 5273 4154 5330 les
4188 5273 4371 5330 bords
4407 5273 4487 5330 du

698 5369 972 5436 Danube,
1000 5377 1058 5426 et
1081 5369 1161 5426 du
1184 5370 1323 5426 Port
1345 5368 1557 5436 Euxin,
1584 5368 1747 5426 Paris
1780 5368 1955 5436 1763,
1982 5368 2044 5425 in
2067 5369 2124 5436 4,
2152 5368 2256 5443 fig.

698 5464 1110 5539 Frontespizio
1136 5464 1414 5539 figurato,
1442 5483 1475 5522 e
1507 5465 1576 5522 13
1604 5473 1719 5522 tav.
1749 5465 1804 5522 al
1829 5464 1971 5532 fine,
1998 5464 2305 5539 intagliate
2331 5465 2633 5539 all’acqua
2657 5464 2827 5522 forte.

473 5655 655 5713 4066.
694 5657 954 5723 PIANTE,
995 5655 1267 5723 facciate,
1307 5674 1340 5713 e
1380 5655 1643 5730 spaccati
1680 5656 1778 5713 del
1814 5656 2070 5713 Palazzo
2110 5655 2422 5713 Senatorio
2460 5655 2729 5713 Ranuzzi
2765 5655 2828 5712 in
2863 5656 3160 5730 Bologna.
3201 5655 3595 5730 Aggiuntovi:
3639 5655 3887 5713 Soffitto
3925 5656 4113 5713 d’una
4150 5664 4354 5713 stanza
4389 5656 4487 5713 nel

699 5752 861 5809 detto
885 5752 1137 5826 palazzo
1162 5751 1393 5826 dipinto
1419 5752 1496 5809 da
1518 5751 1990 5809 Marc’Antonio
2015 5751 2455 5819 Franceschini,
2482 5752 2764 5826 Bologna
2794 5751 2950 5809 1716
2975 5770 3008 5809 e
3040 5752 3214 5819 1718,
3241 5751 3303 5808 in
3327 5751 3432 5809 fol.
3462 5752 3557 5809 atl.

698 5847 1154 5905 L’architettura
1177 5847 1238 5905 di
1263 5856 1476 5922 questo
1500 5848 1752 5922 palazzo
1780 5847 1829 5905 si
1855 5847 2196 5905 attribuisce
2222 5848 2297 5905 ad
2321 5848 2565 5905 Andrea
2587 5847 2875 5905 Palladio.
2903 5847 3080 5905 Dieci
3107 5866 3257 5905 sono
3283 5848 3339 5905 le
3363 5848 3563 5905 tavole
3588 5847 3699 5905 che
3723 5847 4080 5922 riguardano
4106 5847 4426 5915 l’edifizio,
4454 5866 4487 5905 e

699 5944 898 6018 quelle
923 5943 1034 6001 che
1057 5952 1522 6018 rappresentano
1548 5944 1604 6001 le
1627 5943 1842 6018 pitture
1867 5944 2027 6001 della
2050 5944 2214 6001 volta
2237 5943 2482 6018 dipinta,
2509 5943 2817 6018 intagliate
2843 5944 3144 6018 all’acqua
3168 5943 3321 6001 forte
3346 5944 3423 6001 da
3445 5943 3713 6001 Antonio
3740 5943 3993 6001 Cattani.

473 6134 655 6192 4067.
682 6136 1007 6192 PIGNORIA
1030 6136 1322 6202 Lorenzo,
1349 6135 1752 6202 L’Antenore,
1779 6135 2040 6202 Padova,
2066 6153 2276 6209 presso
2301 6135 2487 6192 Paolo
2511 6134 2717 6202 Tozzi,
2751 6134 2925 6202 1625,
2952 6134 3014 6191 in
3037 6135 3094 6202 4,
3121 6136 3209 6192 M.
3238 6134 3334 6192 63.

698 6231 746 6287 Il
779 6230 1172 6305 frontespizio
1206 6231 1239 6288 e
1272 6230 1552 6305 figurato;
1586 6230 1691 6305 poi
1726 6249 1909 6305 segue
1942 6231 2000 6288 la
2031 6230 2247 6288 dedica
2279 6230 2334 6288 ai
2367 6230 2632 6305 deputati
2670 6232 2749 6305 [p.
2786 6230 2929 6300 250]
2968 6230 3029 6288 di
3061 6231 3321 6298 Padova,
3356 6230 3482 6288 indi
3514 6230 3557 6287 il
3593 6230 3919 6288 sommario
3953 6230 4115 6305 degli
4151 6231 4183 6288 8
4219 6230 4482 6305 capitoli.

698 6327 981 6384 L’albero
1008 6326 1405 6401 genealogico
1432 6326 1744 6401 intagliato
1770 6326 1832 6383 in
1855 6345 2038 6394 rame,
2067 6345 2148 6384 un
2174 6326 2386 6384 avviso
2414 6327 2469 6384 al
2496 6327 2705 6384 lettore
2732 6345 2848 6384 ove
2874 6326 3178 6384 comincia
3201 6326 3244 6383 il
3271 6345 3521 6384 numero
3548 6327 3706 6384 delle
3731 6326 3950 6401 pagine
3979 6326 4111 6384 sino
4139 6327 4256 6384 alla
4280 6327 4378 6385 49.
4407 6326 4487 6384 Vi

701 6422 750 6480 si
777 6431 1027 6480 trovano
1056 6431 1287 6497 quattro
1315 6423 1515 6480 tavole
1543 6422 1604 6480 di
1632 6422 2025 6490 monumenti,
2056 6441 2089 6480 e
2117 6423 2233 6480 due
2261 6422 2520 6497 foglietti
2548 6422 2924 6480 d’iscrizioni
2951 6422 3013 6479 in
3041 6422 3183 6490 fine,
3214 6423 3363 6480 oltre
3391 6423 3447 6480 le
3473 6422 3693 6497 pagine
3720 6431 4044 6480 numerate:
4079 6422 4129 6480 si
4158 6431 4400 6480 avverta
4426 6422 4487 6480 di

2171 6657 2347 6694 WWW.
2358 6637 2734 6710 memofonte.
2748 6639 2791 6694 il
