4958 7017
1981 864 2366 922 Fondazione
2390 838 2775 922 Memofonte
2800 865 2976 922 onlus

1390 960 1600 1018 Studio
1624 979 1731 1035 per
1754 960 2226 1018 l’elaborazione
2250 960 2632 1018 informatica
2655 961 2813 1018 delle
2838 960 2991 1018 fonti
3018 960 3571 1018 storico—artistiche

698 1266 860 1305 murs
887 1247 1041 1305 bàtis
1068 1266 1175 1322 par
1200 1247 1506 1315 Aurelian,
1538 1266 1572 1305 a
1597 1247 1785 1322 Dijon
1819 1248 1994 1315 1771,
2024 1247 2086 1304 in
2113 1247 2240 1315 fol.,
2271 1247 2397 1322 fig.,
2428 1266 2545 1305 con
2572 1247 2965 1322 frontespizio
2994 1247 3271 1322 figurato,
3302 1248 3360 1305 la
3386 1256 3546 1305 carta
3571 1247 3948 1322 topografica
3974 1266 4007 1305 e
4037 1248 4114 1305 32
4142 1248 4342 1305 tavole
4368 1248 4487 1305 ben

698 1343 1004 1418 intagliate
1030 1344 1332 1418 all’acqua
1356 1343 1526 1401 forte.

700 1440 901 1514 Opera
925 1439 1281 1497 annunciata
1305 1439 1605 1507 anonima,
1633 1458 1666 1497 e
1689 1439 2019 1514 riprodotta
2039 1439 2144 1514 poi
2168 1439 2230 1496 in
2253 1439 2449 1514 Parigi
2473 1440 2571 1497 nel
2603 1440 2758 1497 1772
2782 1458 2889 1514 per
2914 1439 3134 1497 servire
3159 1439 3220 1497 di
3245 1439 3706 1497 continuazione
3733 1440 3848 1497 alle
3873 1458 4055 1514 opere
4080 1439 4141 1497 di
4166 1440 4408 1514 Caylus.

473 1632 655 1689 4023.
684 1632 1123 1699 GRANDIDIER,
1150 1614 1322 1689 Essai
1346 1631 1695 1706 historique,
1723 1640 1781 1689 et
1803 1631 2281 1706 topographique
2308 1650 2405 1689 sur
2428 1631 2668 1706 l’eglise
2693 1631 3032 1689 cathedrale
3057 1632 3132 1689 de
3159 1632 3531 1706 Strasbourg,
3561 1632 3915 1706 Strasbourg
3947 1632 4122 1699 1782,
4149 1631 4211 1688 in
4238 1632 4290 1689 8.

700 1727 901 1801 Opera
924 1726 1069 1784 fatta
1092 1745 1209 1784 con
1233 1726 1552 1801 diligenza,
1580 1745 1613 1784 e
1638 1745 1755 1784 con
1777 1727 1978 1784 buone
2003 1726 2226 1784 notizie
2253 1726 2528 1794 storiche,
2556 1727 2614 1784 la
2637 1727 2814 1801 quale
2839 1726 3139 1784 esaurisce
3164 1727 3567 1801 l’argomento
3594 1726 3751 1784 assai
3774 1727 3946 1784 bene.

479 1920 557 1993 [p.
586 1919 729 1988 243]

473 2111 655 2168 4024.
695 2107 878 2167 HÉRÉ
912 2111 1222 2178 Emanuel,
1261 2110 1512 2168 Recueil
1548 2111 1654 2168 des
1689 2111 1881 2185 plans,
1920 2110 2272 2178 élévati0ns,
2312 2119 2370 2168 et
2404 2129 2631 2185 coupes
2668 2111 2774 2168 des
2812 2110 3122 2178 chàteaux,
3153 2110 3402 2185 jardins,
3441 2119 3500 2168 et
3535 2111 3974 2185 dependances,
4014 2129 4130 2185 que
4166 2111 4222 2168 le
4259 2110 4376 2168 Roi
4412 2111 4487 2168 de

698 2207 968 2281 Pologne
993 2225 1225 2281 occupe
1250 2225 1325 2264 en
1348 2206 1620 2264 Lòraine.
1648 2208 1759 2264 Par
1781 2208 1869 2264 M.
1898 2207 2074 2274 Here,
2100 2206 2282 2274 Paris,
2309 2206 2371 2263 in
2395 2206 2500 2264 fol.
2530 2207 2749 2274 atlant.,
2777 2207 2814 2263 2
2840 2207 2981 2274 vol.,
3010 2206 3087 2264 60
3113 2206 3510 2281 grandissime
3534 2207 3752 2264 tavole.

697 2337 780 2341 —
803 2301 1178 2376 Aggiuntivi:
1208 2302 1403 2369 Plans,
1432 2310 1490 2359 et
1514 2301 1847 2359 elevations
1874 2302 1949 2359 de
1975 2302 2033 2359 la
2056 2302 2234 2359 Place
2259 2302 2490 2376 Royale
2516 2302 2591 2359 de
2616 2303 2847 2376 Nancy,
2876 2310 2934 2359 et
2958 2302 3221 2359 d’autres
3248 2301 3521 2369 edifices,
3550 2301 3652 2376 qui
3678 2301 4140 2369 l’environnent,
4167 2301 4358 2359 bàties
4383 2320 4490 2376 par

699 2398 786 2455 les
812 2398 1016 2455 ordres
1042 2398 1122 2455 du
1145 2397 1262 2455 Roi
1287 2398 1362 2455 de
1386 2398 1673 2472 Pologne,
1700 2399 1834 2455 Duc
1860 2398 1935 2455 de
1959 2397 2232 2465 Lòraine,
2267 2397 2441 2455 1753.

699 2494 834 2551 Con
865 2494 934 2551 13
963 2493 1171 2568 grandi
1195 2494 1395 2551 tavole
1419 2493 1482 2550 in
1504 2512 1685 2551 rame.
1716 2494 1917 2568 Opera
1940 2494 2254 2551 d’enorme
2279 2494 2464 2561 lusso,
2492 2512 2525 2551 e
2550 2502 2725 2568 gusto
2751 2493 3014 2551 infelice.

473 2685 655 2743 4025.
682 2687 889 2743 IKENII
912 2685 1194 2753 Conradi,
1222 2685 1624 2760 Antiquitates
1649 2685 1983 2753 hebraicae,
2010 2687 2266 2743 Bremae
2298 2685 2473 2753 1764,
2499 2685 2561 2742 in
2588 2686 2640 2743 8.

473 2876 655 2934 4026.
682 2878 852 2934 JOVII
874 2876 1061 2944 Pauli,
1088 2876 1431 2951 Descriptio
1456 2876 1614 2934 Larii
1639 2877 1824 2944 lacus,
1851 2876 2143 2944 Venetiis,
2178 2876 2353 2944 1559,
2380 2876 2442 2933 in
2465 2877 2522 2944 4,
2550 2895 2625 2934 ex
2649 2876 2905 2934 officina
2930 2877 3151 2934 Stellae
3175 2876 3418 2934 Jordani
3442 2876 3659 2934 Ziletti.

698 2973 1050 3047 L’elegante
1086 2973 1466 3047 opuscoletto
1503 2973 1536 3030 e
1572 2972 1785 3030 diretto
1823 2991 1857 3030 a
1890 2974 2223 3030 Francesco
2262 2972 2584 3030 Sfrondato
2621 2991 2654 3030 e
2690 2973 2767 3030 da
2800 2972 3082 3030 Dionisio
3121 2972 3447 3030 Somenzio
3484 2972 3762 3030 dedicato
3800 2991 3834 3030 a
3867 2972 4127 3030 Niccolò
4166 2972 4487 3030 Sfrondato

699 3068 874 3143 figlio
900 3069 998 3126 del
1025 3069 1318 3126 suddetto.

473 3261 655 3318 4027.
687 3261 982 3317 L’ITALIE
1010 3260 1276 3318 illustrée
1306 3279 1381 3318 en
1417 3260 1528 3318 135
1562 3260 1787 3335 figures
1818 3279 1893 3318 en
1921 3260 2116 3318 tailles
2147 3261 2373 3318 donces
2404 3279 2480 3318 en
2510 3260 2615 3318 fol.
2649 3260 2977 3328 dessinées,
3010 3269 3068 3318 et
3096 3261 3345 3335 gravées
3374 3279 3481 3335 par
3509 3261 3596 3318 les
3625 3261 3760 3335 plus
3792 3260 4038 3318 fameux
4067 3279 4349 3335 graveurs
4380 3261 4486 3318 des

698 3357 850 3430 Pays
875 3357 1015 3423 Bas,
1044 3374 1191 3413 avec
1217 3355 1635 3430 l’explication
1659 3374 1734 3413 en
1757 3355 1980 3423 italien,
2008 3355 2290 3430 francois,
2318 3364 2376 3413 et
2399 3355 2561 3423 latin,
2588 3356 2812 3430 Leyde,
2840 3355 2988 3413 chez
3013 3355 3206 3423 Hank,
3241 3355 3415 3413 1757.

698 3452 992 3509 Potrebbe
1021 3460 1233 3526 questo
1263 3451 1416 3509 libro
1444 3451 1733 3526 piuttosto
1762 3451 2078 3509 intitolarsi
2107 3470 2283 3509 come
2314 3451 2624 3526 apparisce
2653 3452 2730 3509 da
2756 3470 2837 3509 un
2868 3452 3134 3509 secondo
3164 3451 3576 3526 frontespizio,
3612 3452 3836 3509 Vedute
3865 3452 3928 3509 di
3960 3454 4236 3519 Venezia;
4266 3451 4486 3526 poiché

699 3547 870 3622 quasi
898 3556 1047 3605 tutto
1076 3547 1119 3604 il
1148 3548 1393 3605 volume
1422 3548 1455 3605 e
1484 3556 1837 3605 consacrato
1868 3566 1902 3605 a
1929 3556 2139 3622 questa
2166 3547 2323 3605 città:
2355 3556 2799 3622 rappresentata
2825 3547 2887 3604 in
2922 3547 3033 3605 115
3065 3548 3283 3615 tavole,
3314 3566 3436 3605 non
3463 3566 3538 3605 ne
3565 3548 3845 3605 restando
3875 3547 3986 3605 che
4015 3548 4094 3605 20
4125 3548 4240 3605 alle
4269 3548 4486 3605 vedute

699 3643 760 3701 di
786 3644 929 3701 altre
952 3643 1269 3718 principali
1294 3643 1435 3701 città
1458 3643 1795 3701 dell’Italia.

473 3836 655 3893 4028.
686 3837 968 3893 LACOUR
993 3837 1081 3893 M.
1112 3837 1200 3893 M.
1231 3854 1391 3910 pere,
1422 3844 1480 3893 et
1507 3835 1627 3903 fils,
1658 3835 2001 3910 Antiquités
2028 3835 2419 3903 bordelaises,
2453 3835 2853 3910 sarcophages
2881 3836 3123 3893 trouvés
3153 3836 3187 3893 a
3216 3836 3273 3893 S.
3304 3836 3563 3893 Medard
3590 3836 3871 3910 d’Eyran,
3902 3836 4187 3893 Bordeux
4221 3835 4396 3903 1806,
4426 3835 4488 3892 in

699 3930 826 3998 fol.,
854 3930 959 4005 fig.

700 4027 901 4101 Opera
951 4035 1444 4094 accuratamente,
1498 4045 1531 4084 e
1583 4026 1954 4084 nobilmente
2005 4026 2276 4101 eseguita
2326 4045 2443 4084 con
2496 4026 2582 4084 sei
2632 4027 2792 4084 belle
2842 4027 3043 4084 tavole
3093 4026 3400 4101 intagliate
3450 4026 3513 4083 in
3562 4045 3726 4084 rame
3778 4027 4153 4094 dall’autore,
4207 4027 4356 4084 oltre
4406 4045 4487 4084 un

699 4122 1091 4197 frontespizio
1118 4122 1394 4197 figurato.
1422 4123 1771 4197 Esemplare
1795 4122 1857 4179 in
1881 4131 2041 4180 carta
2064 4122 2321 4180 distinta.

473 4315 655 4373 4029.
682 4316 975 4372 LAURITZ
998 4315 1073 4372 de
1097 4314 1393 4372 Thourah.
1421 4314 1580 4372 Vedi
1609 4317 1845 4372 Vitruve
1868 4317 2125 4372 Danois.

473 4506 655 4563 4030.
682 4507 1030 4563 LEONARDI
1052 4505 1396 4563 Domenico
1421 4505 1639 4573 Felice,
1666 4507 1750 4563 Le
1775 4505 1993 4563 delizie
2018 4506 2178 4563 della
2201 4505 2347 4563 villa
2370 4505 2431 4563 di
2456 4506 2834 4563 Castellazzo
2860 4505 3138 4563 descritte
3162 4505 3225 4562 in
3249 4524 3444 4573 verso,
3471 4505 3707 4563 Milano
3740 4506 3915 4573 1743,
3942 4505 4004 4562 in
4028 4505 4155 4573 fol.,
4183 4505 4287 4580 fig.

701 4602 865 4659 Sono
893 4602 972 4658 24
1000 4620 1145 4676 gran
1170 4602 1371 4659 tavole
1397 4601 1460 4658 in
1484 4620 1667 4669 rame,
1698 4620 2014 4676 compresa
2040 4602 2241 4676 quella
2267 4602 2365 4659 col
2390 4601 2614 4659 ritratto
2642 4602 2741 4659 del
2768 4610 2944 4659 conte
2973 4601 3283 4676 Giuseppe
3310 4602 3615 4659 Arconato
3642 4601 3921 4659 Visconti
3949 4601 4046 4659 cui
4075 4601 4417 4676 appartiene
4443 4601 4487 4658 il

699 4698 883 4772 luogo
909 4697 970 4755 di
995 4697 1231 4765 delizia,
1259 4698 1315 4755 le
1340 4697 1502 4772 quali
1529 4716 1679 4755 sono
1705 4697 2011 4772 intagliate
2036 4698 2113 4755 da
2135 4699 2223 4755 M.
2251 4697 2520 4755 Antonio
2546 4698 2623 4755 da
2645 4699 2751 4755 Re.

473 4890 655 4947 4031.
682 4891 883 4946 LITTA
904 4891 1193 4964 Pompeo,
1220 4889 1513 4964 Famiglie
1538 4889 1761 4947 celebri
1786 4889 2040 4957 d’Italia,
2067 4889 2322 4957 Milano,
2357 4890 2531 4957 1819,
2557 4908 2767 4964 presso
2791 4890 2978 4947 Paolo
3003 4889 3224 4947 Emilio
3251 4889 3467 4957 Giusti,
3495 4889 3557 4946 in
3581 4889 3708 4957 fol.,
3736 4889 3841 4964 fig.

700 4986 901 5060 Opera
935 4985 1272 5060 grandiosa,
1311 5004 1344 5043 e
1381 5004 1499 5043 una
1534 4986 1692 5043 delle
1727 4985 1832 5060 più
1867 4985 2090 5060 insigni
2127 4985 2239 5043 che
2277 4985 2327 5043 si
2361 4985 2674 5060 pubblichi
2716 4987 2794 5060 [p.
2834 4986 2978 5055 244]
3019 5004 3098 5043 no
3134 4985 3196 5042 in
3230 4985 3415 5043 Italia.
3455 4987 3609 5043 Esce
3646 5004 3680 5043 a
3716 4985 3993 5043 fascicoli
4032 4985 4303 5060 separati,
4342 4985 4486 5060 ogni

699 5080 994 5138 fascicolo
1021 5080 1299 5138 contiene
1326 5099 1444 5138 una
1469 5099 1506 5138 o
1531 5080 1636 5155 più
1662 5080 1952 5155 famiglie.
1982 5082 2066 5138 Le
2092 5080 2394 5155 medaglie
2420 5080 2532 5138 che
2561 5099 2818 5138 servono
2845 5080 3322 5138 d’illustrazione
3351 5099 3501 5138 sono
3527 5089 3695 5138 tratte
3722 5081 3799 5138 da
3823 5080 4035 5148 musei,
4064 5080 4084 5137 i
4110 5080 4486 5138 monumenti

699 5177 797 5234 dal
829 5195 990 5234 vero.
1025 5178 1050 5233 I
1081 5176 1358 5234 fascicoli
1392 5176 1441 5234 si
1473 5177 1671 5234 danno
1703 5176 1870 5244 uniti,
1905 5195 1938 5234 e
1972 5176 2243 5251 separati,
2279 5195 2313 5234 a
2340 5176 2599 5251 piacere;
2633 5195 2754 5234 non
2785 5176 2845 5234 vi
2877 5177 2910 5234 e
2943 5176 3376 5234 associazione:
3412 5195 3493 5234 un
3525 5185 3728 5234 autore
3760 5176 3965 5234 nobile
3997 5195 4030 5234 e
4061 5176 4487 5251 indipendente

698 5291 820 5330 non
864 5273 1017 5330 deve
1063 5291 1239 5330 avere
1284 5272 1511 5330 vincoli
1556 5272 1802 5330 comuni
1849 5272 1968 5347 agli
2013 5272 2227 5330 editori
2272 5273 2596 5347 mercenarj
2649 5273 2805 5343 (così
2850 5273 3105 5330 l’autore
3148 5273 3455 5347 protesta).
3503 5274 3570 5329 In
3614 5281 3827 5347 questo
3871 5272 4067 5347 primo
4113 5272 4409 5330 fascicolo
4455 5273 4488 5330 è

698 5368 988 5426 illustrata
1012 5369 1070 5426 la
1095 5368 1370 5443 famiglia
1395 5369 1724 5426 Attendolo
1753 5368 1982 5426 Sforza:
2016 5387 2166 5426 sono
2195 5369 2266 5426 31
2299 5377 2457 5426 carte
2484 5368 2574 5426 fra
2598 5369 2654 5426 le
2682 5368 2844 5443 quali
2869 5368 3135 5426 trovansi
3163 5368 3351 5426 sedici
3380 5377 3610 5443 stampe
3636 5368 3697 5426 di
3724 5368 4025 5443 medaglie
4051 5387 4084 5426 e
4111 5368 4486 5426 monumenti

699 5464 1125 5539 copiosissime
1169 5464 1438 5539 eseguite
1482 5483 1599 5522 con
1642 5465 1700 5522 la
1743 5464 2032 5522 massima
2074 5464 2377 5539 diligenza
2419 5483 2452 5522 e
2497 5464 2738 5532 fedeltà,
2784 5483 2906 5522 non
2947 5464 3269 5539 potendosi
3313 5464 3434 5522 mai
3478 5465 3683 5522 lodare
3728 5465 4090 5522 abbastanza
4132 5465 4190 5522 la
4234 5464 4489 5522 solerzia

699 5560 1056 5617 dell’autore
1080 5560 1437 5617 nell’esame
1462 5560 1557 5617 de’
1589 5559 1882 5617 materiali
1905 5578 2012 5634 per
2034 5568 2178 5617 tutte
2203 5560 2259 5617 le
2286 5559 2543 5617 storiche
2568 5559 2902 5617 erudizioni
2927 5559 2988 5617 di
3013 5559 3110 5617 cui
3135 5560 3370 5634 l’opera
3393 5559 3871 5617 laboriosissima
3894 5560 3927 5617 e
3950 5559 4196 5634 ripiena.
4224 5561 4312 5617 M.
4348 5559 4480 5617 105.

473 5752 655 5809 4032.
682 5753 945 5809 LYSONS
974 5752 1236 5819 Samuel,
1263 5751 1580 5826 Reliquiae
1603 5751 2253 5809 britannico-romanae
2278 5751 2625 5826 containing
2651 5751 2876 5826 figures
2902 5751 2975 5809 of
2991 5770 3203 5809 roman
3228 5751 3569 5826 antiquities
3595 5751 3953 5809 discovered
3976 5751 4038 5808 in
4063 5751 4302 5809 various
4326 5760 4485 5826 parts

699 5847 771 5905 of
788 5848 1080 5922 England,
1108 5848 1381 5915 London,
1409 5848 1446 5904 2
1472 5848 1613 5915 vol.,
1640 5847 1702 5904 in
1727 5847 1832 5905 fol.
1861 5866 2039 5915 max.,
2067 5847 2194 5922 fig.,
2229 5848 2382 5905 1813
2417 5848 2590 5905 1817.

698 5944 815 6001 Nel
844 5943 1040 6018 primo
1072 5944 1317 6001 volume
1351 5962 1501 6001 sono
1535 5944 1610 6001 37
1643 5944 1861 6011 tavole,
1895 5962 1928 6001 e
1958 5944 2038 6000 42
2069 5944 2167 6001 nel
2200 5944 2484 6001 secondo.
2520 5944 2721 6018 Opera
2750 5943 3020 6018 eseguita
3049 5962 3166 6001 con
3195 5943 3497 6001 immenso
3529 5944 3695 6001 lusso
3726 5962 3833 6018 per
3862 5944 3920 6001 la
3949 5952 4125 6011 carta,
4158 5943 4178 6000 i
4208 5943 4334 6018 tipi,
4368 5962 4401 6001 e
4432 5944 4488 6001 le

698 6040 898 6097 tavole
926 6039 1177 6097 colorite
1205 6058 1322 6097 con
1349 6040 1536 6097 molta
1563 6048 1965 6097 accuratezza.
1996 6041 2137 6097 Non
2165 6040 2496 6097 altrettanto
2523 6040 2646 6114 può
2675 6039 2819 6097 dirsi
2845 6058 2952 6114 per
2978 6040 3036 6097 la
3060 6048 3225 6114 parte
3253 6039 3459 6097 critica
3485 6040 3583 6097 del
3610 6048 3783 6107 testo,
3814 6039 3925 6097 che
3953 6040 4214 6097 darebbe
4242 6040 4426 6114 luogo
4456 6058 4490 6097 a

697 6134 802 6209 più
824 6134 1171 6209 profondità
1194 6134 1255 6192 di
1280 6134 1662 6192 discussioni.

473 6327 655 6384 4033.
682 6328 1000 6394 MACEDO,
1027 6326 1262 6384 Pictura
1285 6335 1535 6384 venetae
1559 6326 1740 6394 urbis,
1767 6326 2040 6384 Venetiis
2073 6326 2248 6394 1670,
2275 6326 2337 6383 in
2360 6327 2416 6384 4.

700 6423 929 6494 Questo
955 6422 1108 6480 libro
1132 6422 1435 6497 raccoglie
1460 6422 1696 6480 diverse
1721 6422 2064 6497 importanti
2089 6422 2399 6490 memorie,
2427 6423 2503 6480 ed
2527 6423 2560 6480 e
2583 6441 2743 6497 poco
2769 6422 3124 6480 conosciuto
3149 6422 3211 6479 in
3234 6422 3506 6480 Venezia
3529 6422 3879 6480 medesima.

2171 6657 2347 6694 WWW.
2358 6637 2734 6710 memofonte.
2748 6639 2791 6694 il
