4958 7017
1981 864 2366 922 Fondazione
2390 838 2775 922 Memofonte
2800 865 2976 922 onlus

1390 960 1600 1018 Studio
1624 979 1731 1035 per
1754 960 2226 1018 l’elaborazione
2250 960 2632 1018 informatica
2655 961 2813 1018 delle
2838 960 2991 1018 fonti
3018 960 3571 1018 storico—artistiche

473 1344 655 1401 4721.
687 1345 1054 1401 MAROLLES
1084 1345 1172 1401 M.
1205 1344 1410 1401 l’abbé
1439 1344 1514 1401 de
1542 1343 1853 1411 Villeloin,
1884 1344 2192 1401 Tableaux
2220 1344 2300 1401 du
2328 1344 2552 1418 temple
2581 1344 2687 1401 des
2716 1345 2929 1401 Muses
2958 1344 3365 1418 réprésentant
3392 1344 3480 1401 les
3511 1352 3709 1401 vertus
3739 1352 3797 1401 et
3824 1344 3880 1401 le
3910 1343 4076 1401 vices
4109 1362 4206 1401 sur
4233 1344 4321 1401 les
4349 1344 4485 1418 plus

698 1439 957 1497 illustres
983 1439 1177 1497 fables
1203 1440 1278 1497 de
1303 1439 1659 1514 l’antiquité,
1686 1439 1849 1497 Paris
1882 1439 2056 1507 1655,
2083 1441 2108 1496 I
2132 1439 2427 1497 edizione.

700 1536 929 1607 Questo
958 1536 1292 1610 esemplare
1321 1536 1354 1593 è
1380 1536 1706 1610 preceduto
1735 1536 1833 1593 dal
1859 1535 2083 1593 ritratto
2112 1535 2173 1593 di
2200 1536 2492 1593 Marolles
2520 1535 2832 1610 intagliato
2862 1535 3018 1593 assai
3045 1536 3200 1593 bene
3228 1536 3305 1593 da
3330 1537 3404 1593 N.
3436 1535 3649 1610 Poilty.
3680 1535 3789 1593 Poi
3817 1535 3993 1593 viene
4020 1535 4063 1592 il
4092 1535 4485 1610 frontespizio

699 1631 957 1706 figurato
983 1650 1159 1689 come
1184 1632 1217 1689 e
1242 1631 1345 1706 qui
1369 1631 1653 1689 indicato:
1685 1650 1868 1706 segue
1893 1631 1936 1688 il
1959 1631 2298 1689 bellissimo
2322 1631 2547 1689 ritratto
2573 1631 2634 1689 di
2658 1633 2960 1689 Favereau
2984 1632 3061 1689 da
3084 1631 3182 1689 cui
3206 1640 3392 1689 trasse
3417 1632 3709 1689 Marolles
3736 1632 3970 1706 l’opera
3995 1650 4117 1699 sua,
4145 1650 4178 1689 e
4204 1650 4485 1706 vengono

697 1726 802 1801 poi
827 1727 883 1784 le
909 1726 985 1784 58
1011 1727 1211 1784 tavole
1235 1726 1541 1801 intagliate
1566 1745 1683 1784 con
1707 1727 1895 1784 molta
1919 1735 2304 1784 accuratezza
2327 1727 2404 1784 da
2426 1727 2735 1784 Bloemart
2758 1745 2791 1784 e
2816 1727 2911 1784 da’
2945 1726 3077 1784 suoi
3104 1726 3338 1794 scolari,
3366 1727 3443 1784 da
3465 1726 3786 1794 Brebiette,
3814 1745 3847 1784 e
3872 1727 3949 1784 da
3973 1726 4119 1784 altri.

473 1919 655 1976 4722.
689 1920 1056 1976 MAROLLES
1088 1920 1176 1976 M.
1212 1919 1416 1976 l’abbé
1447 1919 1523 1976 de
1553 1918 1864 1986 Villeloin,
1897 1919 2205 1976 Tableaux
2235 1919 2315 1976 du
2345 1919 2569 1993 temple
2600 1919 2706 1976 des
2737 1920 2950 1976 Muses
2982 1918 3127 1976 tirez
3158 1919 3238 1976 du
3269 1918 3526 1976 Cabinet
3556 1919 3631 1976 de
3661 1920 3783 1976 Feu
3813 1920 3901 1976 M.
3935 1920 4255 1986 Faverean,
4289 1919 4483 1976 Amst.

706 2014 881 2082 1676,
907 2014 969 2071 in
992 2015 1049 2082 4,
1077 2014 1203 2089 fig.,
1231 2015 1268 2071 2
1294 2014 1589 2072 edizione.

700 2111 927 2182 Questa
956 2110 1197 2185 piccola
1227 2110 1505 2168 edizione
1536 2110 1599 2167 in
1630 2119 1839 2185 quarto
1872 2119 2078 2168 ornata
2108 2110 2169 2168 di
2202 2110 2278 2168 58
2312 2111 2512 2168 tavole
2543 2110 2850 2185 intagliate
2882 2129 2999 2168 con
3030 2111 3218 2168 molta
3249 2110 3487 2168 finezza
3517 2110 3948 2168 d’esecuzione
3980 2111 4013 2168 e
4048 2119 4340 2185 stampata
4370 2129 4487 2168 con

699 2207 921 2281 grande
953 2207 1258 2281 eleganza,
1293 2207 1369 2264 ed
1400 2207 1433 2264 e
1465 2207 1523 2264 la
1555 2207 1819 2264 seconda
1849 2206 2127 2264 edizione
2157 2206 2504 2281 pubblicata
2534 2207 2891 2264 dall’autore
2923 2207 3086 2281 dopo
3119 2207 3177 2264 la
3204 2206 3397 2281 prima
3427 2206 3719 2281 originale
3752 2207 3910 2264 delle
3942 2206 4153 2281 figure.
4188 2207 4236 2263 Il
4267 2215 4420 2264 testo
4453 2207 4486 2264 e

697 2301 977 2376 prezioso
1001 2320 1108 2376 per
1130 2302 1188 2359 la
1211 2301 1476 2376 quantità
1499 2302 1657 2359 delle
1682 2301 1955 2369 dottrine,
1983 2310 2181 2359 esteso
2206 2301 2268 2358 in
2291 2301 2413 2359 476
2437 2301 2673 2376 pagine.

698 2380 746 2454 É
778 2397 1077 2472 singolare
1107 2397 1218 2455 che
1250 2398 1512 2455 sebbene
1542 2397 2024 2472 quest’edizione
2056 2397 2144 2455 sia
2172 2398 2230 2455 la
2261 2398 2391 2455 sola
2418 2397 2480 2454 in
2509 2397 2607 2455 cui
2637 2398 2697 2455 lo
2729 2406 2932 2455 autore
2962 2397 3024 2455 fa
3050 2416 3277 2472 pompa
3305 2398 3463 2455 delle
3495 2416 3599 2455 sue
3629 2397 3902 2465 dottrine,
3934 2416 4056 2455 non
4086 2416 4282 2472 venga
4310 2397 4488 2455 citata

699 2494 776 2551 da
800 2494 875 2551 de
900 2495 1077 2561 Bure,
1106 2512 1139 2551 e
1165 2494 1242 2551 da
1265 2495 1504 2551 Brunet.
1533 2493 1984 2551 Nell’edizione
2010 2493 2071 2551 di
2096 2493 2331 2551 Pickart
2356 2502 2829 2568 accompagnata
2853 2494 2951 2551 dal
2976 2502 3148 2561 testo,
3177 2512 3210 2551 e
3236 2494 3394 2551 dalle
3420 2502 3578 2561 note,
3606 2512 3729 2551 non
3753 2493 3977 2551 trovasi
4003 2493 4114 2551 che
4140 2512 4221 2551 un
4246 2502 4486 2551 estratto

699 2589 760 2647 di
785 2598 997 2664 questo
1023 2589 1195 2657 libro,
1222 2608 1321 2647 ma
1344 2590 1534 2647 molto
1562 2589 1850 2647 succinto.

473 2782 655 2839 4723.
688 2783 1056 2839 MAROLLES
1088 2783 1176 2839 M.
1211 2782 1415 2839 l’abbé
1446 2782 1521 2839 de
1551 2781 1861 2849 Villeloin,
1895 2783 1979 2839 Le
2009 2782 2233 2856 temple
2264 2782 2370 2839 des
2401 2783 2615 2839 Muses
2647 2782 2791 2839 orné
2822 2782 2897 2839 de
2927 2783 3034 2838 LX
3064 2782 3344 2839 tableaux
3374 2800 3455 2839 ou
3488 2790 3622 2839 sont
3649 2781 3850 2839 reunis
3882 2782 3969 2839 les
4001 2782 4366 2839 événemens
4398 2782 4486 2839 les

697 2877 832 2951 plus
869 2877 1315 2951 rémarquables
1354 2877 1429 2934 de
1467 2876 1806 2951 l’antiquité
1845 2876 2160 2934 fabuleuse
2198 2876 2470 2934 dessinés
2510 2885 2568 2934 et
2605 2877 2817 2951 graves
2854 2895 2961 2951 par
2996 2877 3263 2934 Bernard
3299 2876 3534 2934 Pickart
3570 2885 3628 2934 et
3666 2885 3858 2934 autres
3897 2876 4091 2934 habils
4130 2877 4390 2944 maîtres,
4431 2885 4489 2934 et

700 2973 1142 3047 accompagnés
1168 2972 1635 3047 d’explications
1661 2981 1719 3030 et
1743 2973 1818 3030 de
1841 2973 2202 3047 rémarques,
2230 2973 2424 3030 Amst.
2460 2973 2635 3040 1733,
2662 2972 2724 3029 in
2748 2972 2853 3030 fol.

698 3069 873 3126 Bella
900 3068 1178 3126 edizione
1207 3087 1324 3126 con
1352 3077 1505 3126 testo
1536 3069 1612 3126 ed
1639 3068 2034 3126 illustrazioni
2062 3069 2207 3126 tolte
2237 3069 2314 3126 da
2341 3069 2542 3143 quella
2569 3068 2632 3125 in
2659 3069 2697 3125 4
2728 3069 2826 3126 del
2862 3068 3037 3136 1676,
3071 3069 3103 3126 3
3136 3068 3431 3126 edizione.
3463 3070 3547 3126 Le
3574 3068 3893 3143 posteriori
3922 3069 4020 3126 del
4056 3069 4231 3136 1742,
4263 3087 4296 3126 e
4332 3069 4486 3127 1749

698 3183 820 3222 non
844 3164 1043 3222 hanno
1067 3164 1296 3239 pregio,
1322 3164 1542 3239 poiché
1567 3165 1623 3222 le
1647 3165 1847 3222 tavole
1872 3183 2052 3222 erano
2080 3164 2532 3222 sensibilmente
2557 3165 2827 3239 logorate
2852 3183 2976 3222 ecc.

473 3356 655 3413 4724.
685 3357 960 3413 MARTIN
984 3356 1190 3423 Jacob,
1217 3356 1571 3413 Bénédictin
1598 3356 1673 3413 de
1702 3355 1761 3413 la
1789 3358 2230 3429 congregation
2257 3356 2332 3413 de
2360 3357 2411 3413 S.
2442 3358 2643 3413 Maw.
2673 3357 2759 3413 La
2783 3355 3041 3430 religion
3067 3356 3173 3413 des
3202 3355 3437 3430 gaulois
3466 3355 3611 3413 tirée
3638 3356 3744 3413 des
3770 3356 3906 3430 plus
3932 3374 4110 3430 pures
4140 3374 4383 3413 sources
4411 3356 4487 3413 de

699 3451 1055 3526 l’antiquité,
1083 3470 1347 3526 ouvrage
1372 3451 1599 3509 enrichi
1624 3452 1699 3509 de
1724 3451 1949 3526 figures
1975 3470 2051 3509 en
2074 3451 2237 3509 taille
2262 3452 2475 3519 douce,
2502 3451 2665 3509 Paris
2698 3452 2873 3519 1737,
2899 3451 2961 3508 in
2984 3452 3041 3519 4,
3069 3452 3106 3508 2
3132 3452 3251 3509 vol.

698 3548 815 3605 Nel
848 3547 1240 3622 frontespizio
1273 3548 1529 3605 l’autore
1559 3548 1705 3622 però
1739 3547 2049 3622 apparisce
2082 3547 2385 3605 anonimo.
2420 3549 2488 3604 In
2519 3547 2618 3605 cin
2654 3549 2733 3622 [p.
2771 3548 3039 3622 324]que
3071 3547 3206 3605 libri
3238 3548 3271 3605 e
3303 3547 3500 3605 divisa
3529 3556 3676 3605 tutta
3707 3548 3942 3622 l’opera
3973 3547 4284 3605 arricchita
4314 3547 4375 3605 di
4407 3548 4487 3604 44

698 3644 898 3701 tavole
932 3643 1123 3701 incise
1158 3643 1320 3718 dagli
1357 3643 1531 3701 stessi
1567 3643 1753 3701 artisti
1788 3643 1899 3701 che
1934 3644 2290 3701 lavorarono
2327 3644 2742 3717 all’Antiquité
2775 3643 3089 3717 expliquée
3123 3644 3186 3701 di
3217 3644 3636 3717 Montfaucon.
3674 3644 3875 3718 Opera
3906 3643 4086 3718 piena
4119 3643 4180 3701 di
4213 3643 4490 3718 preziosa

699 3739 1063 3797 erudizione.

473 3930 655 3988 4725.
700 3931 1000 4001 (MARTIN
1037 3932 1111 3988 D.
1154 3932 1409 4005 Jacques
1449 3930 1743 4005 religieux
1781 3930 2172 4001 benedictin),
2214 3930 2596 4005 Explication
2635 3931 2710 3988 de
2750 3930 2948 3988 divers
2989 3939 3373 3988 monuments
3416 3930 3752 4005 singuliers,
3795 3930 3897 4005 qui
3937 3939 4042 3988 ont
4078 3939 4320 4005 rapport
4359 3931 4393 3988 a
4431 3931 4489 3988 la

697 4026 954 4101 religion
978 4027 1084 4084 des
1108 4027 1244 4101 plus
1271 4026 1515 4084 anciens
1539 4027 1809 4101 peuples,
1836 4026 1999 4084 Paris
2032 4027 2206 4094 1739,
2233 4026 2295 4083 in
2318 4027 2375 4094 4,
2403 4026 2507 4101 fig.

700 4123 929 4194 Questo
978 4122 1132 4180 libro
1181 4123 1560 4197 egualmente
1609 4122 1920 4197 apparisce
1969 4122 2254 4180 anonimo
2303 4123 2401 4180 dal
2449 4122 2843 4197 frontespizio
2892 4141 3008 4180 ove
3055 4122 3098 4179 il
3145 4141 3327 4180 nome
3375 4123 3408 4180 e
3455 4122 3696 4180 taciuto.
3747 4122 3993 4180 Innanzi
4041 4123 4074 4180 e
4122 4141 4240 4180 una
4286 4123 4488 4180 tavola

700 4218 1025 4293 allegorica
1071 4219 1231 4276 colla
1277 4218 1493 4276 dedica
1539 4219 1877 4293 dell’opera
1924 4218 2405 4276 all’Accademia
2452 4219 2610 4276 delle
2657 4218 2969 4276 Iscrizioni
3017 4237 3050 4276 e
3098 4219 3271 4276 Belle
3319 4220 3569 4286 Lettere,
3620 4237 3653 4276 e
3702 4218 3745 4275 il
3793 4219 4039 4276 volume
4087 4219 4120 4276 è
4169 4227 4377 4276 ornato
4426 4218 4487 4276 di

698 4314 1074 4372 monumenti
1099 4314 1321 4372 diversi
1345 4314 1638 4389 intagliati
1662 4314 1725 4371 in
1747 4333 1928 4372 rame.

473 4505 655 4563 4726.
700 4507 922 4573 MERY,
966 4507 1052 4563 La
1091 4505 1397 4580 théologie
1439 4506 1546 4563 des
1587 4505 1866 4580 peintres,
1914 4506 2263 4580 sculpteurs,
2309 4524 2609 4580 graveurs,
2654 4514 2712 4563 et
2752 4505 3173 4573 dessinateurs,
3218 4506 3299 4563 où
3340 4506 3471 4563 l’on
3513 4505 3795 4580 explique
3837 4506 3925 4563 les
3966 4505 4287 4580 principes,
4332 4514 4390 4563 et
4430 4506 4486 4563 le

699 4601 1017 4659 veritables
1041 4602 1237 4676 regles
1261 4620 1414 4676 pour
1435 4602 1805 4676 représenter
1828 4602 1915 4659 les
1941 4601 2232 4669 mistères,
2259 4601 2422 4659 Paris
2455 4601 2630 4669 1765,
2656 4601 2718 4658 in
2749 4602 2839 4659 12.

473 4794 655 4851 4727.
682 4795 945 4861 MESNY,
972 4793 1153 4868 Degli
1179 4793 1363 4861 altari,
1391 4812 1424 4851 e
1449 4794 1607 4851 delle
1633 4812 1730 4851 are
1755 4793 1917 4868 degli
1943 4793 2182 4861 antichi,
2208 4802 2547 4868 presentata
2571 4794 2688 4851 alla
2711 4794 2948 4851 celebre
2972 4793 3344 4851 Accademia
3366 4795 3616 4851 Etrusca
3639 4793 3700 4851 di
3725 4794 4007 4861 Cortona,
4035 4793 4484 4861 dissertazione,

698 4889 944 4947 Firenze
976 4889 1151 4957 1763,
1178 4889 1240 4946 in
1267 4890 1319 4947 8.

473 5081 655 5138 4728.
682 5082 986 5138 MOLANO
1009 5082 1120 5148 Io.,
1147 5082 1241 5138 De
1265 5080 1513 5138 historia
1538 5081 1595 5138 S.
1626 5081 1683 5138 S.
1711 5080 2047 5155 imaginum
2070 5089 2128 5138 et
2149 5080 2514 5155 picturarum
2535 5099 2644 5155 pro
2670 5099 2813 5138 vero
2839 5099 3045 5138 earum
3066 5099 3179 5138 usu
3203 5089 3410 5138 contra
3434 5081 3654 5138 abusus
3680 5080 3781 5138 lib.
3809 5082 3912 5148 IV,
3947 5080 4121 5148 1594,
4148 5080 4210 5137 in
4237 5081 4289 5138 8.

698 5177 986 5251 Elegante
1011 5176 1289 5234 edizione
1314 5176 1375 5234 di
1399 5177 1777 5251 un’operetta
1800 5176 1911 5234 che
1935 5176 1997 5233 in
2021 5185 2234 5251 questo
2260 5195 2478 5251 genere
2501 5177 2623 5251 può
2647 5176 2917 5234 ritenersi
2943 5176 3033 5234 fra
3056 5177 3112 5234 le
3137 5176 3418 5251 migliori.

473 5369 655 5427 4729.
685 5370 989 5426 MOLANO
1015 5370 1126 5436 Io.,
1156 5370 1250 5426 De
1277 5368 1525 5426 historia
1553 5369 1610 5426 S.
1644 5369 1701 5426 S.
1732 5368 2068 5443 imaginum
2094 5377 2152 5426 et
2176 5368 2541 5443 picturarum
2565 5387 2674 5443 pro
2703 5387 2846 5426 vero
2875 5387 3081 5426 earum
3105 5387 3218 5426 usu
3245 5377 3452 5426 contra
3479 5369 3699 5426 abusus
3728 5368 3829 5426 lib.
3860 5370 3963 5436 IV,
3993 5369 4182 5443 Lugd.
4221 5368 4396 5436 1619,
4426 5368 4488 5425 in

706 5465 730 5521 1
748 5465 796 5522 1.

473 5656 655 5713 4730.
685 5657 1178 5713 MONTIFALCHII
1198 5655 1371 5723 Petri,
1401 5657 1496 5713 De
1524 5655 1990 5730 cognominibus
2018 5657 2290 5713 Deorum
2315 5656 2694 5730 opusculum,
2724 5655 3021 5723 Perusiae,
3051 5655 3113 5712 in
3141 5655 3389 5713 aedibus
3418 5655 3793 5730 Hieronymy
3820 5655 4122 5713 Francisci
4151 5655 4483 5723 Cartularii,

706 5751 881 5819 1522,
907 5751 969 5808 in
992 5752 1048 5809 4.

700 5848 1013 5922 Opuscolo
1046 5847 1107 5905 di
1139 5856 1297 5905 carte
1329 5848 1402 5906 91
1439 5866 1571 5905 raro
1604 5866 1637 5905 e
1668 5847 2255 5905 interessantissimo.
2290 5848 2338 5904 Il
2371 5847 2764 5922 frontespizio
2797 5848 2830 5905 e
2861 5847 3171 5922 intagliato
3203 5847 3266 5904 in
3297 5848 3497 5922 legno,
3532 5866 3565 5905 e
3598 5866 3632 5905 a
3661 5856 3829 5922 tergo
3862 5848 3895 5905 e
3926 5847 3969 5904 il
4002 5847 4196 5915 Grifo,
4233 5856 4488 5905 stemma

699 5944 859 6001 della
882 5943 1023 6001 città
1046 5943 1107 6001 di
1131 5943 1399 6018 Perugia.

473 6135 655 6192 4731.
682 6136 776 6192 De
800 6136 1169 6202 MOUSTIER,
1197 6136 1423 6192 Lettres
1450 6135 1484 6192 a
1507 6134 1725 6192 Emilie
1752 6153 1850 6192 sur
1873 6135 1931 6192 la
1954 6134 2347 6209 mythologie,
2375 6135 2494 6192 vol.
2523 6135 2580 6202 4,
2608 6134 2734 6209 fig.,
2763 6153 2797 6192 a
2819 6134 3243 6209 Buckingham
3273 6135 3448 6202 1792,
3475 6134 3536 6191 in
3563 6135 3616 6202 8,
3644 6134 3748 6209 fig.

700 6231 901 6305 Opera
924 6230 1035 6288 che
1058 6249 1190 6288 rese
1216 6230 1603 6305 aggradevoli
1628 6249 1661 6288 e
1687 6230 1854 6288 facili
1879 6231 1935 6288 le
1960 6230 2307 6305 cognizioni
2332 6230 2726 6305 mitologiche
2751 6230 3228 6288 nell’istruzione
3253 6231 3413 6288 della
3436 6230 3740 6305 gioventù.

473 6423 655 6480 4732.
695 6424 810 6480 Les
847 6424 1098 6480 MUSES.
1140 6422 1483 6480 Collection
1520 6423 1889 6497 d’estampes
1928 6423 2177 6497 gravées
2216 6441 2291 6480 en
2328 6423 2576 6480 couleur
2612 6441 2758 6480 avec
2797 6422 3215 6497 l’explication
3251 6423 3358 6480 des
3397 6422 3642 6497 figures,
3684 6422 3876 6480 suivie
3914 6423 4064 6480 d’un
4100 6441 4257 6497 coup
4295 6422 4486 6480 d’oeil

2171 6657 2347 6694 WWW.
2358 6637 2734 6710 memofonte.
2748 6639 2791 6694 il
