4958 7017
1981 864 2366 922 Fondazione
2390 864 2775 922 Memofonte
2800 865 2976 922 onlus

1390 960 1600 1018 Studio
1624 979 1731 1035 per
1754 960 2226 1018 l’elaborazione
2250 960 2632 1018 informatica
2655 961 2813 1018 delle
2838 960 2991 1018 fonti
3018 960 3571 1018 storico—artistiche

479 1251 686 1320 1556.
736 1252 1045 1320 AMANO
1085 1251 1387 1333 Jodoco,
1438 1252 1931 1341 Gynecaeum,
1984 1251 2138 1320 sive
2183 1251 2537 1320 theatrum
2582 1251 2988 1333 mulierum,
3038 1251 3112 1319 in
3157 1273 3302 1341 quo
3348 1251 3894 1341 praecipuarum
3940 1251 4320 1320 omnnium
4364 1273 4489 1341 per

711 1368 1075 1456 Europam
1127 1366 1483 1456 imprimis
1538 1366 1932 1448 nationum,
1990 1366 2313 1456 gentium
2366 1377 2497 1435 etc.
2554 1366 2983 1435 Faemineos
3037 1366 3321 1435 habitus
3376 1366 3621 1435 videre
3675 1377 3802 1448 est,
3861 1366 4486 1435 artificiosissimis

712 1503 901 1550 nunc
968 1481 1283 1571 primum
1349 1481 1604 1571 figuris
1674 1481 1885 1550 editis
1955 1503 2363 1571 expressos;
2436 1481 2695 1550 additis
2764 1481 3185 1550 octostichis
3253 1481 3615 1550 Francisci
3683 1481 3946 1563 Modii,
4016 1481 4483 1563 Francofurti,

712 1596 1062 1686 impensis
1095 1596 1544 1686 Sigismundi
1573 1596 2066 1686 Feyrabendii.
2109 1596 2317 1678 1586,
2350 1596 2424 1664 in
2452 1597 2519 1665 4.

711 1707 1008 1765 Dedicato
1036 1708 1153 1765 alla
1179 1707 1562 1765 serenissima
1585 1708 1844 1765 Isabella
1867 1707 2189 1765 Austriana
2212 1707 2447 1782 Regina
2471 1707 2532 1765 di
2557 1707 2805 1765 Francia
2829 1708 2991 1765 dallo
3020 1716 3396 1782 stampatore:
3429 1726 3579 1765 sono
3613 1708 3721 1764 121
3752 1708 3952 1765 tavole
3977 1707 4039 1764 in
4064 1708 4244 1782 legno
4271 1707 4332 1765 di
4356 1726 4487 1765 raro

711 1803 979 1878 intaglio.

483 2018 690 2087 1557.
718 2019 1087 2087 AMATIUS
1114 2018 1480 2087 Paschalis
1514 2018 2079 2100 Sabinianensis,
2112 2020 2224 2087 De
2252 2018 2700 2087 restituitone
2728 2040 3139 2108 purpuraru,
3172 2020 3413 2087 Lucae
3451 2019 3660 2100 1781,
3693 2018 3767 2086 in
3796 2018 3949 2100 fol.,
3981 2020 4087 2087 M.
4125 2019 4237 2087 82.

714 2129 1218 2204 Splendidissima
1241 2129 1519 2187 edizione
1544 2148 1662 2187 con
1684 2129 1784 2187 bei
1808 2129 1916 2204 tipi
1941 2148 1974 2187 e
1997 2130 2159 2187 bella
2182 2138 2342 2187 carta
2366 2129 2831 2197 accuratissima,
2859 2129 2970 2187 che
2995 2148 3183 2187 onora
3206 2130 3461 2187 l’autore
3486 2148 3519 2187 e
3543 2129 3586 2186 il
3610 2129 3911 2204 tipografo
3938 2129 4237 2187 Giacomo
4264 2129 4479 2187 Giusti.

487 2344 694 2413 1558.
730 2345 1031 2413 AMATO
1059 2344 1492 2426 Domenico,
1529 2344 1743 2413 Della
1773 2344 1921 2413 vita
1950 2344 2227 2434 privata
2258 2344 2372 2413 de’
2413 2344 2748 2426 Romani,
2783 2344 3202 2413 traduzione
3235 2344 3352 2413 dal
3384 2344 3713 2413 francese
3747 2366 3886 2413 con
3918 2344 4114 2413 varie
4148 2344 4486 2434 aggiunte

713 2481 752 2528 e
780 2481 923 2528 una
951 2459 1468 2528 dissertazione
1498 2459 1570 2528 di
1599 2459 1885 2549 Filippo
1915 2459 2182 2528 Venuti
2215 2481 2426 2549 sopra
2453 2459 2505 2527 il
2535 2459 2901 2549 gabinetto
2932 2459 3004 2528 di
3035 2459 3411 2541 Cicerone,
3443 2459 3623 2528 tomi
3654 2460 3720 2541 2,
3752 2459 4020 2549 Napoli
4059 2460 4267 2541 1783,
4300 2459 4374 2527 in
4407 2460 4469 2528 8.

487 2689 694 2759 1559.
772 2690 1223 2758 D’ANCORA
1291 2690 1640 2771 Gaetano,
1719 2689 1989 2779 Saggio
2066 2689 2375 2758 sull’uso
2450 2689 2564 2758 de’
2645 2689 2859 2779 pozzi
2932 2711 3183 2779 presso
3258 2689 3357 2779 gli
3433 2689 3699 2758 antichi
3776 2689 4290 2779 specialmente
4362 2711 4488 2779 per

711 2804 1201 2894 preservativo
1232 2804 1348 2873 dei
1377 2804 1734 2886 tremuoti,
1766 2804 2034 2894 Napoli
2073 2805 2281 2886 1787,
2314 2804 2388 2872 in
2421 2805 2484 2886 8,
2516 2806 2622 2873 M.
2657 2804 2772 2874 59.

487 3034 694 3103 1560.
728 3035 1156 3103 ANTONINO
1187 3034 1494 3124 Filippo,
1525 3034 2034 3110 Introduzione
2065 3036 2142 3103 a’
2173 3034 2487 3103 discorsi
2516 3034 2665 3103 dell
2680 3034 3051 3103 ’antichità
3081 3034 3156 3103 di
3186 3036 3502 3115 Sarsina,
3545 3034 3753 3115 1606,
3796 3037 3866 3103 in
3896 3035 3963 3103 4.
3999 3035 4271 3120 Queste
4304 3056 4485 3103 sono

713 3150 807 3218 20
856 3149 1119 3239 pagine
1167 3149 1553 3239 precedute
1603 3149 2103 3218 dall’indicato
2153 3149 2610 3239 frontispizio
2661 3171 2700 3218 e
2752 3171 2933 3218 sono
2986 3149 3262 3239 seguite
3312 3149 3694 3218 dall’altro:
3748 3149 3962 3218 Delle
4012 3149 4363 3218 antichità
4412 3149 4487 3218 di

712 3266 1013 3334 Sarsina
1046 3278 1116 3333 et
1151 3266 1244 3354 [p.
1281 3265 1452 3347 270]
1490 3264 1612 3333 de’
1646 3267 1953 3333 costumi
1983 3264 2058 3333 di
2086 3267 2396 3333 Romani
2427 3264 2547 3333 nel
2578 3265 2845 3353 trionfo
2878 3288 2916 3333 @
2948 3264 3068 3333 nel
3102 3264 3494 3333 Trichlinio
3526 3267 3787 3345 antico,
3828 3266 4129 3334 Sarsina
4164 3264 4372 3345 1607,
4413 3264 4487 3332 in

711 3380 779 3461 4,
811 3401 878 3469 p.
911 3381 1017 3448 M.
1052 3379 1167 3448 56.

714 3491 911 3565 Segue
936 3491 994 3548 la
1017 3490 1233 3548 dedica
1257 3491 1312 3548 al
1338 3491 1485 3548 Cav.
1514 3490 1972 3548 Aldobrandino
1998 3509 2031 3548 e
2063 3491 2133 3548 18
2161 3490 2421 3565 foglietti
2446 3490 2507 3548 di
2531 3491 2732 3548 tavole
2758 3491 2916 3548 delle
2941 3490 3203 3548 materie.
3231 3490 3363 3548 Indi
3390 3490 3440 3548 si
3464 3490 3834 3548 incomincia
3857 3491 3915 3548 la
3937 3490 4364 3548 numerazione
4389 3491 4487 3548 del

711 3594 864 3643 testo
914 3585 1043 3643 fino
1094 3586 1211 3643 alla
1256 3585 1478 3660 pagina
1526 3585 1665 3643 256.
1718 3585 2235 3643 Ordinariamente
2284 3594 2497 3660 questo
2547 3585 2700 3643 libro
2752 3585 2801 3643 si
2849 3594 3019 3643 trova
3065 3585 3409 3660 imperfetto
3460 3604 3494 3643 a
3541 3585 3796 3660 cagione
3845 3586 4005 3643 della
4052 3585 4341 3660 duplicità
4389 3585 4487 3643 dei

712 3681 1082 3756 frontespizi:
1114 3700 1264 3739 sono
1290 3681 1380 3739 fra
1402 3681 1445 3738 il
1469 3690 1623 3739 testo
1649 3682 1835 3739 molte
1860 3681 2046 3756 lapidi
2071 3700 2104 3739 e
2128 3681 2451 3739 iscrizioni.

483 3896 690 3965 1561.
741 3897 1149 3965 ATTINSON
1189 3896 1376 3965 John
1422 3896 1974 3986 Augustus—and
2020 3898 2281 3965 Tames
2329 3896 2641 3978 Walker,
2692 3896 3175 3986 Picturesque,
3225 3896 3790 3986 representation
3838 3896 3923 3965 of
3962 3896 4081 3965 the
4128 3918 4483 3978 manners,

713 4022 1107 4093 coustoms,
1151 4011 1290 4080 and
1329 4022 1816 4080 amusements
1857 4011 1942 4080 of
1972 4011 2091 4080 the
2129 4011 2479 4080 Russians
2519 4011 2593 4079 in
2632 4033 2771 4080 one
2808 4011 3083 4080 undred
3121 4011 3467 4080 coloured
3503 4011 3754 4101 plates.
3796 4011 3994 4080 With
4034 4033 4122 4080 an
4162 4022 4487 4080 accurate

713 4126 1175 4216 explanation
1205 4126 1290 4195 of
1313 4126 1490 4195 each
1518 4126 1709 4216 plate
1739 4126 1813 4194 in
1843 4126 2126 4216 english
2157 4126 2296 4195 and
2324 4126 2641 4208 freench,
2676 4127 2715 4195 3
2750 4126 2894 4195 vol.
2928 4126 3002 4194 in
3031 4126 3184 4208 fol.,
3217 4126 3523 4195 London
3561 4127 3770 4208 1803,
3812 4127 4019 4195 1804.

713 4238 938 4309 Queste
982 4238 1096 4295 100
1132 4238 1332 4295 tavole
1368 4237 1563 4295 divise
1599 4237 1661 4294 in
1699 4238 1731 4295 3
1771 4237 2002 4295 volumi
2036 4237 2270 4312 rilegati
2306 4237 2369 4294 in
2404 4256 2526 4295 non
2564 4238 2696 4295 solo
2735 4256 2885 4295 sono
2922 4237 3168 4295 miniate
3203 4237 3266 4294 in
3301 4237 3492 4295 colori
3528 4256 3645 4295 con
3681 4238 3869 4295 molta
3904 4237 4132 4295 facilità
4167 4256 4200 4295 e
4234 4238 4489 4295 bravura

710 4333 1049 4408 pittoresca.
1088 4316 1136 4390 É
1172 4334 1403 4408 d’uopo
1440 4352 1750 4391 osservare
1786 4333 1897 4391 che
1932 4333 1994 4390 in
2030 4333 2224 4391 fronte
2261 4334 2316 4391 al
2350 4333 2546 4408 primo
2584 4334 2829 4391 volume
2865 4333 3282 4391 debb’esservi
3317 4333 3360 4390 il
3394 4333 3618 4391 ritratto
3655 4333 3716 4391 di
3752 4333 4031 4391 Caterina
4064 4333 4375 4408 intagliato
4412 4334 4489 4391 da

711 4429 1074 4497 Bartolozzi,
1115 4429 1158 4486 il
1197 4430 1373 4504 quale
1412 4430 1572 4487 dalla
1607 4429 1713 4504 più
1750 4438 1915 4504 parte
1954 4429 2116 4504 degli
2156 4429 2476 4504 esemplari
2516 4429 2581 4487 fu
2619 4430 2769 4487 tolto
2807 4448 2914 4504 per
2951 4430 3316 4504 completare
3355 4429 3453 4487 nei
3491 4429 3818 4504 portafogli
3858 4430 3914 4487 le
3953 4448 4135 4504 opere
4174 4429 4235 4487 di
4274 4438 4487 4504 questo

713 4525 974 4583 artefice.
1002 4526 1050 4582 Il
1077 4526 1343 4583 secondo
1369 4526 1614 4583 volume
1639 4526 1672 4583 è
1696 4526 2022 4600 preceduto
2048 4526 2146 4583 dal
2169 4525 2393 4583 ritratto
2418 4525 2479 4583 di
2503 4526 2895 4593 Alessandro;
2922 4525 2965 4582 il
2989 4534 3152 4583 terzo
3178 4526 3255 4583 da
3277 4526 3480 4600 quello
3506 4525 3567 4583 di
3591 4525 3933 4583 Elisabetta.

483 4739 690 4808 1562.
726 4740 796 4808 S.
829 4740 1091 4808 AUBIN
1113 4740 1328 4829 Aug.,
1362 4740 1571 4808 C’est
1598 4739 1693 4808 ici
1723 4739 1828 4808 les
1860 4739 2208 4808 differens
2230 4739 2407 4829 jeux
2438 4739 2527 4808 de
2555 4739 2767 4829 petits
2797 4739 3165 4829 polissons
3197 4739 3286 4808 de
3315 4739 3532 4821 Paris,
3574 4740 3782 4821 1770,
3815 4739 3889 4807 in
3918 4739 4071 4821 fol.,
4103 4741 4209 4808 M.
4252 4739 4409 4808 105.

714 4851 878 4908 Sono
906 4850 992 4908 sei
1017 4850 1170 4925 fogli
1194 4850 1487 4925 intagliati
1512 4869 1629 4908 con
1652 4850 1894 4908 infinito
1918 4851 2083 4908 buon
2108 4859 2283 4925 gusto
2309 4869 2342 4908 e
2367 4850 2802 4925 graziosissimi
2825 4869 2932 4925 per
2954 4850 2997 4907 il
3022 4850 3276 4925 disegno
3302 4869 3335 4908 e
3358 4869 3465 4925 per
3488 4850 3916 4908 l’esecuzione.

479 5065 686 5134 1563.
722 5066 1091 5134 AVERANI
1115 5065 1434 5155 Josephi,
1469 5067 1951 5134 Monumenta
1981 5065 2201 5134 latina
2230 5076 2568 5155 postuma
2599 5065 3136 5134 dissertationes
3171 5066 3236 5134 2.
3273 5067 3385 5134 De
3417 5065 3837 5155 lampadum
3868 5065 4041 5134 ludo
4075 5076 4144 5134 et
4175 5065 4264 5134 de
4296 5065 4485 5134 ludis

712 5180 786 5248 in
816 5202 1097 5270 genere,
1130 5180 1489 5249 Fiorentia
1525 5180 1734 5262 1769,
1767 5180 1841 5248 in
1869 5181 1937 5262 4,
1969 5182 2075 5249 M.
2110 5181 2225 5250 29.

479 5410 686 5479 1564.
726 5411 989 5479 AURIA
1019 5412 1107 5479 D.
1148 5410 1527 5479 Vincenzo
1563 5410 2058 5500 palermitano,
2098 5412 2201 5479 La
2237 5410 2489 5479 Sicilia
2525 5410 2945 5492 Inventrice,
2987 5432 3258 5479 ovvero
3295 5410 3364 5479 le
3400 5410 3818 5479 invenzioni
3855 5410 4178 5479 lodevoli
4215 5421 4377 5479 nate
4413 5410 4487 5478 in

714 5525 985 5607 Sicilia,
1018 5525 1346 5594 Palermo
1385 5526 1593 5607 1704,
1626 5525 1700 5593 in
1728 5526 1795 5594 4.

713 5636 901 5708 Quasi
933 5645 1082 5694 tutto
1115 5636 1158 5693 il
1191 5637 1436 5694 volume
1469 5637 1502 5694 e
1535 5636 1794 5694 formato
1828 5637 1986 5694 dalle
2020 5636 2318 5711 aggiunte,
2352 5636 2572 5711 poiché
2604 5636 2647 5693 il
2679 5645 2832 5694 testo
2866 5636 3205 5694 dell’Auria
3236 5655 3358 5694 non
3390 5637 3756 5711 comprende
3790 5636 3901 5694 che
3934 5637 4013 5694 70
4044 5636 4281 5711 pagine:
4319 5655 4436 5694 con
4467 5636 4487 5693 i

712 5732 1114 5790 divertimenti
1147 5732 1387 5807 geniali,
1422 5733 1478 5790 le
1510 5732 1941 5800 osservazioni,
1976 5733 2032 5790 le
2065 5732 2347 5807 aggiunte
2379 5732 2440 5790 di
2472 5732 2740 5790 Antonio
2773 5732 3121 5807 Mongitore
3153 5751 3186 5790 e
3218 5732 3469 5790 l’indice
3501 5733 3659 5790 delle
3691 5732 3937 5790 materie
3970 5732 4161 5790 arriva
4191 5733 4340 5790 oltre
4373 5733 4488 5790 alle

714 5829 833 5886 300
857 5828 1094 5903 pagine:
1124 5847 1308 5903 opera
1329 5847 1488 5903 poco
1515 5828 1886 5886 accreditata.

487 6043 694 6112 1565.
728 6045 954 6112 BACII
975 6043 1332 6125 Andreae,
1365 6045 1478 6112 De
1507 6043 1802 6112 thermis
1833 6043 1995 6112 libri
2028 6054 2325 6133 septem,
2358 6043 2686 6112 Venetiis
2726 6043 2934 6125 1571,
2967 6043 3041 6111 in
3070 6043 3197 6112 fol.
3230 6043 3369 6133 pic.
3403 6043 3529 6133 fig.

711 6154 908 6212 Prima
931 6173 964 6212 e
987 6173 1117 6212 rara
1140 6154 1436 6222 edizione,
1464 6155 1798 6229 esemplare
1821 6154 2178 6222 bellissimo,
2208 6155 2475 6212 secondo
2501 6155 2559 6212 la
2582 6154 2957 6212 descrizione
2982 6155 3080 6212 del
3105 6155 3180 6212 de
3204 6156 3380 6212 Bure.

479 6368 686 6437 1566.
723 6370 949 6437 BACII
974 6368 1330 6450 Andreae,
1367 6370 1479 6437 De
1512 6368 1812 6437 naturali
1845 6368 2181 6437 vinorum
2211 6368 2530 6450 historia,
2567 6368 2656 6437 de
2688 6368 2877 6437 vinis
2912 6368 3157 6437 Italiae
3190 6379 3259 6437 et
3290 6368 3380 6437 de
3413 6368 3774 6437 conviviis
3810 6368 4186 6458 antiquarii
4219 6368 4293 6436 in
4325 6368 4487 6437 libri

2171 6657 2347 6694 WWW.
2358 6637 2734 6710 memofonte.
2748 6639 2791 6694 it
