4958 7017
1981 864 2366 922 Fondazione
2390 864 2775 922 Memofonte
2800 865 2976 922 onlus

1390 960 1600 1018 Studio
1624 979 1731 1035 per
1754 960 2226 1018 l’elaborazione
2250 960 2632 1018 informatica
2655 961 2813 1018 delle
2838 960 2991 1018 fonti
3018 960 3571 1018 storico—artistiche

481 1253 574 1341 [p.
617 1251 780 1334 164]

1767 1489 2236 1581 EDIFICI
2274 1491 2410 1579 DI
2448 1489 2863 1581 VARIO
2905 1489 3425 1581 GENERE

1409 1712 1719 1793 PONTI,
1754 1712 2158 1793 STRADE,
2191 1712 2675 1793 FONTANE,
2709 1712 3180 1793 GIARDINI,
3212 1712 3779 1793 MATERIALI,

1607 1827 2157 1908 MACCHINE,
2189 1828 2318 1894 ED
2348 1827 2640 1894 ALTRI
2670 1827 3099 1895 OGGETTI
3127 1827 3585 1895 RELATIVI

2088 1942 3098 2010 ALL’ARCHITETTURA.

478 2286 640 2355 875.
678 2287 1147 2355 AGRICOLAE
1176 2286 1498 2376 Georgii,
1536 2288 1648 2355 De
1681 2308 1755 2355 re
1789 2286 2153 2355 metallica
2185 2286 2347 2355 libri
2381 2288 2537 2368 XII,
2575 2286 2836 2376 quibus
2873 2286 3200 2368 officina,
3238 2286 3727 2368 instrumenta,
3765 2286 4143 2355 machinae
4178 2297 4310 2355 etc.
4350 2297 4482 2355 etc.

706 2423 832 2491 per
871 2401 1164 2491 effigies
1209 2401 1384 2470 stuis
1426 2401 1609 2470 locis
1651 2401 1950 2470 insertas
1992 2401 2090 2470 ita
2129 2401 2223 2470 ob
2265 2401 2520 2470 oculos
2561 2412 2922 2491 ponuntur
2959 2412 3036 2470 ut
3075 2401 3334 2470 clarius
3375 2401 3555 2470 tradì
3596 2423 3743 2470 non
3782 2401 4084 2491 possint,
4128 2401 4483 2483 Basileae,

709 2516 898 2606 apud
926 2516 1219 2585 Hieron.
1253 2516 1709 2598 Frobenium,
1752 2516 1960 2598 1556,
1993 2516 2067 2584 in
2096 2516 2223 2585 fol.
2257 2516 2383 2606 fig.

706 2629 790 2685 Le
815 2628 1016 2685 tavole
1042 2646 1362 2685 numerose
1388 2627 1449 2685 di
1475 2628 1864 2702 quest’opera
1890 2646 2040 2685 sono
2066 2627 2285 2685 inserte
2311 2627 2401 2685 fra
2425 2627 2468 2684 il
2493 2636 2647 2685 testo
2674 2646 2707 2685 e
2733 2627 3039 2702 intagliate
3064 2627 3127 2684 in
3153 2628 3354 2702 legno;
3382 2627 3425 2684 il
3451 2636 3604 2685 testo
3631 2628 3664 2685 e
3690 2627 3751 2685 di
3779 2627 3897 2685 538
3924 2627 4161 2702 pagine,
4189 2627 4486 2702 impresso

706 2723 768 2780 in
790 2723 1112 2781 bellissimi
1137 2723 1406 2781 caratteri
1429 2723 1688 2791 rotondi;
1715 2723 1777 2780 in
1801 2723 1926 2781 fine
1953 2742 2104 2781 sono
2130 2723 2556 2798 copiosissime
2580 2724 2781 2781 tavole
2806 2724 2964 2781 delle
2989 2723 3251 2781 materie.

478 2938 640 3007 876.
676 2939 1045 3007 ARNALDI
1069 2940 1287 3020 Enea,
1323 2938 1536 3007 Delle
1566 2938 1919 3007 basiliche
1953 2938 2236 3007 antiche
2269 2960 2308 3007 e
2343 2938 2859 3028 specialmente
2892 2938 2964 3007 di
2997 2938 3239 3028 quella
3270 2938 3342 3007 di
3375 2938 3701 3007 Vicenza
3732 2938 3849 3007 del
3882 2938 4165 3007 celebre
4196 2938 4489 3007 Andrea

707 3053 1052 3135 Palladio,
1085 3053 1410 3122 Vicenza
1446 3053 1654 3135 1769,
1687 3053 1761 3121 in
1789 3054 1857 3135 4,
1890 3053 2016 3143 fig.
2049 3055 2155 3122 M.
2190 3054 2305 3122 21.

707 3165 842 3222 Con
866 3173 991 3222 otto
1017 3164 1225 3239 grandi
1249 3165 1450 3222 tavole
1474 3164 1536 3221 in
1558 3183 1742 3222 rame:
1772 3173 2039 3239 operetta
2062 3164 2416 3222 dottissima.

478 3380 640 3448 877.
687 3380 936 3447 L’ART
972 3379 1061 3448 de
1103 3379 1373 3448 former
1413 3379 1481 3448 le
1523 3379 1802 3448 Jardins
1845 3379 2227 3448 modernes
2272 3401 2367 3448 on
2409 3379 2573 3448 l’art
2614 3379 2740 3448 des
2775 3379 3050 3469 jardins
3096 3379 3399 3469 anglois:
3447 3379 3707 3448 traduit
3748 3379 3837 3448 de
3879 3379 4245 3469 l’anglois,
4291 3379 4485 3448 Paris

716 3495 924 3576 1771,
957 3494 1031 3562 in
1064 3495 1127 3576 8,
1160 3494 1286 3584 fig.

706 3605 887 3663 Libro
924 3606 1043 3663 ben
1081 3605 1247 3673 fatto,
1288 3605 1399 3663 che
1436 3606 1619 3663 rende
1657 3614 1838 3663 conto
1877 3605 2078 3663 chiara
2114 3614 2314 3663 mente
2352 3605 2413 3663 di
2451 3614 2664 3680 questo
2704 3624 2921 3680 genere
2959 3605 3020 3663 di
3059 3605 3332 3680 giardini,
3373 3624 3406 3663 e
3442 3606 3709 3680 produce
3746 3605 3789 3662 il
3825 3605 4007 3680 piano
4046 3605 4107 3663 di
4145 3606 4349 3680 quello
4388 3606 4486 3663 del

706 3700 1026 3758 Marchese
1051 3700 1112 3758 di
1136 3700 1519 3775 Buckingam
1542 3719 1576 3758 a
1602 3701 1803 3758 Stowe
1827 3700 1890 3757 in
1913 3700 2280 3775 Inghilterra,
2308 3700 2419 3758 che
2444 3701 2477 3758 e
2501 3719 2622 3758 uno
2648 3700 2746 3758 dei
2769 3700 2874 3775 più
2896 3700 3042 3758 belli
3067 3701 3165 3758 del
3190 3701 3434 3758 mondo.

482 3897 644 3965 878.
711 3897 1009 3965 AULISII
1066 3896 1461 3978 Dominici,
1529 3896 1903 3986 Opuscula
1965 3896 2054 3965 de
2118 3896 2502 3986 Gymnasii
2567 3896 3071 3978 costructione,
3138 3896 3494 3965 mausolei
3560 3896 4046 3978 architectura,
4112 3896 4488 3965 harmonia

706 4011 999 4080 timaica
1027 4022 1096 4080 et
1123 4011 1439 4080 numeris
1470 4011 1799 4080 medicis:
1834 4011 1952 4080 hic
1984 4011 2290 4080 accessit
2318 4011 2407 4080 de
2437 4011 2603 4080 colo
2632 4013 3055 4101 Mayerano,
3088 4011 3400 4101 Neapoli
3439 4011 3647 4093 1694,
3680 4011 3755 4079 in
3783 4012 3850 4080 4.

709 4123 933 4180 Stanno
960 4122 1015 4180 ai
1040 4122 1248 4197 luoghi
1273 4123 1369 4180 de’
1399 4122 1693 4197 rispettivi
1719 4122 1997 4197 opuscoli
2022 4123 2078 4180 le
2102 4123 2302 4180 tavole
2326 4122 2696 4180 illustrative.

474 4338 636 4407 879.
707 4339 1007 4405 BAILEY
1073 4337 1518 4427 Guglielmo,
1587 4338 2138 4406 Avanzamento
2206 4337 2539 4419 dell’arti,
2610 4337 2799 4406 delle
2865 4337 3321 4406 manifatture
3388 4359 3427 4406 e
3495 4337 3612 4406 del
3679 4337 4144 4419 commercio,
4215 4359 4487 4406 ovvero

708 4452 1158 4521 descrizione
1191 4452 1380 4521 delle
1412 4452 1792 4521 macchine
1823 4452 1981 4521 utili
2015 4474 2054 4521 e
2087 4452 2203 4521 dei
2236 4452 2537 4521 modelli
2572 4452 2705 4521 che
2741 4452 2800 4521 si
2834 4474 3283 4521 conservano
3316 4452 3434 4521 nel
3468 4452 3835 4542 gabinetto
3869 4452 4060 4521 della
4092 4452 4382 4521 Società
4414 4452 4486 4521 di

706 4567 1012 4649 Londra,
1044 4567 1341 4636 Firenze
1379 4568 1587 4649 1773,
1620 4567 1694 4635 in
1723 4567 1850 4636 fol.
1884 4567 2010 4657 fig.

709 4683 908 4751 Sono
939 4682 1029 4751 55
1062 4693 1131 4751 te
1159 4682 1400 4751 tavole
1431 4682 1618 4751 assai
1646 4682 1789 4751 ben
1818 4682 2185 4772 intagliate
2216 4682 2306 4751 ed
2334 4682 2685 4772 impresse
2716 4682 2905 4751 colle
2933 4682 3229 4751 relative
3258 4682 3753 4751 illustrazioni.

481 4914 574 5002 [p.
617 4912 780 4995 165]

474 5124 636 5192 880.
670 5125 1187 5192 BARTOLUCCI
1209 5123 1577 5192 Vincentii
1607 5123 1941 5205 Romani,
1974 5123 2402 5192 Dissertatio
2432 5123 2521 5192 de
2550 5123 2689 5192 viis
2719 5123 3054 5213 publicis,
3087 5125 3366 5192 Romae
3404 5123 3612 5205 1786,
3645 5123 3719 5191 in
3747 5124 3815 5205 4,
3847 5125 3953 5192 M.
3988 5124 4103 5192 23.

706 5235 989 5292 L’autore
1014 5234 1075 5292 di
1100 5243 1310 5309 questa
1333 5234 1627 5292 memoria
1651 5234 1717 5292 fu
1741 5253 1861 5292 uno
1887 5235 1982 5292 de’
2014 5234 2292 5292 luminari
2317 5235 2477 5292 della
2500 5236 2777 5292 Romana
2801 5234 3326 5309 Giurisprudenza.

478 5430 640 5498 881.
674 5431 908 5497 BELLI
933 5429 1188 5511 Silvio,
1221 5429 1437 5498 Libro
1469 5429 1586 5498 del
1615 5429 1918 5498 misurar
1946 5429 2137 5498 colla
2164 5429 2369 5498 vista.
2403 5429 2593 5498 Vedi
2628 5429 2891 5499 Ceredi
2923 5431 3314 5517 Giuseppe,
3348 5429 3464 5498 cui
3495 5451 3587 5498 va
3613 5429 3836 5498 unito.

474 5641 636 5709 882.
673 5642 1022 5709 BERGIER
1047 5640 1370 5722 Nicolas,
1406 5640 1724 5709 Histoire
1757 5640 1883 5709 des
1918 5640 2176 5730 grands
2212 5640 2539 5709 chemins
2574 5640 2663 5709 de
2695 5640 3046 5730 l’Empire
3078 5640 3412 5709 Romain:
3451 5641 3495 5708 2
3528 5640 3698 5722 vol.,
3734 5640 4111 5709 Bruxelles
4154 5640 4362 5722 1736,
4399 5662 4487 5709 en

706 5756 774 5837 4,
807 5755 933 5845 fig.

708 5867 1112 5941 Quest’opera
1148 5867 1181 5924 è
1219 5867 1277 5924 la
1311 5866 1416 5941 più
1453 5867 1618 5924 dotta
1654 5866 1765 5924 che
1802 5866 1905 5924 noi
1943 5866 2336 5924 conosciamo
2374 5866 2437 5923 in
2474 5875 2685 5941 questa
2722 5866 2969 5924 materia
3005 5885 3038 5924 e
3076 5866 3428 5924 meritevole
3466 5867 3700 5924 d’esser
3736 5875 3938 5924 tenuta
3973 5866 4035 5923 in
4073 5885 4217 5941 gran
4252 5866 4481 5941 pregio:

709 5962 924 6020 sonovi
963 5963 1175 6020 alcune
1212 5963 1413 6020 tavole
1451 5963 1748 6020 collocate
1787 5962 1842 6020 ai
1880 5962 2088 6037 luoghi
2126 5962 2316 6020 voluti
2354 5963 2452 6020 dal
2489 5971 2661 6030 testo,
2701 5981 2801 6020 ma
2837 5962 3124 6020 osservisi
3160 5963 3315 6020 bene
3353 5962 3465 6020 che
3503 5962 3623 6020 mai
3661 5981 3784 6020 non
3821 5981 4135 6020 mancasse
4174 5963 4229 6020 al
4268 5962 4392 6020 fine
4430 5963 4488 6020 la

706 6058 1037 6133 magnifica
1070 6077 1103 6116 e
1137 6058 1437 6116 immensa
1469 6059 1671 6116 tavola
1705 6058 1835 6116 cosi
1869 6058 2163 6116 intitolata
2199 6058 2428 6116 Tabula
2466 6061 2779 6116 itineraria
2816 6078 2887 6116 ex
2922 6058 3138 6116 illustri
3170 6061 3673 6132 Peutingerorum
3705 6058 4102 6126 Bibliotheca,
4144 6078 4302 6132 quae
4331 6060 4480 6132 Aug.

711 6155 874 6212 Vinci.
907 6155 1207 6228 beneficio
1230 6157 1433 6212 Marci
1461 6154 1689 6212 Velseri
1713 6157 2057 6228 septemviri
2075 6156 2417 6228 Angustani
2443 6157 2501 6212 in
2528 6154 2722 6212 lueem
2747 6155 2926 6212 edita.

474 6350 636 6418 883.
672 6351 1083 6418 BEROALDI
1107 6349 1492 6431 Francisci,
1527 6351 1782 6418 Teatro
1816 6349 2316 6418 d’invenzioni
2349 6371 2388 6418 e
2419 6349 2819 6431 macchine,
2854 6349 3161 6418 tradotto
3193 6349 3267 6417 in
3297 6349 3616 6431 tedesco,
3650 6349 4132 6439 Norimberga
4170 6349 4378 6431 1696,
4413 6349 4487 6417 in

2171 6657 2347 6694 WWW.
2358 6637 2734 6710 memofonte.
2748 6639 2766 6694 i
2770 6648 2791 6694 t
