4958 7017
1981 864 2366 922 Fondazione
2390 838 2775 922 Memofonte
2800 865 2976 922 onlus

1390 960 1600 1018 Studio
1624 979 1731 1035 per
1754 960 2226 1018 l’elaborazione
2250 960 2632 1018 informatica
2655 961 2813 1018 delle
2838 960 2991 1018 fonti
3018 960 3571 1018 storico—artistiche

709 1248 953 1322 spedale
978 1247 1039 1305 di
1066 1248 1123 1305 S.
1154 1247 1374 1322 Spirito
1400 1247 1461 1305 di
1485 1249 1696 1305 Roma.

476 1440 655 1497 3332.
685 1440 1005 1507 SAVIGNY,
1033 1439 1297 1497 Histoire
1321 1440 1628 1507 naturelle,
1656 1448 1714 1497 et
1737 1439 2195 1514 mythologique
2220 1440 2295 1497 de
2320 1439 2505 1507 l’ibis,
2532 1439 2695 1497 Paris
2728 1439 2902 1507 1805,
2929 1439 2991 1496 in
3018 1440 3071 1507 8,
3099 1439 3203 1514 fig.

707 1536 842 1593 Con
867 1535 903 1593 6
928 1536 1128 1593 tavole
1152 1535 1215 1592 in
1237 1554 1419 1593 rame:
1449 1554 1633 1610 opera
1656 1535 1717 1593 di
1744 1536 1929 1593 scelta
1952 1535 2299 1593 erudizione
2324 1536 2484 1593 della
2506 1535 2848 1593 Biblioteca
2871 1535 2932 1593 di
2956 1535 3380 1610 Malborough.

476 1727 655 1784 3333.
705 1727 1253 1784 SCHIOPPALALBA
1294 1728 1461 1784 Joan.
1508 1726 1833 1801 Baptistae,
1879 1728 1946 1783 In
1987 1726 2404 1801 perantiquam
2448 1745 2681 1784 sacram
2721 1727 2988 1784 tabulam
3031 1745 3327 1801 graecam,
3373 1726 3596 1801 insigni
3643 1726 3923 1784 sodalitio
3970 1735 4209 1784 sanctae
4253 1726 4486 1784 Mariae

707 1822 1025 1880 Charitatis
1050 1822 1458 1890 Venetiarum,
1487 1823 1560 1880 ab
1587 1822 1965 1897 amplissimo
1991 1822 2278 1880 cardinali
2302 1822 2665 1880 Bessarione
2690 1823 2852 1880 dono
2878 1823 3097 1890 datam;
3125 1822 3481 1890 dissertatio,
3508 1822 3782 1880 Venetiis
3815 1822 3990 1890 1767,
4017 1822 4079 1879 in
4102 1823 4159 1890 4,
4187 1822 4291 1897 fig.

719 1918 799 1976 Vi
834 1918 900 1976 fu
934 1937 1015 1976 un
1049 1919 1406 1993 cappellano
1442 1918 1503 1976 di
1540 1919 1597 1976 S.
1635 1920 1723 1976 M.
1763 1919 1923 1976 della
1956 1918 2173 1986 Carità,
2212 1918 2323 1976 che
2358 1918 2590 1976 illustrò
2626 1927 2839 1993 questo
2873 1918 3153 1993 prezioso
3189 1927 3600 1976 monumento.
3638 1920 3748 1976 Ma
3782 1918 4007 1976 fin’ora
4039 1937 4162 1976 non
4197 1918 4262 1976 fu
4296 1919 4371 1976 né
4406 1937 4487 1976 un

707 2015 1082 2089 cappellano,
1111 2015 1186 2072 né
1212 2033 1292 2072 un
1318 2014 1614 2072 canonico
1642 2014 1703 2072 di
1732 2015 1789 2072 S.
1819 2016 2033 2072 Marco
2061 2014 2172 2072 che
2198 2014 2527 2072 illustrasse
2554 2015 2612 2072 la
2636 2015 2802 2072 Palla
2827 2015 3040 2082 d’Oro,
3070 2015 3128 2072 la
3153 2015 3329 2089 quale
3356 2015 3389 2072 e
3415 2014 3458 2071 il
3483 2014 3677 2089 primo
3705 2023 4098 2072 monumento
4126 2014 4302 2072 d’arti
4329 2015 4489 2072 della

707 2110 1048 2168 cristianità.
1083 2111 1312 2182 Questo
1343 2111 1552 2168 lavoro
1583 2111 1616 2168 e
1644 2111 1762 2168 ben
1791 2110 1957 2168 fatto:
1992 2111 2090 2168 col
2118 2110 2342 2168 ritratto
2373 2111 2471 2168 del
2500 2110 2861 2168 Bessarione
2891 2129 2924 2168 e
2954 2119 3185 2185 quattro
3216 2129 3360 2185 gran
3388 2111 3588 2168 tavole
3617 2110 3679 2167 in
3708 2110 3850 2168 fine.
3883 2111 3931 2167 Il
3960 2119 4353 2168 monumento
4384 2129 4489 2168 ora

706 2206 929 2264 trovasi
953 2206 1015 2263 in
1039 2206 1293 2264 Vienna.

476 2398 655 2455 3334.
690 2398 1085 2455 SCHROTERII
1111 2397 1345 2455 Ernesti
1373 2397 1549 2465 Frid.,
1580 2397 1936 2455 Dissertatio
1958 2397 2219 2472 juridica
2246 2398 2321 2455 de
2355 2399 2433 2472 [p.
2472 2398 2609 2467 127]
2643 2397 2868 2455 Lamiis
2898 2416 3223 2472 earumque
3250 2416 3540 2472 processu
3568 2397 3883 2465 criminali,
3914 2399 4096 2455 Jenae
4132 2397 4307 2465 1670,
4338 2397 4400 2454 in
4427 2398 4484 2465 4,

706 2495 794 2551 M.
824 2493 920 2551 64.

726 2589 1216 2664 Singolarissima
1239 2589 1670 2647 dissertazione
1693 2608 1801 2664 per
1824 2590 1880 2647 le
1907 2590 2192 2647 stoltezze
2217 2589 2278 2647 di
2303 2589 2400 2647 cui
2425 2590 2458 2647 e
2481 2589 2727 2664 ripiena.

476 2781 655 2839 3335.
691 2782 1332 2839 SCHURZFLEISCHIUS
1365 2781 1661 2839 Henricus
1692 2782 2058 2849 Leonardus,
2091 2781 2409 2839 Variarum
2438 2781 2769 2839 lectionum
2798 2790 2856 2839 et
2886 2781 3480 2839 animadversionum
3509 2781 3571 2838 in
3600 2781 3718 2839 Titi
3748 2781 3906 2839 Livii
3937 2781 4122 2839 libros
4154 2781 4256 2856 qui
4287 2790 4488 2839 extant

707 2885 839 2944 etc.,
867 2877 1057 2934 Halae
1089 2877 1263 2944 1712,
1290 2878 1378 2934 M.
1406 2877 1503 2934 41.

476 3068 655 3126 3336.
685 3069 1084 3126 SCHWARTIO
1108 3068 1325 3126 Christ.
1355 3069 1560 3136 Gottl.,
1587 3068 1943 3126 Dissertatio
1968 3068 2334 3143 inauguralis
2360 3069 2435 3126 de
2460 3068 2760 3126 columnis
2786 3068 3082 3136 Herculis,
3110 3068 3355 3126 Altorfii
3379 3068 3654 3126 Noricor.
3690 3069 3864 3136 1749,
3891 3068 3953 3125 in
3976 3069 4033 3136 4,
4060 3070 4148 3126 M.
4175 3069 4273 3126 41.

706 3165 754 3221 Il
779 3164 1163 3239 medaglione
1188 3164 1249 3222 di
1274 3165 1454 3222 Carlo
1479 3166 1536 3222 V
1561 3165 1594 3222 è
1618 3164 1928 3239 intagliato
1953 3164 2015 3221 in
2037 3183 2202 3222 rame
2226 3165 2387 3222 nella
2408 3164 2602 3239 prima
2623 3164 2859 3239 pagina.

476 3356 655 3413 3337.
699 3356 1098 3413 SCHWARTIO
1136 3355 1352 3413 Christ.
1396 3356 1601 3423 Gottl.,
1642 3357 1736 3413 De
1777 3374 2083 3413 sacrorum
2119 3355 2512 3413 detestatione
2552 3374 2627 3413 ex
2666 3355 2909 3430 antiquo
2947 3374 3454 3430 romanorumque
3485 3356 3619 3430 jure
3658 3355 3809 3413 liber
3848 3355 4182 3430 singularis,
4224 3355 4483 3430 Lipsiae,

707 3451 892 3509 editio
918 3452 974 3519 2,
1009 3451 1182 3519 1753,
1209 3451 1271 3508 in
1294 3452 1351 3519 4,
1378 3453 1466 3509 M.
1494 3452 1591 3509 41.

712 3548 828 3605 Col
853 3547 1246 3622 frontespizio
1272 3547 1548 3622 figurato.

476 3740 655 3797 3338.
686 3740 922 3797 SCILLA
945 3739 1246 3814 Agostino
1270 3739 1504 3814 pittore,
1531 3741 1617 3797 La
1640 3758 1795 3797 vana
1820 3739 2244 3814 speculazione
2269 3739 2688 3814 disingannata
2711 3740 2809 3797 dal
2837 3758 3033 3797 senso.
3061 3741 3296 3797 Lettera
3317 3739 3673 3814 responsiva
3696 3739 3856 3797 circa
3878 3739 3898 3796 i
3923 3739 4091 3814 corpi
4116 3739 4347 3807 marini,
4375 3739 4486 3797 che

709 3835 758 3893 si
782 3844 1032 3893 trovano
1056 3835 1378 3910 petrificati
1402 3835 1464 3892 in
1489 3836 1609 3910 varj
1640 3835 1847 3910 luoghi
1871 3835 2145 3903 terrestri,
2172 3835 2396 3910 Napoli
2428 3835 2603 3903 1670,
2630 3835 2692 3892 in
2714 3836 2771 3903 4,
2799 3835 2903 3910 fig.

704 3931 933 4002 Questo
960 3930 1201 3988 curioso
1228 3930 1381 3988 libro
1408 3930 1473 3988 fu
1498 3939 1697 3988 esteso
1725 3931 1802 3988 da
1825 3949 1905 3988 un
1931 3930 2132 3988 artista
2156 3949 2189 3988 e
2215 3930 2729 3988 verosimilmente
2756 3931 2812 3988 le
2838 3931 2915 3988 28
2942 3931 3102 3988 belle
3127 3931 3327 3988 tavole
3355 3949 3505 3988 sono
3532 3931 3609 3988 da
3633 3930 3716 3988 lui
3743 3930 4053 4005 disegnate
4079 3949 4112 3988 e
4139 3930 4486 3988 fors’anche

706 4026 1030 4101 intagliate:
1063 4026 1359 4084 ancorché
1386 4045 1508 4084 non
1535 4035 1898 4101 appartenga
1926 4035 2327 4084 strettamente
2355 4027 2472 4084 alla
2497 4035 2699 4084 nostra
2723 4027 3003 4094 raccolta,
3033 4027 3093 4084 lo
3122 4026 3364 4084 abbiam
3386 4035 3564 4101 posto
3590 4045 3697 4101 per
3722 4027 3783 4084 lo
3813 4035 4004 4084 stesso
4032 4026 4264 4084 motivo
4292 4026 4403 4084 che
4430 4027 4486 4084 le

706 4123 823 4180 due
847 4122 1102 4180 Persilie
1130 4122 1327 4180 scritte
1352 4123 1450 4180 dal
1474 4125 1526 4179 F
1527 4123 1690 4180 edini
1714 4141 1747 4180 e
1772 4122 1883 4180 che
1907 4141 1988 4180 un
2012 4122 2165 4180 libro
2191 4122 2252 4180 di
2277 4122 2565 4180 farmacia
2590 4131 2751 4180 steso
2777 4123 2875 4180 dal
2903 4122 3283 4180 Colombina.

476 4315 655 4373 3339.
686 4315 873 4372 SERIE
897 4314 1141 4372 distinta
1164 4314 1326 4389 degli
1352 4314 1760 4372 avvenimenti
1784 4315 1945 4372 nella
1968 4315 2183 4372 caduta
2206 4315 2366 4372 della
2389 4315 2611 4389 cupola
2634 4315 2794 4372 della
2817 4314 3022 4372 chiesa
3045 4314 3507 4389 metropolitana
3530 4314 3849 4382 d’Urbino,
3876 4314 4108 4372 Urbino
4141 4315 4316 4382 1782,
4343 4314 4405 4371 in
4428 4315 4485 4382 4,

706 4412 794 4468 M.
824 4410 920 4468 54.

712 4506 890 4563 Colla
913 4506 1133 4563 veduta
1156 4506 1316 4563 della
1339 4505 1480 4563 città
1502 4505 1811 4580 intagliata
1833 4505 1895 4562 in
1919 4506 2099 4580 legno
2124 4506 2222 4563 nel
2248 4505 2659 4580 frontespizio.

476 4698 655 4755 3340.
698 4698 950 4755 SESTINI
985 4697 1347 4765 Domenico,
1387 4697 1800 4755 Illustrazione
1838 4698 1988 4755 d’un
2026 4716 2169 4755 vase
2208 4697 2406 4755 antico
2445 4697 2506 4755 di
2544 4706 2710 4755 vetro
2747 4697 3031 4755 ritrovato
3069 4697 3131 4754 in
3167 4716 3248 4755 un
3287 4698 3564 4772 sepolcro
3601 4716 3811 4772 presso
3850 4697 4096 4755 l’antica
4131 4697 4485 4772 Populonia,

706 4793 952 4851 Firenze
984 4794 1159 4861 1812,
1186 4793 1248 4850 in
1271 4794 1328 4861 4,
1356 4793 1482 4868 fig.,
1509 4795 1597 4851 M.
1626 4795 1681 4851 7.

698 4889 991 4947 Edizione
1020 4889 1176 4947 assai
1203 4889 1408 4947 nobile
1436 4908 1553 4947 con
1579 4898 1664 4947 tre
1691 4890 1892 4947 tavole
1919 4889 1981 4946 in
2006 4908 2187 4947 rame.
2218 4890 2567 4964 Esemplare
2594 4889 2656 4946 in
2683 4898 2844 4947 carta
2870 4908 2952 4964 gr.
2985 4890 3214 4961 Questo
3243 4908 3387 4947 vase
3415 4889 3676 4947 esisteva
3702 4890 3800 4947 nel
3828 4908 4041 4947 museo
4068 4889 4301 4964 privato
4330 4890 4490 4947 della

707 5004 851 5060 gran
875 4985 1174 5043 duchessa
1197 4985 1258 5043 di
1282 4987 1559 5043 Toscana
1580 4985 1954 5060 principessa
1977 4985 2038 5043 di
2062 4987 2279 5043 Lucca.

476 5177 655 5234 3341.
685 5176 999 5234 Sicccama
1024 5176 1369 5244 Sibrandus,
1396 5178 1490 5234 De
1508 5176 1743 5251 judicio
1769 5176 2184 5234 centumvirali
2209 5176 2344 5234 libri
2369 5177 2508 5244 duo,
2537 5177 2727 5234 Halae
2751 5177 3038 5251 Magdeb.
3074 5176 3248 5244 1725,
3275 5176 3337 5233 in
3360 5177 3417 5244 4,
3444 5178 3532 5234 M.
3559 5177 3657 5234 41.

476 5369 655 5426 3342.
686 5368 1052 5426 Siebenkees
1077 5370 1166 5426 Jo.
1194 5368 1473 5443 Philippi,
1500 5368 1815 5443 Expositio
1840 5369 2077 5426 tabulae
2102 5368 2417 5443 hospitalis
2443 5387 2519 5426 ex
2544 5387 2678 5426 aere
2704 5368 3157 5443 antiquissimae
3181 5368 3244 5425 in
3267 5370 3490 5426 Museo
3516 5368 3822 5443 Borgiano
3847 5368 4092 5426 Velitris
4119 5369 4484 5436 adservatae,

706 5466 938 5522 Romae
970 5465 1145 5532 1789,
1172 5464 1234 5521 in
1257 5465 1314 5532 4,
1342 5464 1468 5539 fig.,
1495 5466 1583 5522 M.
1619 5465 1689 5522 18
1716 5483 1749 5522 e
1774 5465 1871 5522 78.

479 5657 557 5730 [p.
593 5656 729 5725 128]

476 5848 655 5905 3343.
700 5849 794 5905 De
838 5848 1245 5905 SIMEONDBUS
1289 5847 1541 5915 Thoma,
1586 5847 1889 5905 Historica
1929 5847 2267 5905 dissertatio
2310 5848 2385 5905 de
2426 5848 2694 5905 tollenda
2735 5847 3123 5922 ambiguitate
3165 5847 3317 5905 inter
3357 5848 3505 5905 duas
3550 5847 3821 5922 antiquas
3863 5866 4142 5905 romanas
4185 5856 4486 5905 matronas

706 5943 991 6001 Aniciam
1013 5943 1350 6001 Faltoniam
1372 5944 1646 6011 Probam,
1674 5952 1733 6001 et
1755 5943 2064 6001 Valeriam
2085 5943 2422 6001 Faltoniam
2444 5944 2718 6011 Probam,
2746 5943 3062 6001 Bononiae
3094 5943 3269 6011 1692,
3295 5943 3357 6000 in
3380 5944 3437 6011 4,
3464 5945 3552 6001 M.
3580 5944 3677 6001 40.

711 6041 797 6097 La
839 6039 1033 6114 prima
1078 6039 1143 6097 fu
1188 6039 1416 6114 moglie
1462 6039 1523 6097 di
1571 6040 1745 6097 Sesto
1791 6039 2069 6097 Petronio
2115 6040 2311 6097 Probo
2358 6058 2391 6097 e
2436 6040 2494 6097 la
2540 6040 2804 6097 seconda
2848 6039 2909 6097 di
2954 6039 3180 6097 Adelfo
3226 6040 3594 6097 Proconsole
3640 6058 3673 6097 e
3719 6039 3784 6097 fu
3827 6048 4109 6114 poetessa
4153 6039 4486 6114 d’ingegno

706 6134 1058 6192 meccanico
1091 6134 1202 6192 che
1233 6143 1419 6192 trasse
1451 6135 1609 6192 dalle
1641 6153 1823 6209 opere
1855 6134 1916 6192 di
1947 6134 2206 6209 Virgilio
2238 6153 2318 6192 un
2349 6134 2692 6192 miserabile
2724 6143 2978 6192 centone
3010 6135 3170 6192 della
3200 6134 3322 6192 vita
3352 6134 3413 6192 di
3445 6134 3644 6192 Cristo
3679 6134 4024 6209 storpiando
4057 6135 4196 6209 quel
4228 6134 4486 6192 classico

709 6249 889 6288 senza
910 6230 1072 6305 pietà
1095 6249 1128 6288 e
1152 6231 1444 6288 trovando
1469 6249 1550 6288 un
1574 6230 1803 6288 editore
1828 6231 1988 6288 della
2013 6249 2119 6288 sua
2140 6230 2369 6305 puerile
2394 6230 2576 6288 fatica
2599 6231 2697 6288 nel
2730 6230 2904 6289 1692.

476 6423 655 6480 3344.
685 6423 1081 6480 SOMMERIUS
1106 6422 1488 6490 Wilhelmus,
1515 6424 1609 6480 De
1633 6424 1721 6480 M.
1749 6422 2020 6497 Agrippa
2042 6422 2251 6480 incluti
2276 6422 2503 6480 ordinis
2528 6422 2937 6497 philosophici
2963 6422 3310 6480 auctoritate
3335 6431 3467 6490 etc.,
3494 6422 3735 6497 Lipsiae
3767 6423 3942 6490 1717,
3969 6422 4031 6479 in
4054 6423 4111 6490 4,
4138 6424 4226 6480 M.
4255 6423 4351 6480 20.

2171 6657 2347 6694 WWW.
2358 6637 2734 6710 memofonte.
2748 6639 2791 6694 il
