4958 7017
1981 864 2366 922 Fondazione
2390 838 2775 922 Memofonte
2800 865 2976 922 onlus

1390 960 1600 1018 Studio
1624 979 1731 1035 per
1754 960 2226 1018 l’elaborazione
2250 960 2632 1018 informatica
2655 961 2813 1018 delle
2838 960 2991 1018 fonti
3018 960 3571 1018 storico—artistiche

471 1251 636 1321 952.
674 1253 1069 1320 PRATICAL
1094 1251 1380 1320 treatise
1414 1273 1510 1320 ou
1544 1251 1919 1341 chimneys
1956 1251 2372 1341 containing
2405 1251 2541 1320 full
2575 1251 2962 1320 directions
2997 1251 3111 1320 for
3141 1251 3565 1341 preventing
3599 1273 3679 1320 or
3709 1251 4089 1341 removing
4125 1251 4379 1320 smoke
4412 1251 4487 1319 in

706 1366 973 1435 houses
1004 1366 1401 1435 illustrated
1429 1366 1603 1435 with
1633 1388 1901 1456 copper
1927 1366 2178 1456 plates,
2210 1366 2657 1456 Edimburgh
2695 1366 2904 1448 1776,
2937 1366 3011 1434 in
3049 1367 3156 1435 12.

707 1478 842 1535 Con
883 1496 1002 1535 una
1041 1478 1244 1535 tavola
1283 1477 1346 1534 in
1385 1496 1567 1535 rame.
1613 1479 1697 1535 Le
1739 1477 1926 1535 teorie
1968 1477 2029 1535 di
2071 1486 2283 1552 questo
2324 1477 2553 1552 pratico
2599 1496 2750 1535 sono
2793 1478 2849 1535 le
2891 1477 3155 1552 migliori
3197 1477 3309 1535 che
3351 1477 3454 1535 noi
3496 1477 3890 1535 conosciamo
3931 1496 4038 1552 per
4079 1496 4296 1535 averne
4339 1477 4486 1535 fatto

707 1573 1127 1648 esperimento.

479 1769 644 1839 953.
673 1771 905 1838 PRICE
927 1769 1239 1851 Francis,
1272 1769 1423 1838 The
1451 1769 1705 1838 british
1735 1780 2103 1859 carpenter
2131 1791 2211 1838 or
2240 1791 2280 1838 a
2306 1769 2593 1838 treatise
2623 1791 2718 1838 on
2748 1780 3140 1859 carpentry,
3174 1769 3482 1838 London
3520 1769 3728 1851 1765,
3761 1769 3835 1837 in
3863 1770 3931 1851 4,
3964 1769 4090 1859 fig.

714 1886 807 1974 [p.
850 1885 1013 1967 174]
1048 1927 1147 1932 —
1174 1884 1568 1974 Aggiunto:
1606 1906 1646 1953 a
1676 1884 2133 1974 supplement
2161 1884 2577 1974 containing
2606 1884 2930 1953 Palladio
2961 1884 3220 1953 ordens
3252 1884 3337 1953 of
3361 1884 3827 1953 architecture
3857 1906 3960 1953 ec.

709 1996 873 2053 Sono
909 1996 1069 2053 nella
1101 1995 1295 2070 prima
1327 2004 1492 2070 parte
1527 1996 1607 2052 44
1642 1996 1841 2053 tavole
1877 1995 2367 2070 diligentemente
2403 1995 2713 2070 disegnate
2750 1996 2826 2053 ed
2860 1995 3067 2053 incise.
3108 1996 3309 2070 Opera
3343 1996 3670 2053 eccellente
3704 2014 3811 2070 per
3845 1996 3903 2053 la
3934 2004 4099 2070 parte
4137 2004 4485 2070 soprattutto

707 2092 865 2149 delle
897 2091 1285 2149 connessioni
1317 2091 1415 2149 dei
1447 2091 1729 2166 legnami.
1764 2092 1943 2149 Nella
1975 2092 2239 2149 seconda
2269 2091 2380 2149 che
2411 2100 2581 2149 tratta
2611 2091 2774 2166 degli
2806 2091 3001 2149 ordini
3033 2091 3094 2149 di
3125 2091 3395 2149 Palladio
3429 2110 3579 2149 sono
3619 2091 3691 2149 16
3723 2092 3922 2149 tavole
3954 2092 4103 2149 oltre
4134 2110 4214 2149 un
4243 2092 4421 2149 busto
4455 2110 4489 2149 a

707 2186 1008 2261 capriccio
1034 2186 1514 2254 dell’architetto,
1542 2205 1641 2244 ma
1663 2186 1724 2244 io
1751 2195 1961 2261 questa
1983 2205 2106 2244 non
2128 2186 2439 2261 possiamo
2465 2187 2670 2244 lodare
2694 2187 2770 2244 né
2794 2186 2837 2243 il
2862 2195 3056 2261 gusto,
3083 2187 3158 2244 né
3183 2187 3241 2244 la
3264 2195 3562 2244 esattezza
3585 2186 4117 2244 dell’esecuzione.

475 2382 640 2452 954.
681 2384 1043 2450 RAMELLI
1071 2382 1456 2472 Agostino,
1495 2384 1596 2451 Le
1633 2382 1917 2451 diverse
1954 2382 2044 2451 ed
2081 2382 2474 2451 artificiose
2511 2382 2889 2451 macchine
2926 2393 3304 2472 composte
3340 2382 3414 2450 in
3450 2382 3697 2472 lingua
3731 2382 4023 2451 italiana
4058 2404 4097 2451 e
4133 2382 4483 2464 francese,

707 2497 962 2587 Parigi,
995 2497 1069 2565 in
1099 2519 1268 2566 casa
1296 2497 1746 2579 dell’autore,
1788 2497 1971 2566 1588
2004 2497 2078 2565 in
2107 2497 2234 2566 fol.
2268 2497 2394 2587 fig.

708 2609 937 2680 Questo
969 2608 1018 2666 si
1044 2608 1322 2683 riguarda
1348 2609 1425 2666 da
1450 2608 1581 2666 tutti
1608 2608 1628 2665 i
1654 2608 2004 2683 bibliografi
2032 2627 2209 2666 come
2237 2609 2295 2666 la
2319 2608 2421 2683 pia
2445 2608 2623 2676 ricca,
2652 2627 2798 2676 rara,
2829 2627 2862 2666 e
2888 2609 3050 2666 bella
3076 2627 3260 2683 opera
3285 2608 3347 2665 in
3374 2608 3621 2666 materia
3647 2608 3708 2666 di
3736 2608 4143 2676 meccaniche,
4174 2627 4296 2666 non
4322 2617 4485 2666 tanto

705 2723 812 2779 per
842 2705 900 2762 la
930 2704 1109 2779 copia
1139 2704 1200 2762 di
1239 2704 1349 2763 195
1384 2705 1602 2772 tavole,
1637 2713 1859 2779 quanto
1890 2723 1997 2779 per
2027 2705 2083 2762 le
2114 2704 2509 2762 illustrazioni
2540 2704 2603 2761 in
2633 2704 2879 2762 italiano
2912 2723 2945 2762 e
2976 2704 3039 2761 in
3070 2704 3343 2762 francese
3375 2723 3408 2762 e
3439 2723 3546 2779 per
3576 2705 3634 2762 la
3663 2704 3963 2762 nitidezza
3993 2705 4151 2762 delle
4182 2704 4482 2762 incisioni.

706 2800 869 2858 Avvi
893 2800 955 2857 in
977 2800 1276 2875 principio
1301 2819 1381 2858 un
1403 2800 1627 2858 ritratto
1653 2801 2027 2858 dell’autore.
2055 2801 2403 2875 Esemplare
2428 2800 2489 2858 di
2512 2800 2849 2858 bellissima
2872 2800 3362 2858 conservazione.

475 2995 640 3065 955.
674 2997 1001 3064 RICCATI
1025 2995 1419 3077 Giordano,
1453 2995 1665 3064 Delle
1695 2995 1933 3077 corde,
1967 3017 2239 3064 ovvero
2270 2995 2454 3064 fibre
2485 2995 2850 3064 elastiche:
2888 2995 3343 3064 Schediasmi
3373 2995 4118 3077 fisico-mattematici,
4152 2995 4488 3085 Bologna

716 3110 923 3179 1767.
957 3110 1031 3178 in
1059 3111 1127 3192 4,
1160 3110 1286 3200 fig.

706 3223 792 3279 La
824 3221 975 3279 serie
1007 3222 1165 3279 delle
1197 3221 1443 3279 nozioni
1475 3221 1897 3279 matematiche
1928 3221 1991 3278 in
2020 3230 2207 3296 punto
2239 3222 2397 3279 nelle
2429 3221 2828 3289 oscillazioni,
2863 3222 3021 3279 delle
3052 3221 3330 3289 tensioni,
3365 3222 3523 3279 delle
3555 3221 3889 3279 vibrazioni
3921 3222 4079 3279 delle
4111 3222 4293 3279 corde
4325 3240 4358 3279 e
4390 3221 4488 3279 dei

709 3317 901 3385 suoni,
930 3318 963 3375 è
989 3336 1264 3392 espressa
1288 3317 1798 3392 magistralmente
1824 3336 1857 3375 e
1883 3317 2286 3375 chiaramente
2312 3336 2345 3375 e
2369 3318 2492 3392 può
2519 3318 2812 3375 condurre
2838 3317 2921 3392 gli
2948 3317 3239 3375 architetti
3264 3317 3492 3375 teatrali
3519 3318 3594 3375 ad
3619 3336 3831 3392 operar
3854 3336 4034 3375 meno
4062 3336 4096 3375 a
4119 3326 4361 3375 tentone
4387 3317 4486 3375 nei

707 3414 837 3471 loro
863 3413 1071 3471 edifici
1096 3432 1183 3471 ec.

471 3609 636 3679 956.
670 3611 1156 3678 RIFLESSIONI
1182 3631 1393 3699 sopra
1420 3631 1564 3678 una
1590 3609 1816 3699 pietra
1844 3609 2201 3678 ﬂessibile
2229 3620 2512 3699 pretesa
2540 3609 2856 3691 elastica,
2890 3609 3024 3678 che
3056 3609 3115 3678 si
3147 3631 3499 3678 conserva
3526 3609 3644 3678 nel
3673 3609 3981 3678 Palazzo
4011 3609 4383 3699 Borghese
4413 3609 4488 3677 in

707 3726 963 3806 Roma,
996 3726 1233 3793 Roma
1269 3725 1477 3806 1783,
1510 3724 1584 3792 in
1612 3725 1680 3806 4,
1712 3726 1818 3793 M.
1861 3724 1968 3793 15.

706 3835 1207 3893 Posteriormente
1250 3836 1543 3910 all’opera
1582 3835 1644 3892 in
1685 3835 1782 3893 cui
1824 3835 1890 3893 fu
1933 3835 2132 3893 scritta
2172 3844 2382 3910 questa
2422 3835 2716 3893 memoria
2759 3835 2808 3893 si
2852 3854 3002 3893 sono
3043 3835 3447 3893 riconosciute
3488 3835 3550 3892 in
3591 3835 3857 3910 quantità
3897 3844 4106 3910 queste
4146 3835 4334 3910 pietre
4376 3835 4487 3893 che

706 3930 1077 3988 incontratisi
1106 3930 1169 3987 in
1198 3930 1370 3988 molti
1400 3930 1595 3988 musei
1625 3949 1658 3988 e
1688 3930 1708 3987 i
1737 3930 2040 4005 progressi
2070 3931 2230 3988 della
2258 3930 2543 4005 zoologia
2571 3930 2771 3988 hanno
2802 3930 2949 3988 fatto
2982 3949 3249 3988 scemare
3279 3931 3337 3988 la
3365 3930 3735 4005 meraviglia,
3769 3949 3806 3988 0
3839 3930 4109 4005 spiegato
4140 3930 4396 3988 l’indole
4426 3930 4487 3988 di

706 4026 878 4084 molti
904 4026 1231 4084 fenomeni.

479 4222 644 4292 957.
685 4222 899 4291 Della
933 4224 1155 4291 ROSA
1187 4222 1508 4304 Saverio,
1548 4224 1881 4312 Progetto
1919 4222 2143 4291 d’una
2176 4222 2481 4291 rotonda
2515 4222 2634 4312 pel
2670 4233 2986 4291 mercato
3024 4222 3213 4291 delle
3247 4222 3462 4291 biade
3498 4222 3690 4291 nella
3723 4222 3978 4312 piazza
4013 4222 4204 4291 della
4238 4223 4379 4291 Brà
4413 4222 4487 4290 in

707 4339 1017 4419 Verona,
1051 4339 1216 4406 Ver.
1259 4338 1466 4407 1819.

707 4449 842 4506 Con
866 4449 982 4506 due
1006 4449 1225 4516 tavole,
1252 4448 1314 4505 in
1337 4449 1393 4506 4.

475 4644 640 4714 958.
700 4645 1079 4713 SCALETTI
1126 4644 1343 4713 Carlo
1398 4645 1685 4726 Cesare,
1744 4644 2012 4713 Scuola
2063 4644 3301 4734 meccanico-speculativo-pratica,
3359 4666 3578 4734 opera
3628 4644 3803 4713 utile
3858 4644 4123 4713 all’uso
4178 4644 4395 4713 civile
4448 4666 4487 4713 e

707 4759 1035 4841 militare,
1068 4759 1404 4849 Bologna
1440 4760 1648 4841 1711,
1681 4759 1756 4827 in
1785 4759 1912 4828 fol.
1946 4759 2072 4849 fig.

708 4871 909 4945 Opera
932 4870 993 4928 di
1018 4870 1198 4928 facile
1221 4870 1580 4945 percezione
1603 4889 1710 4945 per
1732 4871 1893 4928 l’uso
1917 4870 2146 4945 pratico
2172 4871 2330 4928 delle
2355 4870 2522 4928 forze
2548 4870 2843 4945 applicate
2869 4871 2944 4928 ad
2968 4870 3111 4945 ogni
3136 4870 3485 4928 meccanica
3508 4889 3625 4928 con
3656 4871 3728 4928 10
3753 4871 3953 4928 tavole
3977 4870 4039 4927 in
4061 4870 4229 4928 rime.

479 5065 644 5135 959.
677 5066 1065 5134 SCHIBLER
1091 5065 1380 5134 Giovan
1412 5065 1795 5147 Giacomo,
1832 5065 2288 5155 Schiografia
2319 5065 2484 5134 artis
2517 5065 2855 5155 ignariae:
2894 5065 3091 5134 ossia
3122 5076 3265 5134 arte
3297 5065 3413 5134 dei
3445 5065 3840 5155 falegnami
3873 5087 4084 5134 come
4118 5065 4177 5134 si
4209 5065 4431 5134 fanno
4463 5065 4486 5133 i

706 5180 858 5249 tetti
899 5180 1091 5249 nella
1135 5182 1228 5270 [p.
1282 5180 1444 5263 175]
1494 5180 1791 5262 Siberia,
1835 5180 2167 5262 Tartaria,
2211 5180 2404 5249 nella
2443 5180 2679 5249 China
2718 5202 2757 5249 e
2798 5180 3181 5270 Giappone
3220 5180 3817 5270 principalmente
3856 5202 3982 5270 per
4020 5180 4171 5249 fare
4211 5180 4279 5249 le
4318 5180 4486 5249 torri

708 5295 897 5364 delle
927 5295 1192 5377 chiese,
1224 5295 1706 5385 Norimberga
1743 5295 1951 5377 1736,
1984 5295 2058 5363 in
2087 5295 2214 5364 fol.
2248 5295 2374 5385 fig.

707 5407 842 5464 Con
865 5407 945 5463 44
970 5407 1170 5464 tavole
1195 5406 1675 5481 diligentissime.

475 5621 640 5691 960.
676 5622 935 5703 SILVA,
963 5621 1314 5690 Dell’arte
1344 5621 1460 5690 dei
1492 5621 1796 5711 giardini
1826 5621 2110 5711 inglesi,
2142 5621 2427 5690 Milano
2459 5643 2647 5690 anno
2678 5622 2744 5703 9,
2777 5621 2851 5689 in
2879 5622 2947 5703 4,
2980 5621 3106 5711 fig.

706 5732 887 5790 Libro
917 5741 1089 5790 tratto
1120 5733 1197 5790 da
1225 5733 1411 5790 molte
1441 5751 1623 5807 opere
1651 5732 2014 5807 precedenti,
2046 5732 2353 5790 unendovi
2383 5733 2569 5790 molte
2597 5732 2864 5807 pratiche
2894 5733 3270 5800 dell’autore,
3303 5751 3420 5790 con
3451 5732 3528 5790 36
3558 5733 3759 5790 tavole
3788 5732 3850 5789 in
3878 5751 4059 5790 rame.
4093 5734 4179 5790 La
4208 5732 4486 5807 migliore

707 5847 891 5903 opera
913 5828 975 5885 in
999 5837 1211 5903 questo
1237 5847 1454 5903 genere
1479 5828 1591 5886 che
1617 5828 1795 5886 abbia
1818 5828 2052 5886 l’Italia.

467 6023 632 6093 961.
692 6025 1220 6092 TAGLIORETTI
1269 6023 1526 6105 Pietro,
1587 6023 1927 6092 Scrittura
1983 6023 2439 6113 apologetica
2494 6023 2566 6092 di
2622 6034 2878 6113 questo
2936 6023 3307 6092 architetto
3363 6023 3437 6091 in
3494 6023 3729 6092 difesa
3784 6023 3900 6092 dei
3957 6023 4240 6113 disegni
4297 6023 4489 6092 della

708 6138 1093 6228 collegiata
1128 6138 1200 6207 di
1238 6138 1579 6207 Corbella
1615 6149 1865 6207 contro
1902 6138 1970 6207 le
2007 6160 2307 6207 censure
2344 6138 2917 6228 dell’ingegnere
2952 6138 3288 6220 Marzoli,
3327 6138 3612 6207 Milano
3658 6139 3866 6220 1792,
3906 6138 3980 6206 in
4016 6138 4143 6207 fol.
4184 6138 4337 6228 fig.,
4376 6140 4482 6207 M.

708 6254 823 6323 91.

707 6365 842 6422 Con
866 6373 1097 6439 quattro
1122 6365 1322 6422 tavole
1346 6364 1653 6439 intagliate
1677 6364 1740 6421 in
1762 6383 1943 6422 rame.

2171 6657 2347 6694 WWW.
2358 6637 2734 6710 memofonte.
2748 6639 2791 6694 il
