4958 7017
1981 864 2366 922 Fondazione
2390 838 2775 922 Memofonte
2800 865 2976 922 onlus

1390 960 1600 1018 Studio
1624 979 1731 1035 per
1754 960 2226 1018 l’elaborazione
2250 960 2632 1018 informatica
2655 961 2813 1018 delle
2838 960 2991 1018 fonti
3018 960 3571 1018 storico—artistiche

715 1262 992 1341 septem
1021 1262 1178 1333 etc.,
1213 1251 1402 1341 apud
1429 1251 1823 1320 Nicolaum
1850 1251 2191 1333 Mutium,
2233 1251 2441 1333 1596,
2474 1253 2732 1333 Roma;
2767 1251 2833 1320 al
2862 1251 3013 1320 fine
3051 1251 3258 1321 1597.

711 1362 908 1420 Prima
951 1381 984 1420 e
1027 1381 1157 1420 rara
1200 1362 1495 1420 edizione.
1543 1363 1891 1437 Esemplare
1934 1362 2272 1420 bellissimo
2320 1363 2586 1420 secondo
2632 1363 2690 1420 la
2738 1364 2816 1437 [p.
2864 1363 3008 1432 271]
3058 1362 3433 1420 descrizione
3478 1362 3539 1420 di
3583 1363 3658 1420 de
3701 1364 3877 1420 Bure.
3925 1363 3973 1419 Il
4018 1362 4410 1437 frontespizio
4455 1363 4488 1420 e

711 1458 1021 1533 intagliato
1054 1459 1152 1516 col
1182 1458 1406 1516 ritratto
1439 1459 1796 1516 dell’autore
1828 1477 1861 1516 e
1895 1458 1944 1516 si
1975 1458 2101 1516 noti
2133 1458 2244 1516 che
2276 1459 2332 1516 le
2364 1459 2481 1516 due
2513 1458 2749 1516 diverse
2782 1459 2917 1516 date
2948 1459 3110 1516 nello
3145 1467 3337 1516 stesso
3370 1459 3615 1516 volume
3647 1458 3847 1516 hanno
3880 1459 4167 1516 condotto
4199 1458 4261 1515 in
4292 1477 4488 1516 errore

713 1554 911 1612 alcuni
934 1554 1283 1629 bibliografi
1308 1555 1670 1612 credendole
1695 1555 1811 1612 due
1836 1554 2100 1612 edizioni
2125 1555 2223 1612 dal
2248 1555 2489 1612 vederle
2514 1554 2829 1612 enunziate
2854 1554 3311 1622 diversamente,
3339 1573 3439 1612 ma
3462 1573 3495 1612 e
3519 1573 3638 1612 una
3663 1555 3809 1612 sola.

479 1769 686 1838 1567.
721 1771 1185 1838 BALDUINUS
1213 1771 1327 1851 D.,
1361 1771 1474 1838 De
1506 1769 1777 1838 Calceo
1810 1769 2103 1859 antiquo
2136 1780 2205 1838 et
2232 1769 2628 1859 Nigronius
2661 1769 2750 1838 de
2781 1769 3039 1859 Caliga
3067 1780 3412 1851 veterum,
3446 1769 3981 1838 Amstelodami
4021 1769 4229 1851 1667,
4263 1769 4337 1837 in
4376 1770 4484 1851 12,

712 1884 838 1974 fig.

711 1995 975 2053 Libretto
1002 1995 1158 2053 assai
1181 1996 1300 2053 ben
1325 1995 1472 2053 fatto
1498 2014 1531 2053 e
1556 2014 1673 2053 con
1697 1996 1883 2053 molte
1907 1996 2107 2053 tavole
2132 1995 2318 2053 nitide
2344 1996 2396 2053 a’
2428 1995 2637 2070 luoghi
2661 1995 2908 2053 indicati
2932 1996 3030 2053 nel
3054 2004 3226 2053 testo.

487 2210 694 2279 1568.
729 2212 841 2279 De
871 2212 1211 2279 BALNEIS
1240 2210 1487 2279 omnia
1516 2232 1700 2300 quae
1731 2221 1973 2279 extant
2003 2210 2192 2300 apud
2222 2211 2565 2292 Graecos,
2599 2210 2892 2279 Latinos
2925 2221 2994 2279 et
3021 2210 3327 2292 Arabos,
3361 2210 3712 2292 Venetiis,
3748 2210 3937 2300 apud
3964 2212 4233 2292 Juntas,
4276 2210 4484 2292 1553,

712 2325 786 2393 in
815 2325 942 2394 fol.
975 2325 1114 2415 pic.

711 2438 869 2494 Raro
895 2455 928 2494 e
952 2436 1285 2511 magniﬁco
1311 2437 1644 2511 esemplare
1669 2437 1828 2494 colle
1854 2436 2001 2494 armi
2026 2437 2124 2494 del
2148 2438 2375 2494 Tuano.
2403 2438 2827 2494 Esattamente
2854 2437 3120 2494 secondo
3146 2437 3204 2494 la
3227 2436 3602 2494 descrizione
3627 2437 3725 2494 del
3751 2437 3826 2494 de
3850 2438 4026 2494 Bure.

483 2650 690 2720 1569.
726 2652 919 2732 BAR,
949 2650 1251 2719 Recueil
1283 2650 1372 2719 de
1402 2661 1565 2719 tous
1598 2650 1703 2719 les
1737 2661 2102 2719 costumes
2136 2650 2262 2719 des
2296 2650 2540 2719 ordres
2572 2650 2924 2740 réligieux
2957 2661 3026 2719 et
3055 2650 3427 2719 militaires
3462 2672 3637 2719 avec
3668 2672 3765 2719 un
3799 2650 4059 2740 abrégé
4089 2650 4487 2740 historique

713 2776 782 2834 et
810 2765 1382 2855 chronologique
1412 2765 1684 2834 enrichi
1716 2765 1805 2834 de
1834 2776 2039 2834 notes
2071 2776 2140 2834 et
2168 2765 2257 2834 de
2285 2765 2630 2855 planches
2662 2765 3011 2847 colorées,
3044 2765 3238 2834 Paris
3278 2766 3486 2847 1778,
3519 2765 3663 2834 vol.
3699 2765 3765 2847 6,
3798 2765 3892 2834 in.
3926 2765 4053 2834 fol.

713 2877 1117 2951 Quest’opera
1147 2876 1208 2934 di
1240 2895 1385 2951 gran
1416 2877 1583 2934 lusso
1616 2895 1649 2934 e
1679 2876 2010 2944 ricchezza,
2043 2895 2150 2951 per
2180 2895 2379 2934 essere
2410 2885 2555 2934 tutte
2588 2877 2644 2934 le
2675 2877 2876 2934 tavole
2908 2876 3154 2934 miniate
3186 2895 3303 2934 con
3332 2876 3691 2951 precisione,
3727 2877 3760 2934 e
3791 2876 3935 2934 utile
3968 2877 4117 2934 oltre
4149 2877 4334 2934 modo
4368 2876 4487 2951 agli

713 2972 897 3030 artisti
926 2991 959 3030 e
989 2973 1104 3030 alle
1133 2972 1518 3030 decorazioni
1546 2972 1792 3030 teatrali.
1824 2973 1872 3029 Il
1899 2972 2095 3047 primo
2125 2973 2370 3030 volume
2399 2972 2678 3030 contiene
2707 2973 2783 3031 93
2815 2973 3033 3030 tavole:
3066 2972 3109 3029 il
3140 2973 3407 3030 secondo
3437 2973 3535 3030 74:
3568 2972 3611 3029 il
3639 2981 3802 3030 terzo
3839 2972 3972 3030 106:
4005 2972 4048 3029 il
4077 2981 4285 3047 quarto
4315 2973 4413 3031 91:
4446 2972 4488 3029 il

712 3068 919 3143 quinto
952 3069 1085 3126 117:
1114 3068 1157 3125 il
1184 3077 1343 3126 sesto
1369 3069 1466 3127 93.
1494 3070 1578 3126 Le
1603 3068 2021 3126 dissertazioni
2045 3068 2398 3126 illustrative
2425 3087 2576 3126 sono
2601 3069 2746 3126 tolte
2772 3069 2930 3126 dalle
2955 3068 3107 3126 fonti
3132 3068 3415 3143 migliori,
3443 3087 3543 3126 ma
3565 3068 4080 3126 nell’esecuzione
4105 3069 4263 3126 delle
4287 3069 4487 3126 tavole

714 3164 763 3222 si
794 3165 827 3222 e
856 3173 1032 3239 posta
1060 3173 1273 3239 troppa
1302 3164 1545 3222 celerità
1572 3183 1679 3239 per
1708 3164 1874 3222 farne
1904 3165 2200 3239 un’opera
2229 3164 2290 3222 di
2323 3164 2765 3239 speculazione,
2799 3164 2910 3222 che
2939 3183 3046 3239 per
3075 3165 3133 3222 la
3164 3183 3271 3222 sua
3300 3165 3462 3222 mole
3496 3164 3777 3222 sostiensi
3806 3165 4063 3239 peraltro
4096 3183 4130 3222 a
4158 3183 4238 3222 un
4266 3183 4486 3239 prezzo

712 3260 1169 3318 considerabile.

479 3474 686 3543 1570.
720 3476 977 3542 BARDI
1001 3474 1115 3543 de’
1154 3474 1371 3543 Conti
1402 3474 1474 3543 di
1505 3474 1777 3543 Vernio
1809 3474 2197 3556 Giovanni,
2229 3474 2593 3543 Memorie
2623 3474 2740 3543 del
2771 3474 3026 3543 Calcio
3056 3474 3468 3543 Fiorentino
3498 3485 3700 3543 tratte
3730 3474 3821 3543 da
3850 3474 4133 3543 diverse
4166 3474 4487 3543 scritture

713 3611 842 3671 ec.,
874 3589 1192 3671 Firenze,
1225 3589 1417 3658 nella
1447 3589 1831 3679 stamperia
1859 3589 1931 3658 di
1963 3590 2033 3658 S.
2066 3590 2155 3658 A.
2191 3590 2261 3658 S.
2297 3589 2437 3658 alla
2465 3589 2848 3671 Condotta,
2890 3589 3098 3671 1688,
3131 3589 3205 3657 in
3233 3590 3301 3671 4,
3334 3589 3460 3679 fig.

711 3700 1004 3758 Edizione
1036 3700 1214 3758 citata
1244 3701 1404 3758 dalla
1435 3701 1664 3758 Crusca
1694 3719 1812 3758 con
1843 3701 1880 3757 2
1912 3701 2129 3758 tavole.
2166 3701 2395 3772 Questa
2427 3701 2692 3758 seconda
2723 3700 3001 3758 edizione
3033 3701 3222 3758 molto
3256 3709 3596 3758 aumentata
3626 3700 3687 3758 di
3722 3700 3988 3758 scritture
4020 3700 4081 3758 di
4114 3700 4244 3758 altri
4277 3700 4485 3768 autori,

712 3797 866 3854 ebbe
889 3815 996 3871 per
1016 3796 1412 3871 raccoglitore
1437 3797 1595 3854 delle
1619 3796 1910 3854 memorie
1934 3796 2130 3854 Pietro
2156 3796 2217 3854 di
2241 3798 2514 3854 Lorenzo
2539 3796 2696 3854 Bini.

483 4011 690 4080 1571.
719 4013 1063 4080 BARDON
1086 4011 1398 4093 Dandré,
1433 4012 1784 4080 Costume
1814 4011 1940 4080 des
1973 4011 2264 4080 anciens
2294 4011 2596 4101 peuples
2629 4012 2669 4080 à
2696 4011 2981 4101 l’usage
3011 4011 3137 4080 des
3171 4011 3469 4080 artistes.
3502 4011 3865 4080 Nouvelle
3895 4011 4168 4080 édition
4196 4011 4488 4101 redigée

711 4148 837 4216 par
863 4128 969 4195 M.
1004 4126 1309 4208 Cochin,
1341 4127 1387 4194 4
1417 4126 1683 4195 Parties
1714 4126 1836 4195 rel.
1871 4148 1960 4195 en
1990 4127 2034 4194 2
2064 4126 2234 4208 vol.,
2267 4126 2484 4208 Paris,
2518 4126 2694 4195 chez
2725 4126 3066 4208 Jombert,
3108 4127 3316 4208 1784,
3349 4126 3423 4194 in
3451 4127 3519 4208 4,
3552 4126 3678 4216 fig.

713 4242 953 4331 Opera
995 4241 1067 4310 di
1110 4241 1691 4310 mediocrissima
1733 4241 2166 4310 esecuzione
2209 4263 2248 4310 e
2292 4241 2425 4310 che
2467 4242 2613 4331 può
2655 4241 3084 4331 riguardarsi
3129 4263 3340 4310 come
3381 4263 3478 4310 un
3520 4241 3911 4331 repertorio
3953 4263 4079 4331 per
4121 4241 4220 4331 gli
4265 4241 4487 4310 artisti

711 4357 884 4446 però
916 4357 978 4425 a’
1016 4356 1212 4446 quali
1240 4356 1565 4425 bastasse
1593 4378 1690 4425 un
1721 4378 1953 4425 cenno
1983 4356 2395 4446 imperfetto
2426 4356 2615 4425 delle
2645 4378 2838 4425 cose.
2873 4358 2951 4424 In
2980 4356 3214 4425 fronte
3245 4357 3284 4425 e
3313 4356 3365 4424 il
3393 4356 3661 4425 ritratto
3692 4356 4140 4425 dell’autore.

710 4514 809 4519 —
837 4473 1225 4540 BARGIGLI
1249 4471 1648 4553 Girolamo,
1682 4471 1871 4540 Vedi
1898 4471 2273 4559 Dialoghi.

487 4701 694 4770 1572.
740 4703 1054 4770 BARONI
1089 4701 1468 4770 Clemente
1511 4701 1583 4770 di
1626 4701 2063 4783 Cavalcabò,
2108 4703 2389 4770 Lettera
2428 4701 2713 4770 intorno
2755 4701 2823 4770 le
2871 4703 2964 4791 [p.
3011 4702 3182 4784 272]
3232 4701 3626 4770 cerimonie
3668 4723 3707 4770 e
3749 4701 4249 4791 complimenti
4292 4701 4487 4791 degli

714 4816 979 4885 antichi
1009 4816 1343 4898 Romani,
1376 4818 1737 4885 Rovereto
1776 4816 1984 4898 1750,
2017 4816 2091 4884 in
2124 4817 2186 4885 8.

487 5046 694 5115 1573.
751 5048 1070 5114 BARTEL
1114 5048 1221 5115 Jo.
1279 5047 1525 5136 Gasp.,
1581 5048 1693 5115 De
1745 5046 1974 5115 Pallio
2026 5068 2169 5115 una
2220 5068 2388 5115 cum
2439 5046 2723 5115 insertis
2777 5046 3116 5115 vindiciis
3170 5046 3377 5115 Pallii
3429 5046 4000 5136 Herbipolensis.
4057 5046 4486 5115 Dissertatio

711 5161 1054 5230 historica
1082 5172 1239 5243 etc.,
1272 5161 1651 5251 Herbipoli
1690 5161 1898 5243 1753,
1931 5161 2005 5229 in
2033 5162 2100 5230 4.

487 5372 694 5441 1574.
728 5374 1165 5441 BARTOLINI
1189 5373 1409 5462 Gasp.
1444 5372 1767 5441 Thomae
1796 5372 1927 5454 fil,
1960 5374 2072 5441 De
2100 5372 2296 5441 tibiis
2327 5383 2671 5454 veterum,
2703 5372 3238 5441 Amstelodami
3277 5372 3485 5454 1679,
3518 5372 3592 5440 in
3630 5373 3738 5454 12,
3771 5372 3897 5462 fig.

712 5484 828 5541 Col
851 5483 1075 5541 ritratto
1101 5484 1457 5541 dell’autore
1482 5502 1515 5541 e
1539 5502 1791 5541 numero
1817 5483 1878 5541 di
1902 5483 2263 5541 nitidissime
2287 5484 2487 5541 tavole
2513 5483 2568 5541 ai
2593 5483 2802 5558 luoghi
2827 5483 3017 5541 voluti
3042 5484 3140 5541 nel
3164 5492 3335 5541 testo.

483 5678 690 5747 1575.
766 5680 1204 5747 BARTOLINI
1273 5678 1597 5747 Thomae
1669 5678 1758 5747 de
1829 5678 2158 5747 Armillis
2231 5689 2575 5747 veterum.
2650 5678 2960 5747 Accedit
3028 5678 3336 5747 Wormii
3409 5678 3498 5747 de
3571 5700 3786 5747 aureo
3859 5679 4104 5747 Cornu
4176 5678 4483 5760 Danico,

711 5793 1246 5862 Amstelodami
1285 5793 1493 5875 1676,
1526 5793 1600 5861 in
1638 5794 1746 5875 12,
1779 5793 2111 5883 figurato.

713 5904 925 5976 Questi
954 5904 1250 5979 opuscoli,
1282 5905 1363 5962 od
1391 5913 1656 5979 operette
1683 5923 1790 5979 per
1817 5904 2043 5979 meglio
2073 5904 2217 5972 dire,
2251 5923 2401 5962 sono
2429 5904 2705 5979 preziose
2735 5905 2793 5962 la
2820 5904 3096 5979 maggior
3121 5913 3286 5979 parte
3313 5923 3420 5979 per
3447 5905 3507 5962 lo
3539 5904 3735 5962 studio
3766 5923 3799 5962 e
3828 5905 3886 5962 la
3913 5904 4216 5979 diligenza
4244 5923 4361 5962 con
4389 5904 4487 5962 cui

711 6000 910 6058 hanno
936 6009 1172 6058 cercato
1198 6000 1281 6075 gli
1308 6000 1561 6058 studiosi
1586 6000 1647 6058 di
1672 6000 1932 6058 esaurire
1957 6001 2013 6058 le
2038 6000 2284 6058 materie
2309 6019 2342 6058 e
2365 6000 2465 6075 pei
2490 6000 2865 6058 monumenti
2890 6019 2923 6058 e
2947 6001 3147 6058 tavole
3172 6000 3233 6058 di
3258 6000 3355 6058 cui
3383 6019 3533 6058 sono
3560 6000 3886 6058 arricchite.

483 6196 690 6265 1576.
774 6198 1281 6265 BARUFFALDI
1354 6196 1783 6286 Hyeronimi
1863 6196 2329 6278 ferrariensis,
2412 6198 2525 6265 De
2604 6196 2903 6265 Preficis
2985 6196 3390 6265 dissertatio
3472 6196 3561 6265 ad
3639 6196 4192 6265 illustrationem
4269 6218 4487 6265 urnae

715 6311 1133 6401 sepulcralis
1197 6311 1297 6380 Fl.
1365 6311 1760 6397 Quartillae
1822 6311 2165 6380 Preficae.
2232 6311 2614 6380 Accedunt
2673 6313 2819 6380 Jos.
2886 6311 3209 6380 Lanzoni
3274 6311 3680 6380 adversaria
3742 6311 3831 6380 de
3893 6311 4089 6380 luctu
4151 6311 4486 6380 mortuali

712 6437 1056 6508 veterum,
1088 6426 1446 6495 Ferrariae
1484 6427 1692 6508 1713,
1726 6426 1800 6494 in
1833 6427 1896 6508 8,
1929 6426 2055 6516 fig.

2171 6657 2347 6694 WWW.
2358 6637 2734 6710 memofonte.
2748 6639 2791 6694 il
