4958 7017
1981 864 2366 922 Fondazione
2390 864 2775 922 Memofonte
2800 865 2976 922 onlus

1390 960 1600 1018 Studio
1624 979 1731 1035 per
1754 960 2226 1018 l’elaborazione
2250 960 2632 1018 informatica
2655 961 2813 1018 delle
2838 960 2991 1018 fonti
3018 960 3571 1018 storico—artistiche

476 1343 655 1401 3345.
686 1344 1038 1401 SPALLETTI
1063 1343 1391 1418 Giuseppe,
1419 1343 1882 1401 Dichiarazione
1908 1343 1969 1401 di
1994 1362 2113 1401 una
2136 1344 2338 1401 tavola
2362 1343 2618 1418 ospitale
2643 1352 2873 1401 trovata
2896 1343 2958 1400 in
2982 1345 3180 1401 Roma
3206 1343 3676 1411 sull’Aventino,
3704 1345 3901 1401 Roma
3932 1344 4107 1411 1777,
4135 1343 4197 1400 in
4221 1344 4278 1411 4,
4307 1343 4369 1411 f.,
4397 1345 4484 1401 M.

707 1440 804 1497 23.

698 1536 746 1592 Il
771 1544 1163 1593 monumento
1189 1536 1222 1593 è
1246 1535 1557 1610 intagliato
1582 1535 1644 1592 in
1667 1554 1786 1593 una
1809 1554 1954 1610 gran
1977 1536 2179 1593 tavola
2201 1535 2264 1592 in
2286 1554 2467 1593 rame.

476 1726 655 1784 3346.
689 1727 1107 1784 SPIEGAZIONI
1133 1726 1194 1784 di
1222 1727 1338 1784 due
1368 1726 1604 1784 antiche
1632 1745 1841 1784 mazze
1869 1726 1930 1784 di
1959 1726 2116 1784 ferro
2143 1726 2423 1784 ritrovate
2450 1726 2512 1783 in
2539 1726 2815 1784 Messina
2841 1727 3049 1784 l’anno
3085 1727 3238 1784 1733
3272 1726 3469 1784 scritte
3498 1727 3596 1784 dal
3623 1726 4031 1801 Naufragante
4059 1745 4092 1784 e
4120 1726 4486 1784 dall’Ardito

707 1831 839 1890 etc.,
866 1822 1153 1890 Venezia,
1180 1822 1242 1879 in
1267 1822 1394 1890 fol.,
1422 1822 1549 1897 fig.,
1584 1823 1757 1880 1740.

714 1919 883 1976 Sotto
909 1918 1103 1993 questi
1128 1919 1244 1976 due
1269 1918 1436 1976 nomi
1462 1918 1832 1976 accademici
1856 1918 2200 1976 intendonsi
2224 1920 2453 1993 Jacopo
2478 1920 2811 1976 Francesco
2837 1919 2912 1976 de
2938 1918 3231 1993 Quingles
3257 1937 3290 1976 e
3314 1919 3501 1976 Paolo
3526 1918 3782 1993 Agliotti
3807 1937 3894 1976 ec.
3923 1918 4002 1976 26
4027 1919 4227 1976 tavole
4250 1937 4430 1976 rame.

476 2111 655 2168 3347.
694 2111 993 2168 STIGLIZII
1023 2112 1112 2168 Jo.
1149 2110 1431 2178 Conradi,
1467 2112 1561 2168 De
1593 2110 1844 2168 Menide
1879 2129 2048 2168 sacro
2083 2110 2464 2185 antiquorum
2496 2110 2781 2168 codicum
2811 2119 3163 2168 ornamento
3197 2110 3664 2168 commentarius
3698 2110 3958 2178 criticus,
3994 2110 4091 2168 cui
4125 2110 4381 2168 accessit
4413 2111 4488 2168 de

707 2206 988 2264 lunulatis
1015 2215 1285 2264 veterum
1308 2206 1625 2281 gentilium
1647 2206 1986 2281 insignibus
2012 2215 2144 2274 etc.,
2171 2206 2483 2264 Erfordiae
2515 2207 2689 2274 1747,
2715 2206 2777 2263 in
2800 2207 2857 2274 4,
2884 2208 2972 2264 M.
3001 2207 3056 2264 2.

704 2302 933 2373 Questo
962 2302 1258 2376 opuscolo
1289 2310 1583 2376 stampato
1611 2301 1673 2358 in
1701 2302 1923 2376 grande
1951 2320 1984 2359 e
2012 2301 2342 2376 magnifica
2368 2310 2528 2359 carta
2554 2302 2587 2359 e
2615 2301 2893 2359 dedicato
2923 2302 2978 2359 al
3007 2301 3155 2359 Gori
3183 2302 3258 2359 ed
3286 2301 3423 2359 avvi
3452 2301 3738 2376 aggiunto
3766 2301 3809 2358 il
3839 2320 3947 2359 suo
3974 2301 4198 2359 ritratto
4227 2301 4338 2359 che
4365 2320 4487 2359 non

706 2397 929 2455 trovasi
953 2397 1116 2472 negli
1142 2397 1271 2455 altri
1296 2397 1634 2472 esemplari,
1660 2416 1767 2472 per
1790 2416 1954 2455 esser
1977 2406 2189 2472 questo
2215 2397 2276 2455 di
2301 2397 2532 2455 dedica.

476 2590 655 2647 3348.
688 2590 1105 2647 SUMMACHIO
1131 2589 1484 2664 Zacynthio,
1514 2589 1672 2647 Cion
1698 2589 2180 2664 Paphlagonicus
2211 2589 2339 2647 sive
2366 2590 2650 2647 columna
2675 2589 2738 2646 in
2765 2589 3022 2664 gloriam
3046 2591 3120 2647 D.
3151 2589 3342 2664 Alipii
3369 2589 3648 2647 Cionitae
3675 2589 3883 2657 eiecta,
3912 2589 4186 2647 Venetiis
4221 2589 4396 2657 1667,
4425 2589 4487 2646 in

710 2686 763 2753 8,
790 2687 878 2743 M.
906 2685 1003 2743 45.

716 2782 851 2839 Con
874 2800 993 2839 una
1015 2782 1218 2839 tavola
1240 2781 1302 2838 in
1324 2781 1640 2856 principio.

476 2973 655 3031 3349.
700 2973 1069 3030 SYMBOLAE
1107 2972 1400 3030 literariae
1439 2973 1733 3047 opuscula
1771 2972 1935 3030 varia
1970 2972 2345 3047 philologica
2385 2972 2723 3030 scientifica
2761 2972 3108 3047 antiquaria,
3152 2972 3340 3047 signa,
3382 2972 3633 3047 lapides,
3674 2972 4054 3040 numismata,
4097 2991 4388 3047 gemmas,
4430 2981 4489 3030 et

706 3077 1097 3126 monumenta
1120 3068 1306 3126 medii
1332 3068 1466 3126 aevi
1490 3087 1648 3126 nunc
1672 3068 1935 3143 primum
1958 3068 2118 3126 edita
2141 3069 2632 3143 complectentes,
2660 3069 2780 3126 vol.
2809 3069 2865 3136 2,
2892 3068 2954 3125 in
2978 3068 3105 3136 fol.,
3140 3069 3313 3126 1748.

702 3166 769 3221 In
795 3164 990 3239 questi
1015 3164 1194 3239 primi
1221 3165 1337 3222 due
1365 3164 1597 3222 volumi
1626 3173 1836 3222 stanno
1864 3165 1920 3222 le
1948 3164 2365 3222 dissertazioni
2392 3165 2490 3222 del
2518 3164 2684 3232 Gori,
2715 3165 2813 3222 del
2839 3164 3072 3222 Passeri
3097 3164 3344 3222 relative
3373 3165 3488 3222 alle
3516 3164 3801 3222 antichità
3826 3164 4218 3222 ercolanensi.
4248 3165 4296 3221 Il
4322 3173 4485 3222 terzo

707 3261 952 3318 volume
976 3260 1200 3318 trovasi
1225 3261 1423 3335 legalo
1449 3261 1607 3318 colle
1632 3260 2021 3318 miscellanee
2046 3261 2144 3318 nel
2168 3269 2335 3318 tomo
2361 3260 2458 3319 95.

476 3451 655 3509 3350.
695 3453 993 3509 TANURSI
1028 3453 1195 3509 Fran.
1237 3453 1325 3509 M.
1366 3451 1599 3526 patricii
1637 3451 1873 3526 Ripani,
1915 3451 2217 3509 Historiae
2254 3451 2479 3526 patriae
2517 3451 2780 3526 epitome
2819 3460 2877 3509 et
2913 3453 3039 3509 Joa.
3083 3451 3369 3509 Garzonii
3409 3470 3477 3509 ac
3515 3451 3846 3509 Theodosii
3886 3451 4157 3523 Quatrini
4196 3452 4271 3509 de
4308 3452 4485 3509 rebus

706 3547 956 3622 Ripanis
988 3566 1146 3605 nunc
1177 3547 1441 3622 primum
1471 3547 1646 3605 edita.
1684 3547 1907 3605 Omnia
1935 3547 2236 3605 recensuit
2271 3549 2349 3622 [p.
2392 3548 2529 3617 129]
2568 3556 2742 3622 atque
2774 3547 3119 3605 emendavit
3150 3548 3473 3622 Cajetanus
3505 3549 3593 3605 Fr.
3629 3549 3717 3605 M.
3752 3547 4003 3605 Tanursi
4035 3547 4220 3615 filius,
4254 3549 4487 3605 Romae

714 3644 889 3711 1787,
915 3643 977 3700 in
1004 3644 1057 3711 8,
1084 3645 1172 3701 M.
1202 3643 1297 3701 58.

476 3835 655 3893 3351.
681 3837 971 3893 TASSONI
994 3835 1324 3893 Alexandri
1348 3835 1599 3903 Mariae,
1626 3835 1982 3893 Dissertatio
2008 3836 2083 3893 de
2108 3835 2404 3910 collegiis,
2431 3837 2663 3893 Romae
2695 3836 2870 3903 1792,
2897 3835 2959 3892 in
2982 3836 3039 3903 4,
3066 3837 3154 3893 M.
3183 3836 3280 3893 21.

709 3930 987 4005 S’aggira
1010 3939 1220 4005 questa
1245 3930 1336 3988 sui
1361 3930 1542 3988 diritti
1567 3931 1665 3988 del
1689 3930 2024 4005 principato
2049 3931 2209 3988 nella
2232 3930 2526 4005 legittima
2548 3930 2933 3988 instituzione
2958 3930 3172 4005 d’ogni
3197 3930 3646 4005 corporazione.

476 4122 655 4180 3352.
681 4124 815 4179 TITI
838 4122 1029 4180 Flavii
1054 4122 1386 4180 Clementis
1413 4122 1525 4180 viri
1550 4122 1882 4180 consularis
1908 4131 1966 4180 et
1989 4122 2243 4180 martiris
2268 4123 2532 4180 tumulus
2557 4122 2901 4190 illustratus,
2928 4122 3142 4180 Urbini
3174 4123 3349 4190 1727,
3376 4122 3438 4179 in
3461 4123 3518 4190 4,
3545 4124 3633 4180 M.
3664 4123 3717 4180 3.

706 4219 1054 4293 Esemplare
1078 4218 1140 4275 in
1164 4227 1324 4276 carta
1348 4219 1587 4293 grande.

476 4410 655 4468 3353.
681 4412 1040 4468 TOMASINO
1063 4411 1292 4468 Jacobo
1317 4410 1615 4485 Philippo,
1642 4412 1863 4468 Manus
1890 4429 2111 4468 aeneae
2136 4410 2419 4485 Cecropii
2444 4419 2655 4468 votum
2675 4410 2987 4468 referentis
3013 4410 3383 4478 dilucidatio,
3410 4410 3638 4468 Patavii
3670 4410 3845 4478 1649,
3872 4410 3934 4467 in
3961 4411 4014 4478 8,
4042 4410 4127 4478 fi.,
4154 4412 4242 4468 M.
4271 4411 4368 4469 99.

707 4506 842 4563 Con
865 4524 984 4563 una
1008 4524 1152 4580 gran
1175 4506 1378 4563 tavola
1400 4505 1462 4562 in
1484 4524 1666 4563 rame.
1696 4506 2009 4580 Opuscolo
2035 4505 2387 4563 meritevole
2412 4505 2473 4563 di
2497 4505 2716 4563 tenersi
2740 4505 2802 4562 in
2824 4505 3034 4580 pregio
3060 4524 3093 4563 e
3117 4524 3239 4563 non
3263 4524 3540 4563 comune.

476 4697 655 4755 3354.
692 4699 1031 4755 VALSECHI
1063 4697 1341 4772 Virginii,
1378 4699 1472 4755 De
1507 4699 1595 4755 M.
1633 4697 1864 4755 Aurelii
1899 4697 2191 4755 Antonini
2225 4697 2565 4772 Eliogabali
2599 4697 2902 4755 tribunitia
2933 4706 3227 4772 potestate
3261 4699 3318 4755 V
3353 4697 3710 4765 dissertatio,
3747 4697 4081 4755 Florentiae
4123 4698 4297 4765 1711,
4334 4697 4396 4754 in
4429 4698 4485 4765 4,

707 4793 834 4868 fig.,
861 4795 949 4851 M.
978 4794 1075 4852 94.

714 4890 878 4947 Sono
904 4889 1140 4947 diverse
1165 4889 1466 4964 medaglie
1493 4898 1784 4964 stampate
1809 4889 1899 4947 fra
1921 4889 1964 4946 il
1988 4898 2141 4947 testo
2167 4908 2200 4947 e
2226 4890 2438 4947 alcune
2462 4898 2602 4947 note
2627 4889 2943 4964 marginali
2968 4890 3117 4947 d’un
3141 4890 3308 4947 dotto
3334 4889 3542 4947 critico
3568 4889 3969 4947 manoscritte.

476 5080 655 5138 3355.
703 5082 1131 5138 VAUCANSON
1174 5082 1284 5148 M.,
1332 5082 1416 5138 Le
1461 5080 1832 5138 mécanisme
1878 5081 1958 5138 du
2003 5080 2223 5138 fluteur
2268 5089 2587 5148 automate,
2637 5099 2783 5138 avec
2830 5081 2888 5138 la
2932 5080 3299 5155 description
3344 5081 3492 5138 d’un
3538 5081 3757 5138 canard
3803 5080 4097 5148 artificiel,
4146 5089 4483 5155 mangeant,

705 5177 984 5244 beuvant,
1012 5176 1299 5251 digerant,
1327 5185 1385 5234 et
1410 5195 1473 5234 se
1498 5176 1746 5234 vuidant
1769 5185 1879 5234 etc.
1907 5176 2148 5234 inventé
2171 5195 2278 5251 par
2301 5177 2357 5234 le
2382 5177 2599 5244 meme,
2626 5176 2789 5234 Paris
2822 5177 2997 5244 1738,
3024 5176 3086 5233 in
3109 5177 3166 5244 4,
3193 5178 3281 5234 M.
3310 5176 3406 5234 64.

717 5273 1030 5347 Opuscolo
1078 5272 1378 5347 singolare
1423 5291 1540 5330 con
1584 5291 1703 5330 una
1746 5273 1948 5330 tavola
1991 5272 2300 5347 intagliata
2342 5272 2405 5329 in
2447 5291 2629 5330 rame.
2680 5273 2907 5344 Questa
2951 5272 3268 5330 macchina
3312 5272 3378 5330 fu
3420 5281 3759 5347 presentata
3803 5272 4285 5330 all’Accademia
4329 5273 4487 5330 delle

709 5368 961 5426 Scienze
985 5368 1048 5425 in
1071 5368 1284 5443 Parigi.

476 5559 655 5617 3356.
692 5561 909 5617 VENNI
942 5559 1270 5634 Giuseppe,
1306 5559 1525 5634 Elogio
1562 5559 1782 5617 storico
1817 5560 1975 5617 delle
2009 5568 2178 5634 gesta
2210 5560 2308 5617 del
2341 5561 2411 5617 B.
2450 5559 2719 5617 Odorico
2754 5559 3115 5617 dell’ordine
3149 5560 3244 5617 de’
3285 5559 3428 5617 min.
3466 5559 3851 5617 conventuali
3885 5560 4045 5617 colla
4080 5559 4261 5617 storia
4293 5560 4370 5617 da
4402 5559 4486 5617 lui

707 5656 927 5713 dettata
959 5655 1199 5713 de’suoi
1232 5655 1455 5730 Viaggi
1489 5655 1745 5713 Asiatici
1777 5664 2114 5730 presentata
2147 5655 2266 5730 agli
2301 5655 2550 5713 amatori
2584 5656 2742 5713 delle
2777 5655 3059 5713 antichità
3091 5674 3124 5713 e
3157 5655 3463 5723 illustrata,
3499 5655 3787 5723 Venezia,
3823 5657 4008 5723 Zatta,
4052 5655 4226 5723 1761,
4262 5655 4324 5712 in
4357 5655 4484 5723 fol.,

707 5751 812 5826 fig.

706 5849 773 5904 In
816 5847 1114 5922 principio
1161 5848 1194 5905 e
1239 5866 1357 5905 una
1401 5866 1545 5922 gran
1589 5848 1793 5905 tavola
1836 5847 2144 5922 intagliata
2188 5848 2265 5905 da
2308 5866 2388 5905 un
2433 5848 2660 5922 quadro
2707 5847 2768 5905 di
2813 5847 3155 5905 Domenico
3204 5847 3641 5915 Scaramuccia,
3690 5847 3802 5905 che
3846 5856 4230 5922 rappresenta
4274 5856 4486 5922 questo

707 5943 1077 6018 viaggiatore
1100 5944 1495 6001 battezzando
1522 5944 1735 6001 alcune
1758 5962 2015 6018 persone
2040 5962 2073 6001 e
2099 5944 2216 6001 alla
2237 5962 2294 6018 p.
2325 5943 2401 6001 36
2428 5944 2573 6001 altra
2596 5962 2740 6018 gran
2763 5944 2965 6001 tavola
2988 5962 3105 6001 con
3132 5943 3448 6018 sarcofago
3474 5962 3507 6001 e
3533 5943 3832 6001 antichità.

476 6134 655 6192 3357.
682 6136 776 6192 De
800 6136 1091 6192 VENUTIS
1117 6134 1446 6209 Philippus,
1474 6136 1568 6192 De
1593 6153 1769 6192 cruce
1794 6134 2136 6192 cortonensi
2161 6134 2519 6202 dissertatio,
2546 6134 2791 6192 Liburni
2823 6134 2998 6202 1751,
3025 6134 3087 6191 in
3110 6135 3167 6202 4,
3195 6134 3321 6209 fig.,
3348 6136 3436 6192 M.
3465 6135 3562 6192 28.

707 6231 842 6288 Con
866 6231 982 6288 due
1006 6231 1207 6288 tavole
1231 6230 1537 6305 intagliate
1561 6230 1624 6287 in
1646 6249 1811 6288 rame
1836 6249 1869 6288 e
1894 6230 2056 6288 varie
2081 6230 2382 6305 medaglie
2407 6249 2440 6288 e
2465 6230 2841 6288 monumenti
2864 6230 3131 6305 riportati
3156 6230 3246 6288 fra
3268 6230 3311 6287 il
3335 6239 3506 6288 testo.

476 6422 655 6480 3358.
687 6424 945 6480 VENUTI
972 6441 1100 6480 cav.
1133 6422 1496 6490 Domenico,
1531 6422 1931 6497 Spiegazione
1961 6423 2110 6480 d’un
2141 6422 2296 6480 servi
2331 6424 2409 6497 [p.
2450 6423 2586 6492 130]
2622 6422 2718 6480 zio
2749 6423 2826 6480 da
2852 6423 3054 6480 tavola
3082 6422 3313 6497 dipinto
3344 6441 3377 6480 e
3405 6423 3734 6480 modellato
3764 6422 3826 6479 in
3853 6423 4199 6497 porcellana
4226 6423 4386 6480 nella
4413 6424 4482 6480 R.

2171 6657 2347 6694 WWW.
2358 6637 2734 6710 memofonte.
2748 6639 2791 6694 il
