4958 7017
1981 864 2366 922 Fondazione
2390 838 2775 922 Memofonte
2800 865 2976 922 onlus

1390 960 1600 1018 Studio
1624 979 1731 1035 per
1754 960 2226 1018 l’elaborazione
2250 960 2632 1018 informatica
2655 961 2813 1018 delle
2838 960 2991 1018 fonti
3018 960 3571 1018 storico—artistiche

697 1247 904 1322 rapide
931 1266 1028 1305 sur
1051 1248 1138 1305 les
1162 1248 1359 1305 beaux
1384 1256 1517 1315 arts,
1544 1247 1707 1305 Paris
1741 1248 1915 1315 1789,
1942 1247 2004 1304 in
2028 1247 2155 1315 fol.,
2183 1247 2288 1322 fig.

698 1343 936 1401 Tredici
965 1352 1194 1418 stampe
1221 1343 1490 1411 colorite,
1520 1344 1678 1401 nelle
1706 1343 1868 1418 quali
1897 1343 1947 1401 si
1974 1344 2007 1401 è
2033 1352 2256 1401 tentato
2282 1343 2540 1418 possibil
2572 1345 2650 1418 [p.
2683 1343 2825 1413 325]
2857 1352 3056 1401 mente
3083 1343 3385 1401 d’imitare
3411 1343 3454 1400 il
3483 1352 3658 1418 gusto
3686 1343 4093 1418 degl’inglesi,
4123 1362 4156 1401 e
4182 1343 4202 1400 i
4230 1343 4397 1401 modi
4424 1343 4486 1401 di

698 1439 1043 1497 Bartolozzi
1085 1439 1499 1497 abbelliscono
1541 1448 1754 1514 questo
1796 1440 2058 1507 volume,
2101 1439 2144 1496 il
2185 1439 2283 1497 cui
2323 1448 2477 1497 testo
2519 1458 2552 1497 e
2595 1448 2889 1514 stampato
2930 1439 2992 1496 in
3032 1439 3227 1497 ottimi
3268 1439 3554 1497 caratteri.
3598 1441 3623 1496 I
3664 1439 3900 1514 disegni
3943 1458 4094 1497 sono
4135 1439 4289 1497 tratti
4330 1440 4490 1497 dalla

700 1535 1050 1603 Kauffman,
1078 1536 1155 1593 da
1178 1536 1236 1593 la
1260 1536 1513 1603 Grenée,
1541 1536 1618 1593 da
1641 1536 1945 1603 Caresme,
1973 1554 2006 1593 e
2031 1536 2108 1593 da
2132 1535 2362 1593 Girard.

473 1727 655 1784 4733.
685 1728 1101 1784 MUSSARDUS
1129 1728 1212 1794 P.,
1242 1726 1509 1784 Historia
1533 1728 1805 1784 Deorum
1831 1726 2232 1794 fatidicorum,
2263 1735 2485 1794 vatum,
2518 1726 2870 1801 sybillarum
2894 1726 3273 1784 Phoebarum
3299 1727 3457 1801 apud
3482 1726 3715 1801 priscos
3742 1726 4080 1794 illustrium,
4111 1745 4252 1784 cum
4278 1745 4489 1784 eorum

698 1822 994 1890 iconibus,
1023 1823 1310 1880 Genevae
1342 1822 1517 1890 1675,
1544 1822 1606 1879 in
1633 1823 1686 1890 8,
1713 1822 1989 1897 figurato.

699 1919 875 1976 Colle
899 1919 1099 1976 tavole
1124 1918 1569 1993 degl’indovini
1594 1937 1627 1976 e
1652 1919 1810 1976 delle
1837 1918 2034 1976 sibille
2058 1918 2365 1993 intagliate
2389 1918 2451 1975 in
2473 1937 2638 1976 rame
2664 1919 2782 1976 alla
2805 1918 3071 1976 maniera
3094 1918 3192 1976 dei
3217 1919 3292 1976 de
3316 1920 3454 1993 Bry.
3484 1919 3685 1993 Opera
3707 1937 3829 1976 non
3853 1937 4130 1976 comune.

473 2111 655 2168 4734.
682 2112 1008 2168 PALEOTTI
1031 2110 1333 2168 cardinale
1359 2129 1392 2168 e
1418 2129 1686 2168 vescovo
1713 2110 1774 2168 di
1799 2111 2096 2185 Bologna,
2124 2110 2416 2168 Discorso
2442 2110 2678 2168 intorno
2705 2111 2761 2168 le
2786 2110 3101 2185 immagini
3129 2129 3312 2178 sacre,
3341 2129 3374 2168 e
3398 2110 3667 2185 profane,
3696 2110 3895 2168 diviso
3921 2110 3983 2167 in
4009 2110 4042 2168 5
4072 2110 4225 2178 libri,
4254 2111 4411 2168 dove
4439 2110 4488 2168 si

701 2225 1041 2281 scuoprono
1067 2206 1215 2264 varii
1241 2206 1412 2264 abusi
1437 2207 1567 2264 loro
1593 2225 1680 2264 ec.
1707 2207 1988 2281 Bologna
2018 2206 2193 2274 1582,
2220 2206 2282 2263 in
2305 2207 2343 2263 4
2366 2206 2483 2281 pic.

473 2397 655 2455 4735.
682 2399 1007 2455 PALEOTTI
1030 2397 1331 2455 cardinale
1356 2416 1389 2455 e
1415 2416 1683 2455 vescovo
1709 2397 1770 2455 di
1794 2398 2091 2472 Bologna,
2118 2399 2204 2455 La
2229 2406 2419 2455 stessa
2442 2416 2627 2472 opera
2649 2398 2902 2455 tradotta
2924 2397 2986 2454 in
3010 2397 3213 2465 latino,
3240 2397 3594 2472 Ingolstadii
3626 2397 3800 2465 1594,
3827 2397 3889 2454 in
3912 2398 3968 2455 4.

698 2495 765 2550 In
798 2493 923 2551 fine
957 2493 1388 2551 dell’edizione
1423 2493 1715 2568 originale
1750 2494 1783 2551 e
1816 2493 2080 2551 indicato
2115 2493 2227 2551 che
2261 2493 2345 2568 gli
2380 2493 2509 2551 altri
2542 2502 2627 2551 tre
2662 2493 2798 2551 libri
2834 2493 2883 2551 si
2917 2494 3180 2551 daranno
3213 2493 3318 2568 poi
3353 2493 3510 2551 fuori
3545 2512 3579 2551 a
3614 2512 3722 2551 suo
3757 2502 3980 2568 tempo,
4017 2502 4401 2568 quantunque
4438 2493 4487 2551 si

697 2589 1009 2664 pubblichi
1036 2589 1099 2646 in
1127 2598 1339 2664 questo
1369 2590 1615 2647 volume
1643 2608 1766 2647 non
1792 2598 1955 2647 tanto
1984 2589 2401 2657 nell’italiano,
2432 2589 2544 2647 che
2572 2590 2733 2647 nella
2759 2589 3037 2647 versione
3065 2589 3248 2647 latina
3275 2589 3526 2647 l’indice
3554 2589 3652 2647 dei
3680 2589 3927 2664 capitoli
3955 2589 4016 2647 di
4044 2589 4183 2664 quei
4212 2589 4347 2647 libri
4375 2589 4487 2647 che

698 2704 820 2743 non
845 2704 1108 2743 vennero
1132 2685 1237 2760 poi
1261 2685 1381 2743 mai
1404 2685 1753 2760 pubblicati.
1783 2686 1984 2760 Opera
2007 2685 2068 2743 di
2092 2704 2172 2743 un
2195 2686 2441 2760 teologo
2465 2685 2758 2760 rigorista.

473 2876 655 2934 4736.
687 2878 843 2934 POLI
870 2877 1057 2934 Paolo
1088 2877 1310 2944 Anton,
1343 2877 1523 2934 Della
1550 2876 1843 2951 religione
1874 2876 1972 2934 dei
2004 2876 2247 2944 Gentili,
2279 2895 2386 2951 per
2413 2876 2692 2951 riguardo
2725 2877 2800 2934 ad
2831 2876 3028 2934 alcuni
3060 2876 3304 2934 animali
3335 2895 3368 2934 e
3401 2876 3829 2951 specialmente
3859 2876 4003 2951 topi.
4037 2876 4486 2934 Dissertazione

697 2991 804 3047 per
826 2972 1118 3030 illustrare
1142 2972 1450 3030 un’antica
1476 2981 1682 3040 statua,
1710 2991 1743 3030 e
1766 2991 1873 3047 per
1895 2972 2281 3047 intelligenza
2304 2972 2573 3030 d’alcuni
2596 2972 2761 3047 passi
2786 2973 2946 3030 della
2971 2972 3166 3030 Storia
3191 2973 3388 3040 Sacra,
3415 2972 3639 3047 Napoli
3671 2973 3845 3040 1771,
3872 2972 3934 3029 in
3957 2973 4014 3040 4,
4042 2972 4146 3047 fig.

698 3070 784 3126 La
816 3077 1006 3126 statua
1035 3069 1068 3126 e
1097 3077 1542 3143 rappresentata
1570 3068 1633 3125 in
1662 3077 1748 3126 tre
1779 3069 2014 3136 vedute,
2049 3069 2198 3126 oltre
2230 3069 2442 3126 alcune
2474 3069 2618 3126 altre
2648 3068 2932 3126 incisioni
2962 3068 3209 3126 relative
3242 3069 3359 3126 alla
3388 3068 3652 3136 materia,
3686 3069 3984 3126 collocate
4015 3087 4191 3126 come
4223 3068 4486 3143 vignette

698 3165 796 3222 nel
825 3183 1001 3222 corso
1031 3165 1383 3239 dell’opera,
1415 3165 1473 3222 la
1500 3165 1676 3239 quale
1704 3165 1737 3222 e
1766 3164 1962 3222 divisa
1988 3164 2050 3221 in
2077 3173 2162 3222 tre
2189 3164 2357 3239 parti.
2389 3165 2695 3239 L’Apollo
2727 3165 3062 3222 Saurotono
3092 3165 3125 3222 e
3154 3164 3412 3239 figurato
3441 3165 3540 3222 nel
3569 3164 3981 3239 frontespizio:
4015 3183 4048 3222 e
4077 3165 4423 3239 l’opuscolo
4453 3165 4486 3222 e

697 3260 977 3335 prezioso
1001 3279 1108 3335 per
1130 3261 1186 3318 le
1211 3260 1483 3318 dottrine.
1511 3262 1664 3318 Mar.
1692 3261 1817 3318 dor.

473 3452 655 3509 4737.
686 3453 1034 3509 PERNETTY
1061 3451 1325 3509 Antoine
1353 3451 1596 3526 Joseph,
1627 3453 1743 3509 Les
1774 3451 1967 3509 fables
1997 3451 2409 3526 egyptiennes,
2441 3460 2500 3509 et
2527 3452 2817 3526 grécques
2848 3451 3157 3509 dévoilées
3187 3460 3246 3509 et
3271 3451 3532 3509 reduites
3563 3470 3637 3509 au
3665 3452 3865 3509 meme
3892 3451 4164 3526 principe
4194 3470 4340 3509 avec
4370 3470 4486 3509 une

699 3547 1065 3622 explication
1089 3548 1195 3605 des
1221 3547 1666 3622 hieroglyphes,
1694 3556 1752 3605 et
1775 3548 1850 3605 de
1875 3548 1933 3605 la
1956 3566 2164 3622 guerre
2189 3548 2264 3605 de
2288 3549 2501 3622 Troye,
2528 3547 2691 3605 Paris
2724 3547 2899 3615 1658,
2925 3547 2987 3604 in
3014 3548 3067 3615 8,
3095 3548 3214 3605 vol.
3243 3548 3298 3605 2.

473 3740 655 3797 4738.
682 3741 924 3797 POMEY
945 3741 1006 3797 P.
1034 3739 1403 3807 Franciscus,
1430 3739 1762 3797 Pantheum
1785 3739 2121 3814 mythicum
2146 3758 2252 3797 seu
2276 3739 2556 3797 fabulosa
2578 3741 2850 3797 Deorum
2872 3739 3137 3807 historia,
3164 3739 3442 3814 Lugduni
3474 3739 3650 3807 1675,
3677 3739 3739 3796 in
3770 3740 3860 3797 12.

473 3931 655 3989 4739.
695 3932 900 3988 PORRI
931 3930 1195 3998 Alessio,
1236 3932 1403 3988 Vaso
1443 3930 1504 3988 di
1543 3930 1730 3988 verità
1766 3930 2002 3988 intorno
2042 3930 2342 4005 l’origine,
2383 3930 2614 3988 nascita
2651 3949 2738 3988 ec.
2781 3930 3321 3998 dell’Antichristo,
3362 3930 3650 3998 Venezia,
3699 3930 3873 3998 1697,
3914 3930 3976 3987 in
4013 3931 4069 3998 4,
4111 3930 4237 4005 fig.,
4277 3949 4487 4005 presso

698 4026 894 4084 Pietro
919 4026 1219 4084 Dusinelli
1244 4045 1277 4084 e
1303 4026 1617 4084 Girolamo
1642 4026 1824 4084 Porri.

701 4123 911 4180 Strano
937 4141 970 4180 e
993 4122 1264 4180 bizzarro
1290 4122 1526 4180 libretto
1552 4141 1668 4180 con
1691 4123 1877 4180 molte
1901 4123 2118 4180 tavole.
2146 4123 2325 4180 Della
2346 4122 2491 4180 bibl.
2519 4122 2944 4197 Malborough.

479 4316 557 4389 [p.
588 4314 729 4384 326]

473 4506 655 4563 4740.
683 4507 769 4563 La
792 4502 1115 4563 RÉLIGION
1140 4505 1449 4573 ancienne,
1478 4514 1536 4563 et
1560 4506 1847 4563 moderne
1873 4506 1979 4563 des
2005 4505 2393 4573 moscovites,
2422 4505 2686 4563 enrichie
2712 4506 2818 4563 des
2845 4505 3089 4580 figures,
3119 4524 3153 4563 a
3177 4506 3473 4580 Cologne,
3502 4505 3650 4563 chez
3675 4505 3872 4563 Pierre
3897 4507 4189 4573 Marteau,
4224 4505 4398 4573 1698,
4426 4505 4488 4562 in

702 4602 754 4659 8.

698 4697 990 4755 Trovansi
1018 4706 1164 4755 sette
1189 4697 1462 4772 graziose
1486 4698 1687 4755 tavole
1712 4697 2018 4772 intagliate
2043 4698 2120 4755 da
2142 4699 2212 4755 B.
2240 4697 2490 4755 Pickart.

473 4890 655 4947 4741.
686 4891 847 4946 RIPA
873 4890 1113 4957 Cesare,
1143 4889 1499 4964 Iconologia
1526 4889 1892 4947 accresciuta
1919 4889 2257 4964 d’imagini,
2288 4889 2349 4947 di
2378 4889 2780 4957 annotazioni,
2811 4908 2844 4947 e
2873 4889 2934 4947 di
2962 4889 3092 4947 fatti
3120 4890 3445 4947 dell’abate
3474 4890 3696 4947 Cesare
3725 4889 3993 4957 Orlandi,
4023 4889 4276 4964 Perugia
4310 4889 4485 4957 1764,

699 4986 818 5043 vol.
848 4985 903 5053 5,
930 4985 992 5042 in
1015 4986 1072 5053 4,
1100 4985 1204 5060 fig.

700 5081 901 5155 Opera
929 5099 1009 5138 un
1037 5081 1139 5155 po’
1177 5080 1564 5155 farraginosa,
1598 5099 1714 5138 ove
1748 5099 1898 5138 sono
1929 5080 2059 5138 utili
2089 5080 2353 5148 nozioni,
2387 5099 2420 5138 e
2451 5081 2528 5138 da
2557 5080 2654 5138 cui
2683 5081 2973 5155 potrebbe
3002 5080 3170 5138 trarsi
3200 5099 3280 5138 un
3308 5080 3564 5138 ristretto
3594 5080 3699 5155 più
3731 5099 4006 5148 succoso,
4040 5099 4073 5138 e
4104 5080 4339 5138 farsene
4369 5099 4488 5138 una

697 5176 802 5251 più
824 5176 1101 5251 proficua
1124 5176 1402 5234 edizione
1425 5195 1532 5251 per
1555 5176 1638 5251 gli
1664 5176 1866 5234 artisti.

698 5274 782 5330 Le
806 5273 1007 5330 tavole
1034 5291 1184 5330 sono
1210 5272 1654 5347 copiosissime,
1682 5291 1862 5330 meno
1888 5272 2000 5330 che
2025 5272 2335 5340 mediocri,
2363 5273 2439 5330 ed
2462 5272 2769 5347 intagliate
2793 5272 2855 5329 in
2877 5291 3058 5330 rame.

473 5465 655 5522 4742.
696 5466 834 5521 RITI
870 5483 903 5522 e
941 5464 1201 5522 costumi
1239 5464 1402 5539 degli
1440 5464 1604 5522 ebrei
1642 5464 1933 5522 confutati
1971 5465 2069 5522 dal
2108 5465 2306 5522 dottor
2341 5465 2527 5522 Paolo
2565 5464 2798 5522 Medici
2836 5464 3273 5539 coll’aggiunta
3309 5465 3497 5522 d’una
3534 5465 3740 5522 lettera
3776 5464 3837 5522 di
3874 5464 4097 5522 Nicolò
4138 5465 4352 5522 Stratta
4389 5464 4488 5539 già

697 5559 949 5617 rabbino
975 5578 1084 5627 ec.,
1111 5559 1382 5617 Venezia
1412 5560 1586 5627 1788,
1613 5559 1675 5616 in
1702 5560 1754 5617 8.

473 5752 655 5809 4743.
695 5753 1032 5809 RITRATTO
1068 5752 1417 5809 totalmente
1457 5751 1654 5809 simile
1692 5752 1852 5809 della
1890 5752 1947 5809 S.
1988 5751 2288 5809 Nunziata
2324 5751 2385 5809 di
2422 5751 2686 5819 Firenze,
2727 5752 2949 5809 donato
2988 5752 3086 5809 dal
3125 5752 3197 5809 G.
3238 5753 3312 5809 D.
3353 5753 3686 5809 Francesco
3725 5752 3820 5809 de’
3864 5751 4097 5809 Medici
4136 5770 4170 5809 a
4208 5752 4265 5809 S.
4307 5752 4487 5809 Carlo

699 5848 906 5905 l’anno
939 5847 1095 5905 1580
1121 5866 1230 5915 ec.,
1257 5847 1493 5905 Milano
1526 5847 1700 5915 1648,
1726 5847 1788 5904 in
1815 5848 1867 5905 8.

698 5943 1018 6001 Libercolo
1044 5943 1105 6001 di
1132 5944 1203 6001 31
1232 5943 1451 6018 pagine
1476 5962 1593 6001 con
1616 5962 1697 6001 un
1721 5943 1971 6018 intaglio
1996 5943 2058 6000 in
2082 5944 2263 6018 legno
2288 5944 2386 6001 nel
2412 5943 2823 6018 frontespizio.

473 6135 655 6192 4744.
695 6136 964 6192 RITUUM
1001 6134 1570 6202 ecclesiasticorum,
1612 6134 1740 6192 sive
1780 6153 2081 6192 sacrarum
2116 6134 2595 6192 ceremoniarum
2632 6135 2689 6192 S.
2729 6136 2798 6192 R.
2838 6134 3150 6192 Ecclesiae
3187 6134 3322 6192 libri
3358 6143 3474 6192 tres
3513 6153 3635 6192 non
3672 6143 3845 6192 antea
3879 6134 4175 6209 impressi.
4215 6134 4374 6192 Editi
4412 6135 4485 6192 ab

698 6230 986 6298 Antonio,
1014 6239 1072 6288 et
1097 6230 1344 6288 Silvano
1370 6230 1679 6305 Cappellis
1706 6230 1941 6288 civibus
1967 6230 2217 6298 venetis,
2244 6230 2536 6298 Venetiis,
2571 6230 2746 6298 1516,
2773 6230 2835 6287 in
2859 6230 2986 6298 fol.,
3014 6230 3141 6305 fig.,
3168 6230 3532 6305 impressum
3556 6249 3590 6288 a
3614 6230 3910 6305 Gregorio
3936 6231 4011 6288 de
4037 6230 4363 6305 Gregoriis.

473 6422 655 6480 4745.
689 6423 893 6480 SARDI
918 6422 1248 6480 Alexandri
1276 6422 1665 6490 ferrariensis,
1695 6422 2047 6490 Numinum,
2079 6431 2137 6480 et
2163 6422 2416 6480 heorum
2442 6422 2705 6497 origines
2734 6441 2891 6480 nunc
2918 6422 3182 6497 primum
3207 6422 3270 6479 in
3297 6423 3499 6480 lucem
3526 6422 3721 6480 editae
3747 6422 4081 6497 praemisso
4110 6423 4185 6480 de
4213 6423 4489 6497 ejusdem

2171 6657 2347 6694 WWW.
2358 6637 2734 6710 memofonte.
2748 6639 2791 6694 il
