4958 7017
1981 864 2366 922 Fondazione
2390 838 2775 922 Memofonte
2800 865 2976 922 onlus

1390 960 1600 1018 Studio
1624 979 1731 1035 per
1754 960 2226 1018 l’elaborazione
2250 960 2632 1018 informatica
2655 961 2813 1018 delle
2838 960 2991 1018 fonti
3018 960 3571 1018 storico—artistiche

705 1250 1009 1321 Europae,
1041 1247 1167 1305 indi
1195 1247 1435 1322 ripiglia
1462 1266 1581 1305 una
1609 1247 2072 1305 continuazione
2102 1248 2262 1305 della
2293 1256 2450 1305 sesta
2478 1248 2574 1305 età
2602 1248 2700 1305 del
2730 1248 2957 1305 mondo
2988 1248 3086 1305 col
3116 1247 3310 1322 foglio
3341 1247 3460 1305 267
3493 1266 3526 1305 e
3554 1266 3851 1322 prosegue
3884 1247 4016 1305 sino
4048 1248 4103 1305 al
4133 1247 4276 1315 fine,
4309 1266 4486 1305 come

708 1343 988 1401 abbiamo
1012 1343 1117 1418 più
1144 1362 1321 1418 sopra
1343 1343 1625 1401 indicato.

476 1536 655 1594 3199.
683 1536 924 1593 CIAMPI
949 1535 1322 1603 Sebastiano,
1349 1537 1484 1593 Due
1509 1554 1653 1593 urne
1680 1535 1998 1610 sepolcrali
2023 1535 2301 1593 descritte
2326 1554 2359 1593 e
2383 1535 2690 1603 illustrate,
2717 1535 2855 1593 Pisa
2885 1536 3059 1603 1813,
3087 1535 3213 1610 fig.,
3240 1537 3328 1593 M.
3359 1536 3454 1593 34.

699 1632 834 1689 Con
857 1650 976 1689 una
998 1632 1201 1689 tavola
1224 1631 1285 1689 di
1308 1631 1730 1706 bell’intaglio.

476 1823 655 1880 3200.
683 1823 924 1880 CIAMPI
949 1822 1322 1890 Sebastiano,
1349 1824 1374 1879 I
1401 1822 1644 1880 simboli
1669 1823 1827 1880 delle
1855 1822 2093 1880 scienze
2121 1822 2360 1897 scolpiti
2385 1823 2462 1880 da
2486 1822 2790 1880 Giovanni
2814 1822 3051 1890 Pisano,
3078 1822 3216 1880 Pisa
3246 1823 3421 1890 1814,
3449 1822 3575 1897 fig.,
3602 1824 3690 1880 M.
3721 1823 3816 1880 34.

712 1919 847 1976 Con
871 1927 996 1976 otto
1021 1919 1221 1976 tavole
1245 1918 1552 1993 intagliate
1576 1918 1638 1975 in
1660 1937 1842 1976 rame.

476 2111 655 2168 3201.
683 2111 924 2168 CIAMPI
949 2110 1322 2178 Sebastiano,
1349 2112 1443 2168 De
1468 2110 1767 2168 veteribus
1792 2110 2075 2168 institutis
2100 2110 2163 2167 in
2185 2129 2248 2168 re
2273 2110 2546 2178 literaria,
2573 2110 2907 2168 Florentiae
2939 2110 3114 2178 1815,
3141 2110 3203 2167 in
3230 2111 3283 2178 8,
3310 2112 3398 2168 M.
3428 2111 3522 2168 34.

476 2302 655 2359 3202.
683 2302 924 2359 CIAMPI
949 2301 1322 2369 Sebastiano,
1349 2301 1744 2359 Descrizione
1769 2302 1929 2359 della
1952 2320 2125 2359 cassa
2148 2301 2209 2359 di
2234 2301 2483 2376 Cipselo
2509 2302 2763 2359 tradotta
2786 2302 2862 2359 ed
2885 2301 3190 2369 illustrata,
3217 2301 3355 2359 Pisa
3385 2302 3559 2369 1814,
3586 2301 3648 2358 in
3675 2302 3727 2359 8.

702 2397 1073 2472 Aggiuntavi
1098 2398 1156 2455 la
1179 2397 1610 2455 dissertazione
1635 2397 1696 2455 di
1721 2399 1934 2472 Heyne
1961 2398 2116 2455 sullo
2144 2406 2336 2455 stesso
2363 2406 2731 2472 argomento.
2759 2399 2847 2455 M.
2878 2398 2973 2455 34.

476 2590 655 2647 3203.
716 2590 1027 2647 CIAMPINI
1082 2589 1347 2657 Ioannis,
1410 2589 1911 2647 Sacro—historica
1967 2589 2309 2664 disquisitio
2368 2590 2443 2647 de
2500 2590 2735 2647 duobus
2794 2589 3275 2657 emblematibus,
3335 2589 3438 2647 ubi
3497 2589 3860 2664 disceptatur
3917 2608 3991 2647 an
4048 2590 4168 2647 duo
4226 2589 4487 2664 Philippi

706 2685 1095 2760 imperatores
1121 2685 1340 2743 fuerint
1363 2685 1687 2753 christiani,
1715 2687 1947 2743 Romae
1979 2685 2154 2753 1691,
2181 2685 2243 2742 in
2266 2686 2323 2753 4,
2350 2687 2438 2743 M.
2474 2686 2563 2743 11.

476 2877 655 2934 3204.
689 2877 1000 2934 CIAMPINI
1027 2876 1292 2944 Ioannis,
1325 2878 1419 2934 De
1449 2876 1927 2934 incombustibili
1958 2876 2083 2934 lino
2116 2876 2244 2934 sive
2275 2876 2475 2951 lapide
2506 2876 2768 2934 amianto
2799 2877 2994 2951 deque
3024 2876 3187 2934 illius
3219 2876 3432 2934 filandi
3462 2877 3666 2944 modo,
3699 2878 3931 2934 Romae
3969 2876 4144 2944 1661,
4176 2876 4238 2933 in
4266 2877 4323 2944 4,
4357 2876 4484 2951 fig.,

706 2974 794 3030 M.
830 2973 920 3030 11.

476 3164 655 3222 3205.
683 3165 994 3222 CIAMPINI
1016 3164 1281 3232 Ioannis,
1308 3165 1356 3221 Il
1380 3173 1567 3222 teatro
1593 3165 1688 3222 de’
1720 3164 1946 3239 grandi,
1974 3164 2247 3222 discorso
2274 3164 2679 3232 accademico,
2706 3166 2903 3222 Roma
2933 3164 3108 3232 1693,
3135 3164 3197 3221 in
3224 3165 3277 3232 8,
3304 3166 3392 3222 M.
3428 3165 3517 3222 12.

476 3355 655 3413 3206.
687 3356 923 3413 CLARK
947 3356 1204 3413 Edward
1231 3355 1468 3423 Daniel,
1500 3355 1627 3413 The
1655 3356 1821 3413 tomb
1851 3355 1923 3413 of
1945 3356 2291 3413 Alexander
2319 3374 2353 3413 a
2380 3355 2760 3413 dissertation
2788 3374 2868 3413 on
2895 3355 2994 3413 the
3025 3355 3430 3430 sarcophagus
3459 3356 3635 3430 brogt
3662 3355 3822 3413 from
3848 3355 4217 3413 Alexandria
4245 3356 4320 3413 ad
4347 3374 4486 3413 now

706 3451 768 3508 in
791 3451 889 3509 the
913 3451 1138 3509 British
1161 3453 1468 3519 Museum,
1496 3451 1862 3526 Cambridge
1894 3451 2069 3519 1805,
2096 3451 2158 3508 in
2181 3452 2237 3509 4.

707 3548 842 3605 Con
868 3548 900 3605 3
928 3556 1043 3605 tav.
1071 3547 1134 3604 in
1156 3566 1337 3605 rame.

476 3740 655 3797 3207.
683 3740 927 3797 COLETI
949 3739 1279 3807 Dominici,
1306 3739 1661 3797 Triclinium
1685 3739 2108 3814 Opiterginum
2132 3740 2207 3797 ad
2230 3739 2455 3797 Julium
2478 3739 2881 3807 Tomitanum,
2908 3739 3181 3797 Venetiis
3214 3740 3389 3807 1794,
3416 3739 3478 3796 in
3505 3740 3558 3807 8,
3585 3741 3673 3797 M.
3701 3740 3798 3797 48.

476 3931 655 3988 3208.
683 3931 1090 3988 CORTINOVIS
1117 3931 1377 4005 Angelo,
1404 3930 1853 3988 Dissertazione
1880 3949 2057 4005 sopra
2079 3949 2160 3988 un
2182 3931 2364 3988 basso
2388 3930 2603 3988 rilievo
2629 3930 2690 3988 di
2715 3931 3019 3988 Costanzo
3045 3949 3078 3988 e
3104 3930 3409 3998 Giuliano,
3436 3930 3498 3987 in
3522 3931 3579 3998 4,
3606 3932 3694 3988 M.
3730 3931 3819 3988 10.

711 4026 874 4084 Avvi
898 4045 1017 4084 una
1039 4027 1241 4084 tavola
1263 4026 1326 4083 in
1348 4045 1530 4094 rame,
1558 4026 1670 4084 che
1694 4035 1971 4101 presenta
1993 4026 2036 4083 il
2063 4026 2363 4101 singolare
2388 4035 2781 4084 monumento
2806 4026 3116 4084 illustrato.

476 4219 655 4277 3209.
695 4219 1088 4276 COSTADONI
1122 4219 1437 4286 Anselmo,
1477 4218 1927 4276 Dissertazione
1966 4237 2143 4293 sopra
2177 4218 2484 4276 un’antica
2522 4227 2794 4276 statuetta
2829 4218 3107 4276 d’avorio
3143 4227 3626 4293 rappresentante
3662 4237 3743 4276 un
3777 4237 3840 4276 re
3876 4218 3938 4275 in
3973 4227 4062 4276 tro
4105 4220 4183 4293 [p.
4230 4219 4366 4288 112]
4408 4237 4487 4276 no

707 4314 1054 4372 circondato
1080 4315 1157 4372 da
1180 4314 1425 4389 guardie
1450 4333 1567 4372 con
1590 4333 1670 4372 un
1695 4314 1936 4372 falcone
1963 4315 2116 4372 sulla
2139 4333 2338 4382 mano,
2365 4314 2636 4372 Venezia
2666 4314 2842 4382 1751,
2869 4314 2931 4371 in
2962 4315 3053 4382 12,
3080 4316 3168 4372 M.
3196 4315 3293 4372 73.

712 4411 847 4468 Con
870 4429 989 4468 una
1011 4411 1214 4468 tavola
1236 4410 1544 4485 intagliata
1566 4410 1629 4467 in
1651 4429 1833 4468 rame.

476 4602 655 4659 3210.
688 4602 1022 4659 CRAMERII
1049 4603 1138 4659 Jo.
1172 4601 1535 4676 Christoph,
1568 4601 2016 4659 Commentatio
2047 4602 2122 4659 de
2151 4601 2472 4676 Thespide,
2503 4601 2698 4676 primo
2729 4601 2888 4659 haud
2917 4601 3098 4659 dubie
3128 4601 3396 4659 cultioris
3426 4601 3771 4676 tragoediae
3802 4610 4060 4669 auctore,
4092 4603 4274 4659 Jenae
4311 4601 4485 4669 1754,

706 4697 768 4754 in
791 4698 848 4765 4,
875 4699 963 4755 M.
991 4698 1089 4755 41.

476 4890 655 4947 3211.
683 4890 913 4947 CRENII
935 4889 1223 4957 Thomae,
1250 4891 1344 4947 De
1369 4889 1600 4947 furibus
1626 4889 1899 4957 librariis,
1927 4889 2375 4947 dissertationes
2400 4898 2536 4957 tres,
2563 4890 2752 4964 Lugd.
2780 4891 2910 4947 Bat.
2946 4889 3121 4957 1716,
3147 4889 3209 4946 in
3240 4890 3330 4947 12.

706 4987 754 5042 E
784 4985 1083 5060 singolare
1111 4985 1461 5043 l’immensa
1486 4985 1694 5043 rivista
1721 4985 1883 5060 degli
1912 4985 2102 5043 autori
2130 4985 2293 5043 citati
2321 5004 2354 5043 e
2383 4985 2647 5043 accusati
2675 4985 2736 5043 di
2763 4985 2986 5060 plagio.
3020 4986 3097 5043 Se
3128 4985 3177 5043 si
3206 4986 3466 5043 dovesse
3492 4986 3638 5060 però
3667 4986 4012 5060 dall’epoca
4038 4985 4149 5043 che
4178 4985 4255 5043 ha
4283 4985 4485 5043 scritto

706 5080 749 5137 il
781 5080 1021 5148 Crenio,
1056 5080 1369 5138 continuar
1399 5081 1654 5138 l’esame
1686 5081 1844 5138 delle
1875 5080 2172 5138 immense
2204 5099 2386 5155 opere
2420 5089 2709 5155 stampate
2741 5080 2803 5137 in
2834 5080 3250 5155 quest’ultimo
3285 5081 3510 5148 secolo,
3544 5099 3667 5138 non
3696 5081 4120 5138 basterebbero
4154 5081 4297 5138 altre
4329 5080 4487 5138 dieci

707 5176 1140 5234 dissertazioni.

476 5369 655 5426 3212.
686 5369 931 5426 CUPERI
956 5368 1238 5436 Gisberti,
1268 5370 1666 5443 Harpocrates
1696 5368 1824 5426 sive
1851 5368 2175 5443 explicatio
2202 5368 2625 5443 imagunculae
2653 5377 2967 5443 argenteae
2995 5377 3105 5426 etc.
3136 5377 3246 5426 etc.
3277 5369 3553 5443 ejusdem
3578 5377 3970 5426 monumenta
3996 5368 4238 5443 antiqua
4263 5368 4488 5426 inedita

707 5473 817 5522 etc.
845 5464 1102 5522 Accedit
1127 5464 1412 5539 Stephani
1437 5465 1493 5522 le
1517 5464 1733 5522 Moine
1758 5464 2015 5539 epistola
2038 5465 2113 5522 de
2137 5464 2614 5539 Melanophoris,
2641 5465 2795 5539 Traj.
2825 5465 2899 5522 ad
2922 5464 3202 5522 Rhenum
3232 5464 3407 5532 1687,
3434 5464 3496 5521 in
3519 5465 3576 5532 4,
3604 5464 3880 5539 figurato.

706 5561 790 5617 Le
815 5559 1010 5634 figure
1037 5568 1247 5617 stanno
1273 5559 1607 5617 distribuite
1633 5559 1723 5617 fra
1745 5559 1788 5616 il
1812 5568 1983 5617 testo.

476 5752 655 5809 3213.
690 5753 934 5809 DIFESA
962 5770 1069 5826 per
1100 5752 1158 5809 la
1191 5751 1342 5809 serie
1375 5752 1470 5809 de’
1510 5751 1734 5809 Profeti
1767 5751 1828 5809 di
1860 5753 2057 5809 Roma
2088 5752 2186 5809 del
2217 5770 2274 5826 p.
2311 5751 2552 5809 Corsini
2585 5760 2793 5809 contro
2827 5752 2885 5809 la
2916 5770 3169 5809 censura
3200 5751 3403 5809 fattale
3436 5752 3595 5809 nelle
3628 5751 4040 5809 osservazioni
4075 5752 4166 5809 sul
4200 5751 4487 5809 Giornale

706 5847 943 5915 Pisano,
970 5848 1251 5922 Bologna
1281 5848 1456 5915 1772,
1483 5847 1545 5904 in
1568 5848 1625 5915 4,
1652 5849 1739 5905 M.
1768 5848 1865 5905 27.

709 5943 772 6001 Si
795 5943 1098 6018 riportano
1123 5952 1267 6001 tutte
1292 5944 1348 6001 le
1374 5962 1591 6001 accuse
1616 5952 1824 6001 contro
1849 5943 1892 6000 il
1917 5943 2180 6011 Corcini,
2208 5944 2264 6001 le
2289 5943 2451 6018 quali
2477 5962 2759 6018 vengono
2787 5943 3081 6011 smentite,
3109 5962 3146 6001 o
3172 5943 3366 6001 difese
3390 5943 3452 6000 in
3483 5944 3597 6000 142
3621 5943 3857 6018 pagine.

476 6135 655 6192 3214.
690 6136 921 6192 DOLCE
952 6153 1130 6192 mess.
1166 6134 1501 6202 Lodovico,
1535 6134 1799 6209 Dialogo
1831 6135 1929 6192 nel
1961 6135 2138 6209 quale
2172 6134 2221 6192 si
2251 6134 2501 6209 ragiona
2532 6135 2630 6192 del
2662 6135 2847 6192 modo
2880 6134 2941 6192 di
2974 6153 3316 6192 accrescere
3348 6153 3381 6192 e
3413 6153 3734 6192 conservar
3764 6135 3822 6192 la
3852 6134 4162 6202 memoria,
4196 6134 4483 6202 Venezia,

705 6249 812 6305 per
834 6230 877 6287 il
904 6231 1100 6298 Sessa,
1135 6230 1310 6298 1562,
1337 6230 1399 6287 in
1426 6231 1479 6298 8,
1507 6230 1611 6305 fig.

694 6326 958 6384 Libretto
1008 6326 1308 6401 singolare
1355 6345 1388 6384 e
1433 6326 1666 6401 ripieno
1715 6326 1776 6384 di
1823 6326 2017 6401 figure
2065 6326 2398 6384 frammiste
2446 6327 2501 6384 al
2548 6335 2720 6394 testo,
2770 6326 3076 6401 intagliate
3123 6326 3185 6383 in
3232 6327 3430 6401 legno.
3480 6309 3528 6383 É
3574 6326 3872 6384 intitolato
3921 6327 3976 6384 al
4022 6326 4365 6401 Magnifico
4413 6327 4489 6384 ed

706 6422 1229 6480 Eccellentissimo
1257 6422 1365 6497 sig.
1393 6422 1630 6497 Filippo
1655 6424 1846 6480 Terzo
1872 6423 1948 6480 ed
1972 6423 2005 6480 e
2030 6422 2120 6480 fra
2142 6422 2162 6479 i
2186 6441 2365 6480 meno
2391 6422 2637 6480 comuni
2662 6422 2940 6497 opuscoli
2965 6422 3026 6480 di
3051 6431 3263 6497 questo
3290 6431 3510 6480 autore.

2171 6657 2347 6694 WWW.
2358 6637 2734 6710 memofonte.
2748 6639 2791 6694 il
