4958 7017
1981 864 2366 922 Fondazione
2390 864 2775 922 Memofonte
2800 865 2976 922 onlus

1390 960 1600 1018 Studio
1624 979 1731 1035 per
1754 960 2226 1018 l’elaborazione
2250 960 2632 1018 informatica
2655 961 2813 1018 delle
2838 960 2991 1018 fonti
3018 960 3571 1018 storico—artistiche

700 1248 927 1319 Questa
953 1247 1221 1305 succinta
1244 1247 1620 1305 descrizione
1645 1247 1707 1305 fa
1729 1256 1894 1322 parte
1919 1248 2079 1305 della
2104 1247 2255 1305 serie
2280 1248 2375 1305 de’
2405 1247 2630 1322 piccoli
2656 1247 2845 1305 autori
2870 1248 3028 1305 delle
3052 1247 3486 1322 Repubbliche.

473 1440 655 1497 4140.
690 1441 923 1497 LANDE
953 1440 1108 1510 (La),
1143 1441 1399 1514 Voyage
1432 1440 1581 1497 d’un
1614 1439 1872 1497 francais
1906 1458 1981 1497 en
2012 1439 2180 1497 Italie
2214 1439 2322 1497 fait
2353 1440 2502 1497 dans
2536 1440 2623 1497 les
2658 1440 2879 1497 années
2920 1439 3073 1497 1765
3110 1448 3168 1497 et
3206 1439 3380 1507 1766,
3415 1439 3659 1507 Venise,
3695 1448 3753 1497 et
3786 1458 3849 1497 se
3882 1448 4014 1497 trou
4051 1441 4129 1514 [p.
4166 1439 4309 1509 262]
4348 1458 4422 1497 ve
4456 1440 4490 1497 à

698 1535 880 1603 Paris,
915 1535 1089 1603 1769,
1116 1535 1178 1592 in
1209 1536 1300 1603 12,
1327 1536 1446 1593 vol.
1478 1536 1531 1603 8,
1559 1554 1676 1593 con
1698 1554 1778 1593 un
1803 1536 2020 1593 atlante
2045 1535 2106 1593 di
2130 1536 2331 1593 tavole
2358 1535 2453 1593 35.

700 1632 1104 1706 Quest’opera
1128 1632 1161 1689 è
1189 1640 1337 1689 stata
1361 1640 1557 1689 estesa
1581 1632 1658 1689 da
1682 1650 1762 1689 un
1788 1650 1932 1706 gran
1957 1631 2360 1699 matematico,
2389 1650 2488 1689 ma
2512 1631 2773 1689 convien
2798 1631 2924 1689 dire
2950 1631 3061 1689 che
3086 1650 3208 1689 non
3236 1631 3285 1689 si
3311 1631 3478 1689 fosse
3503 1631 3989 1689 immedesimato
4016 1632 4483 1699 dell’esattezza,

699 1726 810 1784 che
835 1727 868 1784 e
893 1727 951 1784 la
972 1727 1118 1784 base
1143 1727 1238 1784 de’
1272 1727 1423 1801 studj
1453 1726 1837 1794 matematici,
1863 1726 2083 1801 poiché
2108 1727 2342 1801 l’opera
2363 1727 2485 1801 può
2512 1727 2587 1784 ad
2611 1726 2754 1801 ogni
2777 1726 2998 1801 pagina
3021 1726 3239 1794 citarsi,
3267 1745 3300 1784 e
3325 1726 3704 1784 convincersi
3730 1726 3791 1784 di
3816 1726 3990 1784 falso.

473 1919 655 1976 4141.
689 1920 928 1976 LANDO
956 1918 1256 1986 Ortensio,
1291 1918 1744 1976 Commentario
1776 1919 1934 1976 delle
1963 1918 2069 1993 più
2099 1918 2368 1986 notabili,
2402 1937 2435 1976 e
2466 1927 2805 1976 mostruose
2836 1937 2980 1976 cose
3012 1918 3266 1986 d’Italia,
3300 1919 3376 1976 ed
3407 1918 3538 1976 altri
3569 1918 3795 1993 luoghi,
3830 1918 3891 1976 di
3922 1918 4128 1993 lingua
4159 1937 4396 1976 aramea
4425 1918 4487 1975 in

698 2014 941 2072 italiana
977 2015 1233 2072 tradotto
1272 2015 1370 2072 nel
1409 2015 1585 2089 quale
1626 2014 1912 2089 s’impara
1949 2023 2007 2072 et
2042 2014 2322 2089 prendesi
2360 2014 2605 2072 istremo
2643 2014 2900 2089 piacere.
2942 2014 3022 2072 Vi
3063 2014 3112 2072 si
3151 2015 3184 2072 e
3220 2014 3325 2089 poi
3365 2014 3649 2089 aggiunto
3688 2033 3769 2072 un
3805 2015 3988 2072 breve
4027 2015 4304 2089 catalogo
4344 2014 4488 2072 delli

698 2110 995 2168 inventori
1021 2111 1179 2168 delle
1205 2129 1367 2178 cose,
1396 2110 1507 2168 che
1535 2110 1584 2168 si
1610 2110 1952 2185 mangiano,
1981 2119 2039 2168 et
2065 2110 2114 2168 si
2138 2111 2380 2168 bevono
2406 2119 2810 2168 nuovamente
2834 2110 3118 2168 ritrovato
3145 2119 3203 2168 et
3227 2111 3304 2168 da
3327 2112 3415 2168 M.
3443 2111 3772 2185 Anonymo
3799 2111 3876 2168 da
3899 2110 4124 2185 Utopia
4148 2119 4485 2185 composto,

706 2206 881 2274 1548,
907 2206 969 2263 in
996 2207 1049 2274 8,
1079 2225 1259 2264 senza
1282 2207 1484 2281 luogo.

700 2302 929 2373 Questo
967 2302 1000 2359 e
1036 2320 1116 2359 un
1152 2301 1388 2359 libretto
1428 2301 1728 2376 singolare
1766 2301 1967 2359 scritto
2004 2302 2081 2359 da
2117 2301 2398 2359 Ortensio
2435 2302 2644 2359 Lando
2681 2301 2792 2359 che
2827 2301 2890 2358 in
2926 2301 3051 2359 fine
3086 2320 3237 2376 pose
3271 2320 3378 2376 per
3413 2320 3799 2376 anagramma
3833 2302 4195 2369 Svisnetroh,
4239 2301 4480 2369 Sudnal,

696 2400 908 2465 Rotua,
945 2409 1031 2455 Ise
1058 2416 1165 2472 per
1190 2397 1316 2455 dire
1341 2400 1705 2455 Hortensius
1730 2398 1975 2455 Landus
2004 2409 2094 2455 est
2118 2409 2350 2455 auctor.
2384 2397 2631 2472 Sbagliò
2659 2397 2702 2454 il
2729 2397 3062 2465 Fontanini,
3093 2397 3205 2455 che
3233 2397 3351 2455 cita
3377 2398 3433 2455 le
3461 2398 3578 2455 due
3606 2397 3870 2455 edizioni
3898 2397 3959 2455 di
3987 2406 4199 2472 questo
4228 2397 4483 2465 libretto,

700 2512 734 2551 a
761 2494 1003 2551 credere
1032 2493 1143 2551 che
1172 2494 1374 2568 quella
1401 2494 1499 2551 del
1535 2493 1691 2551 1550
1723 2494 1778 2551 al
1809 2512 1996 2568 segno
2026 2494 2124 2551 del
2153 2495 2354 2551 Pozzo
2386 2502 2677 2568 stampata
2704 2493 2767 2550 in
2794 2493 3066 2551 Venezia
3094 2493 3261 2551 fosse
3290 2494 3348 2551 la
3374 2493 3568 2568 prima
3596 2493 3892 2561 edizione,
3924 2512 3957 2551 e
3987 2493 4195 2551 vedesi
4225 2493 4336 2551 che
4365 2512 4488 2551 non

699 2608 1043 2647 conosceva
1066 2598 1293 2664 questa,
1323 2598 1615 2664 stampata
1639 2598 2132 2647 accuratamente.

473 2782 655 2839 4142.
682 2783 862 2839 LILIO
882 2781 1167 2839 Zaccaria
1191 2781 1515 2849 vicentino,
1542 2783 1738 2839 Breve
1763 2781 2138 2839 descrizione
2163 2782 2261 2839 del
2285 2782 2531 2849 mondo,
2558 2782 2812 2839 tradotta
2832 2800 2939 2856 per
2961 2783 3294 2839 Francesco
3319 2781 3597 2849 Baldelli,
3624 2781 3911 2849 Venezia,
3940 2781 4189 2849 Giolito,
4224 2781 4399 2849 1551,
4426 2781 4488 2838 in

702 2877 754 2934 8.

698 2972 962 3030 Libretto
988 2973 1261 3047 elegante
1286 2991 1402 3030 ove
1426 2972 1691 3030 trovansi
1716 2973 1902 3030 molte
1926 2972 2149 3030 notizie
2174 2981 2416 3047 esposte
2442 2972 2598 3030 assai
2626 2972 3113 3030 succintamente.

473 3165 655 3222 4143.
683 3166 1072 3222 MANDRISIO
1091 3164 1370 3232 Niccolò,
1398 3164 1621 3239 Viaggi
1645 3183 1752 3239 per
1776 3164 2011 3232 l’Italia,
2039 3164 2303 3232 Francia,
2332 3183 2365 3222 e
2392 3164 2733 3232 Germania,
2762 3164 3026 3222 descritti
3051 3164 3114 3221 in
3139 3164 3296 3222 versi
3322 3183 3439 3222 con
3465 3164 3849 3222 annotazioni
3875 3164 4144 3239 copiose,
4173 3164 4403 3222 volumi
4429 3165 4485 3232 2,

698 3260 760 3317 in
787 3261 840 3328 8,
867 3260 1138 3318 Venezia
1168 3261 1342 3318 1718.

698 3356 961 3430 L’opera
984 3356 1017 3413 è
1040 3355 1220 3430 piena
1243 3355 1304 3413 di
1328 3355 1569 3423 notizie,
1597 3374 1630 3413 e
1654 3374 1776 3413 non
1800 3356 1833 3413 e
1860 3355 2254 3430 spregievole.
2283 3357 2369 3413 La
2392 3355 2598 3413 critica
2621 3364 2963 3413 veramente
2988 3374 3110 3413 non
3134 3356 3167 3413 e
3192 3356 3250 3413 la
3273 3355 3569 3430 migliore.

473 3548 655 3605 4144.
702 3549 947 3605 MILLIN
986 3548 1059 3605 A.
1108 3549 1194 3615 L.,
1241 3549 1497 3622 Voyage
1542 3548 1689 3605 dans
1735 3548 1791 3605 le
1835 3547 2141 3615 Milanais,
2188 3547 2518 3615 Plaisance,
2565 3549 2792 3615 Parme,
2839 3548 3127 3615 Modene,
3174 3549 3466 3605 Mantoue
3512 3556 3622 3605 etc.
3671 3556 3729 3605 et
3770 3548 3905 3622 plus
3952 3556 4144 3605 autres
4191 3547 4365 3605 villes
4411 3548 4486 3605 de

699 3643 1041 3701 l’ancienne
1066 3643 1446 3711 Lombardie,
1473 3643 1636 3701 Paris
1669 3644 1843 3711 1817,
1871 3644 1990 3701 vol.
2019 3644 2074 3711 2,
2101 3643 2163 3700 in
2190 3644 2242 3701 8.

473 3835 655 3893 4145.
682 3837 927 3893 MILLIN
946 3836 1019 3893 A.
1048 3837 1134 3903 L.,
1161 3837 1417 3910 Voyage
1442 3854 1517 3893 en
1543 3836 1783 3910 Savoje,
1811 3854 1886 3893 en
1909 3835 2200 3903 Piemont,
2229 3836 2263 3893 a
2285 3835 2457 3903 Nice,
2486 3844 2544 3893 et
2568 3836 2602 3893 a
2626 3836 2846 3903 Genes,
2873 3835 3036 3893 Paris
3069 3835 3244 3903 1816,
3272 3836 3391 3893 vol.
3419 3836 3475 3903 2,
3501 3835 3563 3892 in
3590 3836 3642 3893 8.

698 3930 1154 4005 L’impazienza
1185 3930 1246 3988 di
1279 3939 1491 4005 questo
1525 3931 1692 3988 dotto
1726 3930 2096 4005 viaggiatore
2129 3930 2190 3988 di
2223 3931 2363 3988 dare
2394 3930 2456 3987 in
2486 3931 2669 3988 breve
2701 3939 2905 4005 tempo
2938 3930 2958 3987 i
2991 3930 3126 3988 libri
3160 3949 3194 3988 a
3227 3939 3457 4005 stampa
3487 3949 3609 3988 non
3642 3930 3726 4005 gli
3757 3930 4018 4005 permise
4051 3930 4112 3988 di
4145 3930 4401 3988 cribrare
4433 3931 4488 3988 le

698 4026 944 4084 materie
969 4045 1002 4084 e
1027 4027 1083 4084 le
1107 4026 1441 4094 tradizioni,
1469 4045 1568 4084 ma
1590 4026 1957 4084 incontransi
1982 4027 2168 4084 molte
2193 4026 2402 4084 ottime
2426 4026 2650 4084 notizie
2674 4026 2851 4084 miste
2877 4045 2911 4084 a
2933 4045 3055 4084 non
3077 4026 3274 4101 poche
3298 4026 3677 4084 inesattezze.

473 4218 655 4276 4146.
695 4219 1206 4276 OBSERVATIONS
1242 4237 1339 4276 sur
1373 4218 1610 4286 l’Italie,
1649 4227 1707 4276 et
1743 4237 1847 4276 sue
1883 4219 1970 4276 les
2006 4218 2242 4276 italiens
2279 4219 2401 4276 don
2441 4220 2519 4293 [p.
2559 4218 2702 4288 263]
2743 4219 2855 4276 nee
2891 4237 2966 4276 en
3008 4218 3163 4276 1764
3202 4237 3342 4276 sous
3379 4219 3466 4276 les
3502 4237 3677 4276 noms
3714 4219 3789 4276 de
3825 4219 3983 4276 deux
4019 4218 4485 4293 gentilhommes

701 4314 961 4372 svédois.
989 4316 1100 4372 Par
1123 4315 1379 4372 l’auteur
1402 4315 1482 4372 du
1506 4314 1655 4372 livre
1679 4314 1911 4372 intitule
1933 4315 2223 4382 Londres,
2251 4315 2638 4372 Amsterdam
2667 4315 2843 4382 1774,
2871 4315 2990 4372 vol.
3018 4315 3074 4382 4,
3101 4314 3163 4371 in
3194 4315 3284 4372 12.

473 4506 655 4563 4147.
686 4506 977 4563 ORTELIO
999 4505 1365 4573 Abrahamo,
1394 4505 1650 4563 Theatro
1678 4506 1776 4563 del
1802 4506 2028 4563 mondo
2056 4506 2133 4563 da
2158 4505 2241 4563 lui
2266 4524 2426 4580 poco
2453 4505 2693 4563 innanzi
2720 4506 2778 4563 la
2805 4524 2912 4563 sua
2937 4514 3127 4563 morte
3152 4505 3446 4573 riveduto,
3476 4524 3509 4563 e
3536 4505 3597 4563 di
3623 4506 3823 4563 tavole
3849 4524 4048 4563 nuove
4075 4514 4133 4563 et
4158 4505 4487 4563 commenti

700 4602 926 4659 adorno
956 4610 1014 4659 et
1042 4601 1355 4659 arricchito
1385 4620 1502 4659 con
1530 4602 1588 4659 la
1615 4601 1738 4659 vita
1765 4602 2139 4669 dell’autore,
2170 4602 2411 4659 traslato
2440 4601 2502 4658 in
2530 4601 2738 4676 lingua
2764 4610 3012 4659 toscana
3039 4602 3137 4659 dal
3168 4601 3372 4676 signor
3398 4601 3635 4676 Filippo
3664 4601 3974 4676 Pigafetta,
4006 4602 4297 4669 Anversa,
4329 4602 4489 4659 nella

698 4697 1087 4765 Plantiniana,
1122 4697 1297 4765 1612,
1324 4697 1386 4754 in
1410 4697 1537 4765 fol.,
1565 4697 1669 4772 fig.

697 4829 780 4833 —
802 4793 1196 4868 Aggiuntovi:
1225 4794 1273 4850 Il
1297 4794 1713 4851 nomenclator
1734 4793 2152 4868 ptolemaicus,
2179 4793 2564 4868 Antuerpiae,
2591 4793 2749 4868 typis
2774 4793 3021 4851 Roberti
3045 4795 3341 4861 Bruneau,
3376 4793 3550 4852 1609.

699 4889 1145 4964 Copiosissima
1185 4889 1523 4947 collezione
1565 4908 1682 4947 con
1724 4890 1839 4947 231
1886 4890 2103 4947 tavole.
2150 4890 2377 4961 Questa
2417 4890 2494 4947 da
2533 4889 2636 4947 noi
2679 4889 2728 4947 si
2768 4889 2978 4947 ritiene
3018 4908 3125 4964 per
3165 4890 3223 4947 la
3261 4889 3366 4964 più
3407 4890 3710 4964 completa
3750 4908 3783 4947 e
3824 4889 4067 4964 miglior
4107 4889 4385 4947 edizione
4427 4889 4488 4947 di

699 4986 1101 5060 quest’opera.
1129 4985 1480 5043 Bellissimo
1506 4986 1858 5060 esemplare.

473 5177 655 5234 4148.
707 5177 954 5248 QUADO
995 5176 1283 5234 Matthias
1334 5177 1615 5251 sculptor,
1664 5176 1843 5234 Liber
1889 5176 2117 5251 aliquot
2162 5176 2443 5234 itinerum
2488 5177 2799 5251 Augustae
2845 5176 3307 5234 Vindelicorum
3353 5176 3806 5251 egredientium,
3856 5176 4130 5244 Ursellis,
4187 5176 4362 5244 1602,
4412 5195 4487 5234 ex

699 5272 955 5330 officina
979 5272 1247 5330 Cornelii
1274 5272 1513 5340 Sutorii,
1540 5272 1602 5329 in
1625 5273 1663 5329 4
1690 5273 1832 5340 obl.,
1860 5272 1964 5347 fig.

700 5369 929 5440 Questo
956 5368 1109 5426 libro
1136 5369 1169 5426 e
1196 5377 1670 5443 accompagnato
1697 5369 1855 5426 dalle
1881 5377 2039 5426 carte
2065 5368 2471 5443 geografiche,
2500 5369 2576 5426 ed
2600 5368 2643 5425 il
2668 5377 2820 5426 testo
2847 5369 2880 5426 e
2905 5368 3201 5443 impresso
3228 5387 3345 5426 con
3368 5368 3689 5426 bellissimi
3716 5368 4003 5426 caratteri:
4034 5369 4288 5426 l’autore
4312 5387 4486 5443 prese

698 5465 884 5522 molte
908 5464 1155 5522 nozioni
1180 5465 1257 5522 da
1279 5464 1521 5522 Biondo
1546 5464 1773 5522 Flavio.
1801 5466 1942 5522 Non
1966 5465 1999 5522 e
2024 5464 2177 5522 libro
2203 5483 2478 5522 comune.

473 5656 655 5714 4149.
688 5656 950 5713 SCOTTO
972 5656 1232 5723 Andrea,
1262 5655 1587 5723 Itinerario,
1618 5674 1844 5713 ovvero
1872 5674 2073 5713 nuova
2099 5655 2474 5713 descrizione
2502 5655 2600 5713 dei
2628 5655 2831 5730 viaggi
2857 5655 3174 5730 principali
3202 5655 3456 5723 d’Italia,
3486 5656 3742 5713 tradotto
3770 5656 3868 5713 dal
3896 5655 4080 5713 latino
4110 5655 4483 5723 all’italiano,

698 5751 985 5819 Venezia,
1011 5770 1118 5826 per
1140 5753 1473 5809 Francesco
1498 5752 1791 5819 Bolzetta,
1826 5751 2000 5819 1670,
2027 5751 2089 5808 in
2116 5752 2168 5809 8.

700 5848 927 5919 Questa
960 5848 993 5905 e
1028 5848 1086 5905 la
1117 5847 1404 5922 ristampa
1437 5848 1736 5905 dell’altra
1769 5847 2047 5905 edizione
2082 5848 2180 5905 del
2222 5847 2396 5915 1659,
2433 5847 2495 5904 in
2529 5847 2626 5905 cui
2661 5848 2916 5905 l’autore
2950 5866 3072 5905 non
3104 5847 3209 5922 più
3242 5849 3595 5915 Francesco,
3633 5866 3732 5905 ma
3766 5847 4122 5905 chiamatosi
4157 5848 4416 5915 Andrea,
4454 5848 4487 5905 e

697 5944 843 6018 però
869 5944 929 6001 lo
957 5952 1166 6001 stesso.

473 6134 655 6192 4150.
690 6135 927 6192 SCOTTI
949 6134 1269 6202 Francisci,
1300 6134 1641 6192 Itinerariae
1669 6134 1874 6192 Italiae
1901 6153 2218 6209 rerumque
2245 6153 2630 6192 romanarum
2657 6134 2792 6192 libri
2820 6143 2955 6202 tres,
2987 6134 3372 6209 Antuerpiae,
3404 6153 3479 6192 ex
3508 6134 3764 6192 officina
3790 6134 4180 6202 Plantiniana,
4219 6134 4394 6202 1600,
4425 6134 4487 6191 in

706 6231 796 6288 12.

473 6422 655 6480 4151.
690 6423 952 6480 SCOTTO
976 6424 1328 6490 Francesco,
1360 6422 1686 6490 Itinerario,
1719 6441 1945 6480 ovvero
1976 6422 2351 6480 descrizione
2381 6422 2479 6480 dei
2508 6422 2711 6497 viaggi
2739 6422 3056 6497 principali
3086 6422 3340 6490 d’Italia,
3372 6423 3617 6480 Padova
3652 6422 3827 6490 1659,
3858 6422 3920 6479 in
3952 6423 4005 6490 8,
4038 6422 4164 6497 fig.,
4197 6422 4395 6480 diviso
4425 6422 4487 6479 in

2171 6657 2347 6694 WWW.
2358 6637 2734 6710 memofonte.
2748 6639 2791 6694 il
