4958 7017
1981 864 2366 922 Fondazione
2390 838 2775 922 Memofonte
2800 865 2976 922 onlus

1390 960 1600 1018 Studio
1624 979 1731 1035 per
1754 960 2226 1018 l’elaborazione
2250 960 2632 1018 informatica
2655 961 2813 1018 delle
2838 960 2991 1018 fonti
3018 960 3571 1018 storico—artistiche

476 1344 655 1401 3227.
684 1344 1074 1401 GCHROTERI
1095 1343 1328 1401 Ernesti
1352 1343 1528 1411 Frid.,
1555 1345 1649 1401 De
1673 1343 1918 1411 Lamiis,
1946 1343 2284 1401 dissertatio
2302 1343 2579 1418 juridica,
2606 1345 2788 1401 Jenae
2820 1343 2994 1411 1670,
3021 1343 3083 1400 in
3106 1344 3163 1411 4,
3190 1345 3278 1401 M.
3307 1343 3403 1401 64.

715 1441 801 1497 La
832 1439 1179 1514 singolarità
1208 1439 1269 1497 di
1301 1439 1499 1497 alcuni
1530 1439 1809 1514 opuscoli
1840 1458 1873 1497 e
1903 1439 1946 1496 il
1975 1439 2245 1497 bizzarro
2277 1458 2494 1514 genere
2525 1439 2586 1497 di
2617 1439 2963 1497 erudizione
2994 1439 3105 1497 che
3136 1448 3519 1514 contengono
3551 1439 3607 1497 ci
3637 1439 3714 1497 ha
3746 1458 3956 1514 spesso
3988 1439 4381 1497 determinato
4414 1440 4489 1497 ad

708 1535 1054 1610 accoglierli
1078 1535 1140 1592 in
1164 1544 1375 1610 questa
1398 1535 1755 1603 collezione,
1785 1536 2047 1593 sebbene
2070 1554 2177 1610 per
2199 1535 2242 1592 il
2267 1536 2397 1593 loro
2421 1535 2593 1593 titolo
2618 1554 2740 1593 non
2766 1535 2986 1593 sembri
3012 1554 3046 1593 a
3067 1535 3261 1610 prima
3285 1535 3440 1593 vista
3463 1535 3574 1593 che
3597 1554 3863 1610 possano
3890 1535 4318 1610 appartenervi.

476 1727 655 1784 3228.
689 1727 971 1784 GEORGII
998 1726 1327 1794 Dominici,
1359 1726 1769 1801 Interpretatio
1800 1726 2016 1784 veteris
2047 1726 2422 1784 monumenti
2451 1726 2514 1783 in
2544 1745 2686 1801 agro
2717 1726 3031 1784 Lanuvino
3062 1726 3280 1784 detecti
3310 1735 3368 1784 et
3395 1726 3458 1783 in
3489 1727 3668 1784 aedes
3699 1726 4073 1801 Capitolinas
4103 1745 4292 1801 nuper
4319 1726 4487 1784 inlati

706 1822 768 1879 in
792 1841 910 1897 qua
933 1822 1178 1897 effigies
1204 1822 1537 1897 Archigalli
1562 1822 1862 1880 Autistitis
1888 1841 2143 1897 magnae
2167 1824 2370 1880 Deum
2392 1822 2605 1880 Matris
2631 1822 2997 1897 exprimitur,
3024 1824 3257 1880 Romae
3289 1823 3464 1890 1737,
3491 1822 3553 1879 in
3576 1823 3633 1890 4,
3661 1822 3787 1897 fig.,
3814 1824 3902 1880 M.
3938 1823 4009 1881 19
4036 1841 4069 1880 e
4094 1823 4190 1880 71.

712 1919 847 1976 Con
871 1919 929 1976 la
951 1919 1154 1976 tavola
1177 1919 1275 1976 del
1300 1927 1710 1976 monumento.

476 2111 655 2169 3229.
684 2111 965 2168 GEORGII
987 2110 1317 2178 Dominici,
1344 2112 1438 2168 De
1463 2119 1982 2185 monogrammate
2007 2110 2230 2168 Christi
2254 2110 2524 2178 Domini,
2552 2110 2908 2178 dissertatio,
2935 2112 3167 2168 Romae
3199 2111 3374 2178 1738,
3401 2110 3463 2167 in
3486 2111 3543 2178 4,
3570 2112 3658 2168 M.
3687 2111 3742 2169 9.

721 2207 983 2281 Oggetto
1018 2206 1317 2281 singolare
1349 2206 1410 2264 di
1442 2215 1652 2281 questa
1682 2206 1976 2264 memoria
2006 2207 2039 2264 e
2070 2206 2113 2263 il
2145 2206 2465 2264 vendicare
2496 2206 2516 2263 i
2548 2206 2922 2264 monumenti
2955 2206 3177 2264 antichi
3209 2206 3307 2264 dei
3339 2206 3621 2274 cristiani,
3656 2206 4045 2264 dissotterrati
4076 2207 4172 2264 ne’
4211 2206 4484 2274 cimiteri,

707 2302 865 2359 dalle
889 2301 1371 2376 interpretazioni
1396 2301 1457 2359 di
1481 2301 1806 2376 Basnagio.

476 2494 655 2551 3230.
689 2494 1163 2551 GIAMBULLARI
1189 2493 1323 2551 Pier
1349 2495 1702 2561 Francesco,
1733 2494 1850 2551 Del
1882 2493 1995 2551 sito
2026 2493 2222 2551 forma
2250 2512 2283 2551 e
2312 2493 2538 2551 misura
2565 2493 2957 2551 dell’Inferno
2987 2493 3048 2551 di
3077 2495 3291 2561 Dante,
3322 2493 3587 2561 Firenze,
3617 2512 3724 2568 per
3750 2493 3895 2551 Neri
3923 2494 4271 2561 Dortellata,
4310 2493 4485 2561 1544,

706 2589 768 2646 in
795 2590 847 2647 8.

702 2687 769 2742 In
801 2685 1099 2760 principio
1135 2704 1168 2743 e
1203 2685 1265 2742 in
1300 2685 1425 2743 fine
1460 2686 1493 2743 e
1529 2686 1717 2743 l’arca
1750 2685 1811 2743 di
1845 2686 1981 2743 Noè
2016 2686 2114 2743 col
2149 2694 2339 2743 motto
2375 2685 2436 2743 di
2470 2687 2666 2743 Dante
2701 2704 2734 2743 e
2775 2687 2853 2760 [p.
2899 2685 3036 2755 115]
3077 2685 3453 2760 l’ortografia
3484 2704 3591 2760 per
3624 2686 3682 2743 la
3713 2685 4047 2760 pronuncia
4080 2686 4113 2743 è
4148 2694 4392 2760 esposta
4424 2685 4487 2742 in

707 2790 919 2856 questo
945 2781 1185 2839 curioso
1211 2781 1447 2839 libretto
1473 2782 1852 2856 egualmente
1878 2800 1912 2839 a
1935 2782 2136 2856 quella
2159 2782 2257 2839 del
2282 2781 2545 2839 Convito
2571 2781 2632 2839 di
2656 2782 2920 2839 Platone.
2948 2782 3101 2839 Ved.
3129 2784 3343 2839 Ficino
3366 2781 3668 2839 Marsilio.

476 2973 655 3030 3231.
689 2973 1046 3040 GOURNAY,
1078 2972 1310 3047 Egalité
1340 2973 1446 3030 des
1477 2972 1754 3030 hommes
1785 2981 1843 3030 et
1871 2973 1977 3030 des
2009 2972 2285 3030 femmes.
2318 2972 2541 3030 Vedilo
2573 2972 2932 3030 all’articolo
2961 2972 3203 3030 Poullet
3230 2972 3320 3030 fra
3348 2973 3404 3030 le
3434 2973 3840 3030 Costumanze
3871 2972 4107 3030 antiche
4137 2991 4170 3030 e
4200 2973 4487 3030 moderne

707 3087 824 3126 con
848 3068 945 3126 cui
970 3069 1003 3126 e
1028 3069 1245 3143 legato.

476 3261 655 3318 3232.
693 3261 1030 3318 GRONOVII
1061 3260 1345 3318 Friderici
1378 3260 1441 3317 in
1476 3260 1704 3335 aliquot
1736 3260 1921 3318 libros
1956 3261 2024 3318 C.
2061 3260 2238 3317 Plinii
2275 3260 2524 3318 secundi
2557 3269 2734 3318 notae
2769 3261 2844 3318 ad
2877 3260 3073 3318 virum
3104 3260 3313 3318 illustr.
3350 3262 3644 3318 Joannem
3677 3261 4069 3335 Capelanum,
4106 3261 4296 3335 Lugd.
4333 3262 4485 3328 Bat,

707 3355 993 3423 Hackius,
1028 3355 1203 3423 1669,
1230 3355 1292 3412 in
1319 3356 1372 3423 8,
1399 3357 1487 3413 M.
1517 3355 1612 3413 66.

711 3452 886 3509 Bella
909 3452 985 3509 ed
1010 3460 1284 3509 accurata
1307 3451 1585 3509 edizione
1612 3460 1903 3526 stampata
1925 3451 1987 3508 in
2011 3452 2288 3509 colonna.

476 3644 655 3701 3233.
684 3644 955 3701 GROPPO
978 3643 1265 3711 Antonio,
1292 3643 1728 3701 Dissertazioni
1753 3643 1915 3701 varie
1939 3643 2002 3700 in
2026 3643 2273 3701 materia
2296 3643 2651 3701 d’antichità
2674 3662 2707 3701 e
2732 3643 2793 3701 di
2817 3643 3003 3711 teatri,
3030 3643 3301 3701 Venezia
3331 3643 3506 3711 1769,
3532 3643 3594 3700 in
3617 3644 3673 3701 4.

476 3836 655 3893 3234.
699 3836 1073 3893 GUARNIERI
1111 3835 1319 3893 Ottoni
1358 3835 1627 3903 Aurelio,
1668 3835 2118 3893 Dissertazione
2156 3835 2393 3893 intorno
2434 3836 2489 3893 al
2529 3854 2705 3893 corso
2745 3835 3094 3893 dell’antica
3132 3835 3231 3893 via
3268 3835 3526 3893 Claudia
3563 3836 3723 3893 dalla
3760 3835 3901 3893 città
3938 3835 4216 3893 d’Altino
4258 3835 4390 3893 sino
4431 3836 4486 3893 al

706 3930 1008 3998 Danubio,
1035 3932 1308 3988 Bassano
1341 3931 1516 3998 1789,
1543 3930 1605 3987 in
1628 3931 1685 3998 4,
1712 3930 1839 4005 fig.,
1866 3932 1954 3988 M.
1983 3931 2038 3989 9.

717 4027 918 4101 Opera
939 4035 1220 4101 postuma
1243 4045 1360 4084 con
1384 4027 1500 4084 due
1526 4026 1734 4101 grandi
1759 4027 1959 4084 tavole
1984 4045 2017 4084 e
2040 4026 2220 4101 piena
2243 4026 2304 4084 di
2329 4026 2633 4084 laboriosa
2656 4026 3020 4084 erudizione.

476 4218 655 4276 3235.
699 4219 1073 4276 GUARNIERI
1111 4218 1318 4276 Ottoni
1358 4218 1627 4286 Aurelio,
1668 4218 2118 4276 Dissertazione
2157 4218 2477 4293 epistolare
2519 4237 2696 4293 sopra
2732 4218 3040 4276 un’antica
3078 4237 3177 4276 ara
3214 4237 3551 4276 marmorea
3588 4218 3870 4276 esistente
3909 4219 4007 4276 nel
4045 4220 4268 4276 Museo
4307 4218 4484 4286 Nani,

706 4314 977 4372 Venezia
1007 4314 1182 4382 1785,
1209 4314 1271 4371 in
1294 4315 1351 4382 4,
1379 4314 1505 4389 fig.,
1532 4316 1620 4372 M.
1649 4315 1705 4382 2,
1733 4315 1830 4372 78.

706 4410 1105 4468 L’iscrizione
1130 4411 1163 4468 è
1187 4410 1495 4485 intagliata
1517 4410 1580 4467 in
1604 4429 1684 4468 un
1709 4410 1902 4485 foglio
1929 4410 2210 4468 atlantico
2236 4411 2396 4468 della
2419 4411 2755 4485 grandezza
2778 4411 2876 4468 del
2900 4429 3131 4468 marmo
3157 4410 3466 4485 originale.

476 4601 655 4659 3236.
684 4602 999 4659 GUASCUS
1025 4601 1377 4659 Franciscus
1402 4601 1727 4676 Eugenius,
1754 4601 2083 4659 Vernasiae
2108 4601 2483 4669 cinerarium,
2511 4603 2743 4659 Romae
2775 4602 2950 4669 1773,
2977 4601 3039 4658 in
3063 4601 3190 4669 fol.,
3217 4603 3305 4659 M.
3337 4602 3431 4659 82.

707 4698 842 4755 Con
865 4706 950 4755 tre
974 4698 1174 4755 tavole
1198 4697 1505 4772 intagliate
1529 4697 1592 4754 in
1614 4716 1795 4755 rame.

476 4890 655 4947 3237.
711 4890 1044 4947 GUAZZESI
1094 4891 1386 4957 Lorenzo,
1440 4889 1876 4947 Dissertazioni
1927 4891 2002 4957 V,
2056 4889 2194 4947 Pisa
2251 4889 2426 4957 1761,
2479 4889 2541 4946 in
2591 4890 2648 4957 4,
2705 4889 2860 4964 sugli
2913 4889 3208 4947 anfiteatri
3260 4890 3420 4947 della
3470 4891 3762 4957 Toscana,
3816 4889 4052 4947 intorno
4106 4889 4304 4947 alcuni
4357 4889 4487 4947 fatti

707 4985 1095 5053 d’Annibale,
1124 4985 1361 5043 intorno
1389 4986 1447 5043 la
1473 5004 1683 5060 guerra
1710 4985 1947 5043 Gallica
1972 4985 2285 5060 Cisalpina
2310 4986 2518 5043 l’anno
2546 4985 2607 5043 di
2633 4987 2831 5043 Roma
2857 4985 2996 5053 529,
3025 4985 3261 5043 intorno
3289 4986 3347 5043 la
3372 4985 3615 5043 disfatta
3641 5004 3674 5043 e
3701 4994 3891 5043 morte
3919 4985 3980 5043 di
4006 4985 4221 5053 Totila,
4250 4985 4486 5043 intorno

708 5081 825 5138 alla
848 5080 947 5138 via
970 5080 1185 5138 Cassia
1208 5081 1285 5138 da
1308 5080 1521 5138 Chiusi
1547 5099 1581 5138 a
1603 5080 1868 5148 Firenze,
1895 5082 1983 5138 M.
2014 5081 2109 5138 32.

476 5273 655 5330 3238.
688 5273 1021 5330 GUAZZESI
1048 5274 1340 5340 Lorenzo,
1371 5274 1606 5330 Lettera
1634 5273 1689 5330 al
1716 5291 1773 5347 p.
1805 5272 2175 5330 Bernardino
2204 5272 2468 5330 Vestrini
2500 5273 2590 5330 sul
2619 5273 2804 5347 luogo
2834 5273 2994 5330 della
3023 5272 3305 5330 sconfitta
3332 5291 3365 5330 e
3394 5281 3586 5330 morte
3615 5272 3676 5330 di
3703 5272 3918 5340 Totila,
3949 5273 4185 5330 Arezzo
4222 5272 4396 5340 1755,
4427 5272 4489 5329 in

706 5369 763 5436 4,
790 5370 878 5426 M.
909 5369 1003 5426 32.

476 5560 655 5618 3239.
693 5561 1189 5617 HAGENBUCHIO
1224 5560 1516 5634 Gaspero,
1553 5561 1647 5617 De
1682 5559 1908 5634 diptico
1943 5559 2229 5617 Brixiano
2264 5559 2506 5617 Boethii
2541 5559 2827 5627 consulis,
2865 5559 3267 5634 epigraphica,
3305 5578 3446 5617 cum
3481 5559 3682 5617 aeneis
3717 5559 3954 5627 tabulis,
3991 5559 4174 5617 Tirici
4216 5560 4390 5627 1749,
4426 5559 4488 5616 in

707 5655 834 5723 fol.,
862 5655 967 5730 fig.

722 5751 951 5809 Sonovi
976 5752 1092 5809 due
1118 5770 1262 5826 gran
1285 5752 1486 5809 tavole
1511 5752 1660 5809 oltre
1684 5751 1727 5808 il
1750 5751 1974 5809 ritratto
2000 5752 2098 5809 del
2123 5751 2424 5809 cardinale
2448 5752 2546 5809 nel
2571 5751 2982 5826 frontespizio.

476 5944 655 6001 3240.
696 5945 968 6001 HEEREN
1002 5944 1294 6011 Arnoldo,
1333 5943 1649 6018 Expositio
1687 5943 2006 6018 fragmenti
2042 5944 2280 6001 tabulae
2317 5962 2445 6001 mar
2486 5945 2564 6018 [p.
2612 5943 2748 6013 116]
2790 5962 2994 6001 morae
3031 5943 3313 6018 operibus
3351 5943 3596 6001 caelatis
3634 5952 3692 6001 et
3726 5943 4217 6018 inscriptionibus
4256 5943 4486 6018 graecis

707 6048 948 6097 ornatae
972 6039 1176 6097 Musei
1200 6039 1489 6114 Borgiani
1513 6039 1778 6107 Velitris,
1805 6041 2037 6097 Romae
2069 6039 2244 6107 1786,
2271 6039 2333 6096 in
2356 6040 2413 6107 4,
2441 6039 2567 6114 fig.,
2594 6041 2682 6097 M.
2711 6040 2808 6097 27.

703 6135 838 6192 Con
861 6153 980 6192 una
1002 6135 1205 6192 tavola
1227 6134 1289 6191 in
1311 6153 1476 6192 rame
1501 6134 1967 6209 elegantissima.

476 6327 655 6384 3241.
683 6328 972 6394 HEEREN,
1000 6326 1447 6384 Commentatio
1472 6326 1535 6383 in
1559 6345 1711 6401 opus
1737 6327 2036 6384 caelatum
2059 6326 2371 6401 antiquum
2393 6326 2599 6384 Musei
2623 6326 2713 6383 Pii
2738 6326 3121 6394 Clementini,
3149 6328 3381 6384 Romae
3413 6326 3588 6394 1786,
3615 6326 3677 6383 in
3704 6327 3756 6384 8.

706 6424 890 6480 Dotta
917 6422 1210 6480 memoria
1240 6431 1531 6497 stampata
1558 6441 1676 6480 con
1704 6423 1992 6497 eleganza
2019 6441 2052 6480 e
2080 6422 2375 6480 intitolata
2403 6423 2458 6480 al
2487 6422 2830 6480 dottissimo
2860 6422 3161 6480 cardinale
3191 6422 3477 6497 Garampi
3506 6441 3624 6480 con
3652 6423 3710 6480 la
3737 6423 3939 6480 tavola
3966 6423 4064 6480 del
4093 6431 4486 6480 monumento

2171 6657 2347 6694 WWW.
2358 6637 2734 6710 memofonte.
2748 6639 2766 6694 i
2770 6648 2791 6694 t
