4958 7017
1981 864 2366 922 Fondazione
2390 864 2775 922 Memofonte
2800 865 2976 922 onlus

1390 960 1600 1018 Studio
1624 979 1731 1035 per
1754 960 2226 1018 l’elaborazione
2250 960 2632 1018 informatica
2655 961 2813 1018 delle
2838 960 2991 1018 fonti
3018 960 3571 1018 storico—artistiche

700 1248 858 1322 apud
881 1247 1213 1322 Josephum
1235 1248 1310 1305 de
1334 1247 1580 1315 Rubeis,
1615 1247 1790 1315 1618,
1817 1247 1879 1304 in
1903 1256 2129 1322 quarto.

699 1343 1055 1401 Collezione
1080 1343 1141 1401 di
1173 1344 1287 1401 174
1315 1352 1544 1418 stampe
1569 1343 1865 1401 delineate
1890 1362 1923 1401 e
1947 1343 2138 1401 incise
2163 1344 2240 1401 da
2264 1343 2568 1401 Giovanni
2592 1343 2847 1418 Maggio
2871 1362 3141 1401 romano.

476 1535 655 1594 3769.
682 1537 1125 1603 MANAZZALE,
1152 1537 1385 1593 Romae
1410 1544 1468 1593 et
1493 1554 1587 1593 ses
1613 1535 1913 1593 environs.
1941 1535 2229 1593 Dérniere
2254 1535 2499 1603 édition,
2527 1537 2722 1593 Rome
2754 1536 2929 1603 1803,
2957 1536 2994 1592 2
3020 1536 3139 1593 vol.
3168 1554 3243 1593 en
3266 1554 3363 1603 un,
3391 1535 3496 1610 fig.

698 1633 782 1689 Le
809 1632 1010 1689 tavole
1040 1650 1190 1689 sono
1219 1631 1488 1706 eseguite
1515 1640 1730 1706 troppo
1758 1631 1820 1688 in
1847 1632 2070 1706 grande
2097 1631 2159 1688 in
2184 1631 2586 1706 proporzione
2614 1632 2774 1689 della
2800 1631 2996 1689 forma
3022 1632 3120 1689 del
3148 1631 3320 1699 libro,
3351 1650 3384 1689 e
3412 1650 3529 1689 con
3554 1650 3714 1706 poco
3741 1632 3906 1689 buon
3933 1632 4136 1706 garbo.
4167 1633 4253 1689 La
4280 1631 4463 1706 guida
4489 1632 4522 1689 e

697 1727 843 1801 però
869 1727 1027 1784 delle
1051 1726 1315 1801 migliori
1340 1726 1430 1784 fra
1453 1727 1509 1784 le
1533 1726 1760 1784 ultime.

476 1919 655 1976 3770.
678 1920 1104 1976 MANAZZALE
1128 1919 1387 1986 Andrea,
1414 1918 1679 1993 Viaggio
1705 1919 1782 1976 da
1804 1920 2001 1976 Roma
2025 1937 2059 1976 a
2081 1918 2300 1986 Tivoli,
2328 1919 2488 1976 colla
2511 1918 2656 1976 villa
2679 1918 2961 1986 Adriana,
2989 1937 3022 1976 e
3047 1919 3248 1993 quella
3271 1918 3332 1976 di
3358 1918 3599 1986 Orazio,
3626 1920 3823 1976 Roma
3853 1919 4028 1986 1790,
4055 1918 4117 1975 in
4144 1919 4196 1976 8.

476 2111 655 2168 3771.
682 2112 1043 2168 MANFREDI
1066 2110 1393 2168 Gabriello.
1421 2110 1581 2168 Vedi
1603 2110 1898 2168 Raccolta
1922 2111 1985 2168 di
2008 2113 2273 2168 scrittori
2296 2110 2454 2168 sulla
2481 2110 2704 2184 cupola
2728 2111 2791 2168 di
2815 2112 2866 2168 S.
2897 2113 3120 2168 Pietro.

476 2302 655 2359 3772.
682 2303 975 2359 MANILLI
997 2303 1267 2369 Jacomo,
1294 2301 1459 2359 Villa
1482 2301 1793 2376 Borghese
1818 2301 1976 2359 fuori
2001 2301 2062 2359 di
2085 2310 2257 2376 porta
2279 2301 2563 2359 Pinciana
2586 2301 2882 2369 descritta,
2909 2303 3107 2359 Roma
3137 2301 3312 2369 1650,
3339 2301 3401 2358 in
3428 2302 3480 2359 8.

700 2398 929 2469 Questo
954 2397 1196 2455 Manilli
1221 2416 1321 2455 era
1343 2397 1386 2454 il
1412 2398 1804 2455 Guardaroba
1827 2398 1925 2455 del
1947 2398 2218 2472 palazzo,
2246 2416 2279 2455 e
2306 2397 2575 2455 s’avvisò
2601 2397 2662 2455 di
2689 2397 2946 2455 scrivere
2971 2406 3181 2472 questa
3204 2397 3580 2455 descrizione
3603 2397 3891 2472 piuttosto
3915 2397 4374 2472 poeticamente.

476 2590 655 2647 3773.
685 2591 1061 2647 MANNUCCI
1085 2589 1271 2657 Pauli,
1301 2589 1744 2664 Antiquitatum
1767 2608 2151 2647 romanarum
2177 2589 2328 2647 liber
2359 2591 2437 2664 [p.
2476 2590 2612 2659 199]
2645 2590 2720 2647 de
2748 2589 2988 2647 civitate
3014 2608 3279 2657 romana,
3312 2589 3688 2664 superiorum
3711 2589 4028 2664 permisso,
4058 2591 4308 2657 Romae,
4346 2589 4520 2657 1585,

700 2686 858 2760 apud
881 2687 1039 2743 Bart.
1069 2686 1376 2753 Grassum,
1403 2685 1466 2742 in
1489 2686 1545 2743 4.

697 2817 780 2821 —
802 2783 850 2838 E
874 2781 936 2838 in
960 2781 1085 2839 fine
1110 2781 1342 2856 leggesi
1364 2784 1594 2839 Romae
1622 2782 1783 2839 1585
1807 2782 1887 2839 ab
1906 2781 2065 2839 Aldo
2092 2784 2243 2855 lypis
2267 2784 2584 2839 Francisci
2606 2784 2899 2839 Zannetti.
2929 2782 3242 2856 Opuscolo
3266 2781 3551 2856 riportato
3576 2782 3674 2839 nel
3697 2783 3925 2839 Tesoro
3951 2782 4049 2839 del
4075 2781 4318 2839 Grevio.

476 2973 655 3030 3774.
699 2974 1125 3030 MARANGONI
1166 2972 1488 3040 Giovanni,
1532 2973 1709 3030 Delle
1750 2972 2042 3030 memorie
2085 2991 2268 3040 sacre,
2312 2991 2345 3030 e
2384 2972 2636 3047 profane
2677 2972 3145 3030 dell’anfiteatro
3186 2972 3414 3040 Flavio,
3458 2973 3870 3047 volgarmente
3911 2973 4073 3030 detto
4114 2972 4157 3029 il
4199 2973 4519 3040 Colosseo,

698 3070 895 3126 Roma
925 3068 1100 3136 1746,
1127 3068 1189 3125 in
1212 3069 1269 3136 4,
1297 3068 1401 3143 fig.

698 3166 935 3222 Lavoro
959 3164 1141 3239 pieno
1167 3164 1228 3222 di
1253 3164 1600 3222 erudizione
1627 3164 2055 3239 specialmente
2082 3183 2249 3222 sacra
2272 3183 2389 3222 con
2413 3183 2493 3222 un
2518 3183 2662 3239 gran
2686 3164 3071 3239 medaglione
3095 3164 3406 3239 intagliato
3431 3164 3493 3221 in
3517 3165 3697 3239 legno
3723 3165 3821 3222 nel
3846 3164 4257 3239 frontespizio.

476 3355 655 3413 3775.
710 3357 1073 3413 MARIANUS
1128 3356 1400 3413 Andreas
1452 3355 1866 3423 bononiensis,
1920 3355 2252 3413 Ruinarum
2302 3357 2535 3413 Romae
2587 3355 3019 3430 epigrammata
3070 3355 3287 3430 quibus
3340 3355 3612 3413 miranda
3661 3355 3823 3413 urbis
3878 3364 4298 3430 agnoscuntur,
4356 3374 4523 3413 sacra

699 3451 1027 3519 visitantur,
1054 3470 1214 3509 nova
1237 3460 1295 3509 et
1319 3460 1520 3509 vetera
1543 3451 1760 3526 elogiis
1784 3460 2184 3519 recensentur,
2211 3451 2545 3519 Bononiae,
2572 3451 2730 3526 typis
2755 3453 2844 3509 Jo.
2872 3451 3113 3519 Montii,
3148 3451 3322 3519 1641,
3349 3451 3411 3508 in
3438 3452 3491 3519 8,
3517 3451 3709 3526 prima
3733 3451 4028 3509 edizione.

698 3547 962 3605 Libretto
1014 3548 1491 3622 elegantemente
1544 3547 1765 3615 scritto,
1819 3566 1852 3605 e
1905 3556 2216 3622 stampato.
2270 3549 2355 3605 Fu
2403 3547 2734 3622 riprodotto
2786 3548 2902 3605 due
2954 3547 3091 3605 anni
3142 3548 3305 3622 dopo
3357 3566 3474 3605 con
3524 3547 3875 3615 correzioni,
3929 3548 4005 3605 ed
4056 3547 4355 3622 aggiunte,
4409 3547 4521 3605 che

699 3643 1050 3701 consistono
1075 3643 1137 3700 in
1162 3644 1374 3701 alcune
1397 3662 1576 3718 prose
1601 3644 1677 3701 ed
1701 3643 1880 3718 elogi.
1910 3644 2140 3715 Questo
2167 3652 2370 3701 autore
2395 3643 2461 3701 fu
2485 3643 2745 3711 medico,
2773 3662 2806 3701 e
2829 3643 3173 3718 professore
3197 3643 3259 3700 in
3282 3645 3593 3711 Mantova,
3620 3643 3683 3700 in
3706 3643 3860 3711 Pisa,
3888 3662 3921 3701 e
3945 3643 4007 3700 in
4029 3643 4234 3718 patria.

476 3835 655 3893 3776.
682 3837 939 3893 MARINI
963 3836 1253 3903 Gaetano,
1282 3835 1383 3893 Gli
1409 3835 1511 3893 atti
1536 3854 1569 3893 e
1594 3835 1968 3893 monumenti
1993 3835 2091 3893 dei
2117 3835 2334 3893 fratelli
2359 3835 2586 3903 Arvali,
2614 3836 2733 3893 vol.
2762 3836 2818 3903 2,
2845 3837 3042 3893 Roma
3072 3835 3247 3903 1795,
3275 3835 3401 3910 fig.,
3428 3835 3490 3892 in
3514 3836 3570 3893 4.

700 3931 901 4005 Opera
934 3930 1273 3988 dottissima
1306 3949 1339 3988 e
1372 3930 1841 4005 preziosissima,
1879 3931 2160 3988 decorata
2193 3931 2351 3988 delle
2386 3930 2594 4005 grandi
2628 3931 2828 3988 tavole
2863 3930 2961 3988 dei
2996 3930 3388 3998 monumenti,
3426 3949 3459 3988 e
3494 3931 3592 3988 del
3613 3931 3725 4004 fac
3759 3930 3953 3988 simile
3989 3930 4050 3988 di
4085 3939 4293 4005 queste
4326 3949 4454 3988 rare
4489 3949 4522 3988 e

701 4026 986 4101 singolari
1010 4026 1334 4084 iscrizioni.

476 4219 655 4276 3777.
684 4220 941 4276 MARINI
966 4219 1257 4286 Gaetano,
1286 4218 1598 4276 Iscrizioni
1626 4218 1861 4276 antiche
1888 4219 2046 4276 delle
2073 4218 2234 4286 ville,
2264 4237 2297 4276 e
2324 4219 2419 4276 de’
2451 4218 2686 4293 palazzi
2712 4218 2953 4286 Albani,
2981 4219 3243 4276 raccolte
3270 4237 3303 4276 e
3328 4218 3672 4293 pubblicate
3699 4237 3816 4276 con
3841 4227 3999 4286 note,
4028 4220 4225 4276 Roma
4257 4218 4432 4286 1785,
4461 4218 4523 4275 in

698 4315 755 4382 4,
783 4314 887 4389 fig.

476 4506 655 4563 3778.
692 4507 1038 4563 MARLIANI
1069 4507 1161 4573 B.,
1198 4505 1623 4580 Topographia
1655 4505 1817 4563 urbis
1852 4507 2085 4563 Romae
2121 4506 2196 4563 ad
2229 4505 2617 4563 Franciscum
2649 4507 2884 4580 Regem
2917 4506 3249 4573 Gallorum,
3287 4506 3564 4580 ejusdem
3595 4505 3757 4563 urbis
3793 4505 4176 4563 liberatorem
4207 4505 4519 4573 invictum,

698 4603 948 4669 Romae,
978 4601 1040 4658 in
1068 4601 1316 4659 aedibus
1344 4601 1572 4659 Valerii
1599 4601 1810 4659 Dorici
1838 4610 1896 4659 et
1921 4601 2162 4676 Aloysii
2190 4601 2402 4669 fratris,
2433 4601 2804 4659 Academiae
2831 4603 3141 4659 Romanae
3168 4601 3602 4676 impressorum
3628 4620 3837 4659 mense
3864 4601 4221 4659 Decembris
4257 4601 4432 4669 1544,
4461 4601 4523 4658 in

699 4697 826 4765 fol.,
854 4697 959 4772 fig.

700 4794 927 4865 Questa
955 4794 988 4851 e
1018 4794 1076 4851 la
1102 4793 1433 4868 principale
1463 4793 1742 4851 edizione
1772 4793 1833 4851 di
1863 4802 2075 4868 questo
2107 4802 2310 4851 autore
2340 4802 2546 4851 ornata
2574 4793 2635 4851 di
2663 4794 2822 4851 belle
2851 4794 3051 4851 tavole
3080 4793 3142 4850 in
3171 4794 3352 4868 legno
3383 4793 3716 4851 distribuite
3747 4793 3837 4851 fra
3864 4793 3907 4850 il
3936 4802 4108 4861 testo,
4141 4812 4174 4851 e
4202 4793 4430 4851 ritiensi
4459 4793 4522 4850 in

697 4889 907 4964 pregio
931 4908 1038 4964 per
1062 4908 1202 4947 aver
1227 4889 1446 4947 servito
1473 4908 1507 4947 a
1530 4890 1715 4947 molte
1741 4908 1923 4964 opere
1945 4889 2281 4964 posteriori,
2309 4908 2342 4947 e
2369 4889 2418 4947 si
2442 4898 2692 4947 trovano
2715 4889 2898 4964 pochi
2923 4889 3242 4964 esemplari
3267 4889 3328 4947 di
3351 4890 3513 4947 bella
3536 4889 4025 4947 conservazione.

476 5081 655 5139 3779.
687 5082 1032 5138 MARLIANI
1059 5082 1151 5148 B.,
1183 5082 1267 5138 Le
1298 5080 1586 5155 antiquità
1614 5080 1675 5138 di
1704 5082 1917 5148 Roma,
1949 5081 2201 5138 tradotte
2230 5080 2292 5137 in
2321 5080 2526 5155 lingua
2554 5081 2799 5155 volgare
2827 5099 2934 5155 per
2962 5081 3222 5138 Hercole
3250 5081 3598 5148 Barbarasa,
3630 5082 3843 5148 Roma,
3874 5099 3981 5155 per
4008 5080 4275 5138 Antonio
4305 5081 4520 5148 Blado,

706 5176 881 5244 1548,
907 5176 969 5233 in
996 5177 1048 5234 8.

698 5272 1164 5347 Elegantissima
1187 5272 1465 5330 edizione
1490 5272 1551 5330 di
1576 5273 1962 5347 quest’opera
1983 5272 2276 5347 preziosa.

476 5465 655 5522 3780.
682 5466 1027 5522 MARLIANI
1049 5466 1141 5532 B.,
1168 5466 1252 5522 Le
1278 5464 1563 5522 antichità
1586 5464 1647 5522 di
1671 5466 1868 5522 Roma
1890 5465 2142 5522 tradotte
2167 5484 2338 5522 come
2363 5484 2568 5538 sopra,
2595 5466 2808 5532 Roma,
2834 5483 2941 5539 per
2963 5465 3207 5522 Andrea
3229 5464 3350 5532 Fei,
3385 5464 3559 5532 1622,
3586 5464 3648 5521 in
3679 5465 3769 5522 12.

479 5657 557 5730 [p.
586 5656 729 5725 200]

476 5848 655 5905 3781.
698 5849 1157 5905 MARTIGNONE
1197 5847 1320 5905 Gir.
1364 5848 1625 5915 Andrea,
1670 5847 1893 5922 Saggio
1934 5847 1995 5905 di
2035 5848 2330 5922 un’opera
2368 5847 2429 5905 di
2468 5866 2670 5905 nuova
2707 5847 3069 5905 invenzione
3109 5847 3404 5905 intitolata
3442 5847 3757 5922 l’imagine
3797 5848 4186 5922 dell’Impero
4226 5849 4520 5915 Romana,

698 5945 895 6001 Roma
925 5944 1100 6011 1717,
1127 5943 1189 6000 in
1212 5944 1268 6001 4.

699 6040 834 6097 Con
857 6058 976 6097 una
1000 6058 1144 6114 gran
1170 6048 1402 6114 stampa
1425 6039 1839 6097 dimostrativa
1862 6040 2012 6097 d’un
2038 6039 2517 6114 singolarissimo
2545 6039 2791 6097 sistema
2812 6058 2919 6114 per
2942 6040 3000 6097 la
3023 6058 3404 6097 conoscenza
3427 6039 3802 6097 dell’istoria.

476 6231 655 6288 3782.
704 6232 1148 6288 MARTINELLO
1193 6230 1565 6298 Fioravante,
1613 6232 1810 6288 Roma
1855 6249 1931 6288 ex
1976 6230 2215 6288 ethnica
2261 6249 2428 6288 sacra
2475 6239 2818 6288 sanctorum
2861 6230 3034 6298 Petri,
3083 6239 3141 6288 et
3184 6230 3353 6288 Pauli
3400 6230 3735 6305 apostolica
3777 6230 4224 6305 praedicatione
4268 6230 4520 6305 profuso

701 6326 990 6401 sanguine
1013 6326 1335 6401 pubblicae
1361 6326 1732 6384 venerationi
1757 6326 2048 6401 exposita,
2076 6326 2261 6384 editio
2285 6326 2551 6401 repetita,
2578 6328 2810 6384 Romae
2842 6326 3017 6394 1668,
3044 6326 3106 6383 in
3133 6327 3185 6384 8.

2171 6657 2347 6694 WWW.
2358 6637 2734 6710 mcmofontc.
2748 6639 2766 6694 i
2770 6648 2791 6694 t
