4958 7017
1981 864 2366 922 Fondazione
2390 864 2775 922 Memofonte
2800 865 2976 922 onlus

1390 960 1600 1018 Studio
1624 979 1731 1035 per
1754 960 2226 1018 l’elaborazione
2250 960 2632 1018 informatica
2655 961 2813 1018 delle
2838 960 2991 1018 fonti
3018 960 3571 1018 storico—artistiche

707 1251 930 1333 licuit,
962 1251 1384 1333 Florentiae,
1420 1251 1823 1341 sumptibus
1854 1251 2167 1341 Philippi
2198 1251 2287 1320 de
2317 1251 2605 1333 Giunta,
2647 1251 2854 1333 1513,
2887 1251 2961 1319 in
2994 1252 3057 1333 8,
3090 1251 3216 1341 fig.

706 1362 999 1420 Edizione
1026 1362 1345 1420 consimile
1370 1363 1470 1437 pel
1496 1371 1649 1420 testo
1678 1381 1712 1420 a
1738 1363 1939 1437 quella
1964 1363 2062 1420 del
2096 1362 2269 1420 1511.
2299 1362 2873 1437 L’interpretazione
2898 1363 3044 1437 però
3072 1363 3105 1420 e
3130 1362 3235 1437 più
3261 1371 3513 1420 corretta
3538 1381 3571 1420 e
3598 1362 3855 1420 distinta.
3885 1364 3969 1420 Le
3997 1362 4191 1437 figure
4217 1362 4280 1419 in
4306 1363 4486 1437 legno

709 1477 859 1516 sono
890 1458 952 1515 in
982 1458 1179 1516 minor
1207 1477 1457 1516 numero
1489 1477 1522 1516 e
1552 1477 1674 1516 non
1702 1459 1857 1516 bene
1888 1458 2173 1533 eseguite.
2207 1459 2255 1515 Il
2284 1458 2494 1533 pregio
2526 1458 2637 1516 che
2668 1458 2968 1533 distingue
2998 1458 3041 1515 il
3071 1467 3275 1516 nostro
3307 1459 3658 1533 esemplare,
3692 1458 3956 1516 consiste
3986 1459 4339 1516 nell’essere
4370 1477 4487 1516 con

708 1554 1019 1629 autografa
1068 1554 1416 1612 correzione
1467 1555 1786 1612 emendato
1837 1554 1880 1611 il
1930 1554 2212 1612 Frontino
2264 1555 2362 1612 dal
2412 1554 2732 1612 Marchese
2783 1554 3011 1622 Poleni,
3065 1573 3240 1612 come
3289 1555 3411 1629 può
3463 1554 3699 1612 vedersi
3750 1555 3908 1612 dalle
3958 1563 4098 1612 note
4149 1554 4481 1629 marginali:

706 1651 1054 1725 Esemplare
1094 1650 1155 1708 di
1195 1650 1293 1708 cui
1334 1650 1455 1725 egli
1497 1659 1690 1708 stesso
1731 1650 1791 1708 fé
1832 1651 1994 1708 dono
2036 1650 2456 1708 all’architetto
2496 1652 2816 1708 Temenza.
2859 1650 3138 1708 Tuttociò
3181 1650 3230 1708 si
3269 1650 3586 1708 riconosce
3627 1651 3704 1708 da
3741 1650 4172 1708 un’iscrizione
4211 1659 4387 1725 posta
4424 1650 4487 1707 in

705 1765 1021 1821 principio.

475 1960 640 2030 698.
689 1960 784 2028 Di
829 1962 905 2029 L.
955 1962 1347 2029 VITRUVIO
1387 1960 1739 2042 Pollione,
1787 1962 1899 2029 De
1945 1960 2413 2029 architectura
2455 1960 2617 2029 libri
2663 1960 2840 2029 dece
2884 1960 3185 2029 traducti
3231 1960 3321 2029 de
3365 1960 3588 2029 latino
3633 1960 3707 2028 in
3751 1960 4046 2050 vulgare
4092 1960 4483 2050 affigurati;

708 2075 1174 2144 commentati
1242 2086 1311 2144 et
1376 2097 1515 2144 con
1581 2075 1909 2144 mirando
1977 2075 2227 2144 ordine
2293 2075 2638 2165 insigniti:
2710 2097 2836 2165 per
2900 2075 2952 2143 il
3018 2075 3230 2165 quale
3296 2075 3713 2144 facilmente
3779 2075 4008 2165 potrai
4074 2086 4353 2144 trovare
4419 2075 4489 2144 la

707 2190 1165 2259 moltitudine
1211 2190 1404 2280 degli
1452 2190 1756 2259 abstrusi
1803 2201 1872 2259 et
1914 2190 2265 2259 reconditi
2311 2190 2650 2259 vocaboli
2697 2212 2737 2259 a
2780 2190 2831 2258 li
2880 2190 2989 2259 soi
3034 2190 3201 2272 loci,
3251 2201 3320 2259 et
3363 2190 3437 2258 in
3482 2212 3656 2280 epsa
3698 2190 3941 2259 tabula
3985 2212 4153 2259 cum
4200 2212 4487 2259 summo

710 2305 947 2374 studio
997 2305 1308 2395 expositi
1358 2316 1427 2374 et
1474 2305 1828 2374 enucleati
1879 2305 1968 2374 ad
2015 2305 2374 2374 immensa
2419 2305 2722 2374 utilitate
2771 2305 2860 2374 de
2909 2305 3253 2374 ciascuno
3305 2305 3631 2374 studioso
3682 2316 3751 2374 et
3795 2305 4142 2374 benivolo
4192 2305 4264 2374 di
4314 2327 4488 2395 epsa

708 2442 944 2510 opera.
979 2421 1170 2489 Cum
1200 2420 1423 2510 gratia
1452 2431 1521 2489 et
1547 2420 1954 2510 privilegio:
1991 2420 2350 2489 Gotardus
2382 2420 2472 2489 de
2501 2422 2745 2489 Ponte.

706 2532 763 2588 A
800 2540 967 2606 tergo
1006 2531 1067 2589 di
1105 2540 1318 2606 questo
1357 2531 1751 2606 frontespizio
1792 2550 2062 2606 seguono
2100 2531 2120 2588 i
2156 2531 2437 2606 privilegi
2475 2531 2536 2589 di
2574 2533 2742 2589 Leon
2778 2533 2835 2588 X
2878 2533 2956 2606 [p.
3005 2532 3142 2601 129]
3186 2550 3219 2589 e
3256 2533 3589 2589 Francesco
3627 2533 3669 2589 I.
3711 2531 3842 2589 Indi
3879 2531 3941 2588 in
3981 2531 4067 2589 sei
4108 2531 4486 2606 susseguenti

707 2627 966 2702 foglietti
1003 2628 1059 2685 le
1095 2628 1295 2685 tavole
1332 2627 1430 2685 dei
1467 2627 1750 2685 vocaboli
1787 2646 1820 2685 e
1857 2627 1955 2685 dei
1992 2627 2255 2702 capitoli.
2295 2628 2669 2685 Nell’ottavo
2707 2627 2900 2702 foglio
2938 2628 2971 2685 e
3008 2627 3341 2685 l’orazione
3378 2627 3439 2685 di
3475 2627 3652 2702 Luigi
3689 2627 3986 2685 Pirovano
4025 2627 4080 2685 ai
4115 2627 4326 2702 patrizi
4363 2646 4396 2685 e
4434 2628 4488 2685 al

705 2724 935 2798 popolo
962 2723 1023 2781 di
1049 2723 1304 2791 Milano,
1334 2724 1411 2781 da
1436 2723 1534 2781 cui
1563 2723 1612 2781 si
1638 2723 1956 2781 riconosce
1983 2723 2094 2781 che
2123 2723 2321 2781 avanti
2349 2723 2410 2781 di
2439 2732 2734 2798 stampare
2762 2732 2972 2798 questa
2997 2723 3363 2791 traduzione,
3394 2723 3460 2781 fu
3486 2724 3623 2781 data
3649 2742 3683 2781 a
3706 2723 3978 2781 rivedere
4005 2724 4081 2781 ed
4107 2724 4427 2781 emendare
4455 2742 4489 2781 a

706 2821 924 2877 Mauro
965 2821 1142 2877 Bono
1182 2820 1596 2894 bergamasco,
1639 2838 1824 2877 uomo
1866 2819 1929 2876 in
1969 2820 2294 2894 quest’arte
2335 2828 2590 2894 esperto:
2637 2838 2671 2877 a
2710 2828 2878 2894 tergo
2920 2819 2981 2877 di
3022 2819 3517 2894 quest’indirizzo
3559 2820 3592 2877 e
3633 2820 3691 2877 la
3730 2819 4079 2894 prefazione
4120 2838 4157 2877 o
4199 2819 4415 2877 dedica
4455 2838 4489 2877 a

706 2917 1039 2973 Francesco
1067 2934 1130 2973 re
1159 2915 1220 2973 di
1248 2915 1497 2973 Francia
1524 2934 1557 2973 e
1586 2916 1743 2973 duca
1770 2915 1831 2973 di
1859 2915 2114 2983 Milano,
2148 2924 2306 2973 stesa
2333 2916 2410 2973 da
2437 2915 2739 2990 Agostino
2770 2916 2949 2973 Gallo
2978 2934 3450 2983 novocomense,
3480 2915 3649 2990 regio
3679 2915 4110 2973 Referendario
4139 2915 4201 2972 in
4228 2915 4483 2973 Milano.

706 3013 888 3086 Dopo
927 3011 1121 3086 questi
1159 3020 1284 3069 otto
1324 3011 1476 3086 fogli
1515 3011 1819 3069 comincia
1855 3012 2089 3086 l’opera
2125 3011 2255 3069 cosi
2291 3014 2374 3069 Di
2409 3014 2597 3069 Lucio
2640 3014 2905 3069 Vitruvio
2942 3011 3236 3079 Pollione,
3281 3032 3319 3069 a
3361 3013 3588 3069 Cesare
3621 3013 3911 3085 Angusto,
3956 3012 4031 3069 de
4064 3012 4486 3069 Architectura

709 3109 1059 3170 incomenza
1090 3106 1132 3164 il
1150 3109 1352 3180 primo
1382 3106 1552 3164 libro.
1591 3106 1907 3164 Translato
1938 3109 1996 3164 in
2025 3106 2289 3180 vulgare.
2324 3126 2602 3164 sermone
2631 3118 3033 3164 commentato
3063 3107 3140 3164 ed
3151 3107 3429 3180 figurato
3456 3107 3536 3164 clo
3568 3108 3795 3164 Cesare
3827 3108 4167 3164 Cesariano
4196 3107 4487 3164 cittadino

706 3202 1161 3260 mediolanense
1193 3203 1547 3276 professore
1586 3203 1649 3260 di
1686 3203 2100 3270 architettura;
2142 3221 2259 3260 con
2297 3202 2658 3260 moltissime
2697 3211 2838 3260 note
2875 3202 3104 3277 ripiene
3143 3202 3204 3260 di
3243 3202 3589 3277 cognizioni
3627 3202 3690 3259 in
3727 3202 3975 3260 materia
4012 3202 4073 3260 di
4113 3211 4233 3260 arte
4272 3221 4305 3260 e
4344 3221 4488 3277 gran

706 3317 956 3356 numero
992 3298 1053 3356 di
1087 3299 1287 3356 tavole
1321 3298 1627 3373 intagliate
1661 3298 1724 3355 in
1759 3299 1957 3373 legno,
1995 3298 2085 3356 fra
2118 3299 2174 3356 le
2209 3298 2371 3373 quali
2407 3298 2490 3373 gli
2526 3298 2748 3356 antichi
2783 3298 3019 3373 disegni
3054 3299 3400 3356 dell’alzato
3436 3317 3469 3356 e
3502 3298 3705 3373 pianta
3739 3299 3837 3356 del
3872 3299 4097 3356 duomo
4133 3298 4194 3356 di
4228 3298 4482 3356 Milano.

707 3394 1010 3452 Continua
1039 3394 1082 3451 il
1113 3403 1266 3452 testo
1297 3413 1404 3469 per
1434 3403 1609 3452 cento
1641 3403 1865 3452 ottanta
1894 3403 1979 3452 tre
2011 3394 2181 3469 fogli,
2215 3394 2581 3452 nell’ultimo
2614 3395 2709 3452 de’
2748 3394 2910 3469 quali
2928 3395 3094 3468 finis.
3137 3396 3256 3466 Qui
3273 3395 3499 3468 finisce
3533 3394 3786 3468 l’opera,
3818 3394 4108 3468 preclara
4139 3395 4214 3452 de
4244 3397 4302 3452 L.
4345 3397 4479 3452 Vitr.

705 3490 832 3548 Pol.
868 3491 943 3548 de
967 3491 1403 3558 Architectura,
1441 3491 1718 3548 traducta
1746 3491 1821 3548 de
1852 3490 2041 3548 latino
2073 3493 2131 3548 in
2161 3490 2425 3564 vulgare,
2462 3491 2781 3548 historiata
2812 3510 2843 3548 e
2873 3502 3276 3548 commentata
3305 3511 3343 3548 a
3372 3510 3548 3564 spese
3579 3510 3610 3548 e
3642 3493 3895 3554 istanzia
3924 3490 4025 3548 del
4051 3491 4381 3564 magnifico
4408 3493 4480 3548 D.

701 3587 1041 3659 Augustino
1073 3585 1256 3643 Gallo
1286 3586 1577 3643 cittadino
1607 3605 1902 3653 comense,
1940 3605 1971 3643 e
2003 3606 2042 3643 r.
2081 3586 2495 3659 referendario
2526 3605 2608 3643 ec.
2646 3605 2677 3643 e
2707 3585 2808 3643 del
2834 3585 3039 3643 nobile
3066 3588 3138 3643 D.
3169 3585 3401 3643 Alvisio
3429 3588 3736 3643 Pirovano
3758 3588 4025 3659 patricio
4054 3585 4360 3643 milanese.
4398 3605 4480 3643 ec.

708 3701 790 3739 ec.
839 3684 1142 3755 Impressa
1186 3681 1558 3739 nell’amena
1603 3693 1661 3739 et
1700 3681 2071 3739 delectevole
2116 3682 2315 3739 citaale
2358 3682 2433 3739 de
2481 3683 2672 3739 Como
2708 3701 2827 3755 per
2866 3684 3158 3755 magistro
3205 3682 3481 3739 Goiarclo
3525 3682 3604 3739 da
3647 3684 3838 3739 Ponte
3883 3682 4151 3739 citaclino
4195 3681 4487 3739 milanese

706 3777 1022 3835 nell’anno
1051 3778 1114 3835 di
1138 3780 1206 3835 N.
1243 3779 1294 3835 S.
1333 3779 1400 3835 G.
1440 3779 1640 3835 Cristo
1672 3778 1852 3835 1521.
1884 3778 1964 3835 25
1992 3780 2215 3835 mensis
2242 3777 2389 3835 Julii
2420 3789 2710 3851 regnante
2742 3777 2784 3835 il
2814 3778 3334 3835 Christianissimo
3367 3797 3429 3835 re
3458 3778 3521 3835 di
3548 3780 3814 3835 Francia
3843 3780 4177 3835 Francisco
4204 3780 4383 3835 Duca
4412 3778 4487 3835 de

704 3873 943 3931 Milano
978 3885 1083 3931 etc.
1125 3876 1216 3931 tic.
1256 3874 1313 3930 A
1344 3882 1511 3948 tergo
1545 3874 1578 3931 e
1610 3873 1653 3930 il
1684 3873 1934 3948 registro
1968 3874 2063 3931 de’
2103 3873 2274 3948 fogli:
2312 3873 2575 3931 l’ultimo
2609 3873 2804 3948 foglio
2836 3873 2941 3948 poi
2974 3873 3250 3931 contiene
3283 3874 3341 3931 la
3371 3874 3573 3931 tavola
3604 3873 3767 3948 degli
3800 3873 3982 3931 errori
4015 3892 4048 3931 e
4079 3892 4197 3931 una
4226 3882 4490 3948 protesta

709 3969 1008 4044 singolare
1063 3970 1161 4027 del
1217 3970 1396 4027 Gallo
1452 3988 1485 4027 e
1540 3970 1638 4027 del
1690 3969 1987 4027 Pirovano
2043 3978 2251 4027 contro
2306 3969 2349 4026 il
2404 3969 2732 4027 Cesariano
2788 3969 2899 4027 che
2952 3970 3103 4044 partì
3158 3970 3235 4027 da
3287 3970 3503 4037 Como,
3561 3969 3871 4027 lasciando
3926 3969 3946 4026 i
4003 3969 4135 4027 suoi
4190 3969 4486 4027 mecenati

706 4065 1183 4140 nell’imbroglio
1221 4066 1381 4123 della
1418 4074 1649 4140 stampa
1684 4084 1717 4123 e
1755 4066 1915 4123 della
1948 4065 2268 4133 revisione,
2308 4066 2471 4140 dopo
2509 4065 2924 4140 consegnatoli
2961 4065 3368 4123 manoscritto:
3408 4065 3656 4140 ragione
3691 4084 3798 4140 per
3833 4065 3930 4123 cui
3967 4066 4190 4123 ebbero
4225 4065 4485 4140 bisogno

707 4160 1021 4218 dell’aiuto
1047 4160 1108 4218 di
1132 4161 1466 4218 Benedetto
1493 4160 1718 4218 Giovio
1744 4179 1777 4218 e
1801 4162 2019 4218 Mauro
2044 4162 2221 4218 Bono
2245 4179 2352 4235 per
2374 4161 2666 4218 condurre
2690 4179 2808 4218 una
2833 4161 2882 4218 si
2907 4160 3211 4218 laboriosa
3234 4160 3529 4218 edizione.

708 4256 809 4314 Gli
849 4256 1169 4331 esemplari
1209 4256 1270 4314 di
1308 4257 1470 4314 bella
1508 4256 1980 4314 conservazione
2023 4275 2173 4314 sono
2212 4256 2346 4324 rari;
2389 4256 2815 4314 difficilmente
2857 4256 2907 4314 si
2947 4275 3211 4314 conosce
3250 4256 3294 4313 il
3332 4256 3437 4331 più
3476 4256 3713 4331 insigne
3754 4256 3815 4314 di
3855 4265 4067 4331 questo
4108 4265 4331 4324 nostro,
4374 4256 4486 4314 che

708 4361 1107 4427 apparteneva
1131 4353 1186 4410 al
1210 4354 1437 4410 Tuano.

479 4567 644 4637 699.
678 4569 1061 4649 VITRUVII,
1094 4569 1206 4636 De
1238 4567 1705 4636 architectura
1732 4567 1894 4636 libri
1925 4567 2230 4649 decemi,
2262 4567 2686 4649 Florentiae,
2718 4589 2844 4657 per
2870 4567 3171 4636 heredes
3202 4567 3514 4657 Philippi
3545 4569 3810 4649 luntae,
3852 4567 4060 4649 1522,
4093 4567 4167 4635 in
4205 4568 4313 4649 12,
4346 4567 4473 4657 fig.

708 4679 935 4750 Questa
969 4678 1248 4736 edizione
1283 4697 1406 4736 non
1441 4679 1474 4736 e
1510 4678 1807 4736 dissimile
1843 4679 1920 4736 da
1954 4679 2155 4753 quella
2189 4679 2287 4736 del
2330 4678 2483 4736 1513
2522 4679 2684 4736 dello
2722 4687 2913 4736 stesso
2951 4678 3191 4746 Giunta,
3232 4697 3295 4736 se
3331 4697 3453 4736 non
3487 4678 3550 4735 in
3585 4687 3807 4753 quanto
3844 4678 3955 4736 che
3992 4678 4075 4753 gli
4111 4678 4293 4736 errori
4328 4679 4488 4736 nella

705 4774 898 4849 prima
921 4774 1186 4832 descritti
1210 4774 1581 4842 nell’indice,
1611 4793 1762 4832 sono
1787 4774 1849 4831 in
1873 4783 2083 4849 questa
2106 4774 2360 4832 corretti.
2388 4776 2472 4832 Le
2498 4774 2692 4849 figure
2720 4793 2870 4832 sono
2896 4783 3285 4832 esattamente
3310 4775 3366 4832 le
3393 4783 3598 4832 stesse.

478 4970 644 5038 700.
697 4971 1080 5051 VITRUVII,
1133 4971 1245 5038 De
1296 4969 1764 5038 architectura
1810 4969 1932 5038 lib.
1985 4971 2075 5051 X,
2130 4991 2414 5038 summa
2461 4969 2836 5059 diligentia
2881 4969 3255 5059 recogniti,
3308 4991 3476 5038 cum
3525 4969 3892 5038 nonnullis
3942 4969 4296 5059 figuribus
4345 4969 4486 5038 hoc

710 5084 918 5174 signo
953 5085 989 5126 *
1022 5084 1302 5174 positis,
1344 5084 1552 5166 1523,
1585 5084 1659 5152 in
1692 5085 1755 5166 8,
1788 5084 1914 5174 fig.

706 5196 994 5270 Elegante
1039 5214 1072 5253 e
1117 5204 1370 5253 corretta
1413 5195 1708 5263 edizione,
1756 5195 1867 5253 che
1912 5195 2010 5253 dai
2054 5195 2162 5270 tipi
2207 5214 2240 5253 e
2284 5196 2444 5253 dalla
2487 5204 2647 5253 carta
2687 5195 2915 5253 ritiensi
2960 5214 3159 5253 essere
3204 5196 3583 5270 egualmente
3628 5195 3689 5253 di
3733 5195 3979 5253 Firenze
4023 5214 4145 5253 non
4189 5195 4486 5253 dissimile

707 5292 1005 5349 dall’altra
1031 5292 1129 5349 del
1164 5291 1339 5349 1522:
1372 5300 1857 5366 contrassegnate
1885 5292 1962 5349 da
1987 5310 2068 5349 un
2096 5291 2381 5349 asterisco
2412 5310 2563 5349 sono
2591 5300 2735 5349 tutte
2764 5292 2820 5349 le
2848 5291 3042 5366 figure
3069 5291 3132 5348 in
3164 5293 3242 5366 [p.
3281 5292 3417 5361 130]
3450 5291 3691 5366 tagliale
3718 5291 3781 5348 in
3808 5292 3988 5366 legno
4018 5291 4300 5366 aggiunte
4328 5291 4418 5349 fra
4443 5291 4486 5348 il

706 5396 878 5455 testo,
906 5388 962 5445 le
987 5387 1149 5462 quali
1172 5387 1388 5445 ridotte
1412 5387 1474 5444 in
1496 5387 1737 5462 piccola
1760 5387 1972 5455 forma,
2000 5387 2217 5445 furono
2242 5388 2387 5445 tolte
2412 5387 2843 5445 dall’edizione
2868 5388 2966 5445 del
2991 5387 3337 5445 Cesariano.

470 5584 636 5652 701.
686 5585 1069 5665 VITRUVII,
1112 5583 1319 5652 Altro
1367 5583 1766 5673 esemplare
1812 5583 2007 5652 dello
2056 5594 2309 5665 stesso,
2357 5583 2747 5673 preceduto
2794 5583 2885 5652 da
2929 5583 3163 5673 questi
3210 5583 3569 5673 opuscoli;
3617 5583 3912 5652 Flaviiis
3959 5583 4331 5673 Vegetius,
4380 5583 4489 5652 vir

707 5698 1002 5767 illustris
1036 5698 1125 5767 de
1155 5720 1229 5767 re
1260 5698 1571 5767 militari.
1609 5699 1869 5767 Sextus
1900 5698 2129 5767 Julius
2161 5698 2562 5780 Frontinus,
2598 5698 2687 5767 de
2718 5720 2792 5767 re
2823 5698 3134 5767 militari.
3169 5698 3542 5780 Aelianus,
3578 5698 3668 5767 de
3699 5698 4133 5767 instruendis
4168 5698 4481 5767 aciebus.

706 5813 1113 5895 Modestus,
1146 5813 1435 5882 libellus
1467 5813 1556 5882 de
1585 5813 1962 5882 vocabulis
1992 5813 2093 5882 rei
2123 5813 2451 5882 militaris
2491 5813 2699 5895 1523,
2733 5835 2836 5882 ec.

706 5928 1124 6018 Esemplare
1151 5928 1560 5997 bellissimo
1591 5928 1910 5997 d’antica
1937 5928 2256 6018 legatura
2286 5939 2718 6018 appartenne
2750 5928 2816 5997 al
2846 5950 2999 5997 cav.
3032 5928 3386 5997 Maderna
3416 5928 3808 5997 architetto.

474 6159 640 6227 702.
678 6160 1061 6240 VITRUVII,
1093 6160 1205 6227 De
1240 6158 1708 6227 architectura
1739 6158 1861 6227 lib.
1898 6160 1987 6227 X.
2026 6159 2217 6227 Cum
2252 6180 2536 6227 summa
2568 6158 2942 6248 diligentia
2972 6158 3324 6248 recogniti
3359 6169 3428 6227 et
3459 6180 3605 6227 non
3638 6158 3855 6227 nullis
3890 6158 4144 6248 figuris
4182 6158 4313 6227 sub
4346 6158 4486 6227 hoc

710 6273 918 6363 signo
953 6274 989 6315 *
1022 6273 1302 6363 positis,
1338 6273 1492 6342 sine
1521 6273 1688 6342 loco
1727 6273 1935 6355 1523,
1968 6273 2042 6341 in
2075 6274 2137 6342 8.

708 6385 883 6442 Onde
915 6403 948 6442 e
980 6384 1314 6442 novissime
1346 6384 1759 6452 illustrazioni,
1794 6384 2128 6442 correzioni
2160 6403 2193 6442 e
2225 6384 2420 6459 figure
2452 6384 2962 6459 magistralmente
2997 6393 3240 6459 segnate
3275 6384 3366 6442 sui
3398 6384 3670 6459 margini.
3706 6386 3847 6442 Non
3879 6384 4160 6442 abbiamo
4194 6385 4341 6442 altro
4374 6384 4486 6442 che

2171 6657 2347 6694 WWW.
2358 6637 2734 6710 memofonte.
2748 6639 2791 6694 it
