4958 7017
1981 864 2366 922 Fondazione
2390 838 2775 922 Memofonte
2800 865 2976 922 onlus

1390 960 1600 1018 Studio
1624 979 1731 1035 per
1754 960 2226 1018 l’elaborazione
2250 960 2632 1018 informatica
2655 961 2813 1018 delle
2838 960 2991 1018 fonti
3018 960 3571 1018 storico—artistiche

709 1251 860 1333 arti;
899 1262 1252 1341 stampato
1285 1251 1359 1319 in
1391 1253 1647 1333 Roma,
1684 1251 1828 1320 vol.
1866 1252 1982 1333 24,
2018 1251 2092 1319 in
2123 1252 2190 1320 4.
2228 1252 2502 1337 Questa
2534 1251 2940 1320 collezione
2971 1251 3064 1320 ha
3094 1251 3146 1319 il
3181 1273 3312 1320 suo
3344 1251 3702 1341 principio
3736 1251 3853 1320 dal
3894 1252 4080 1320 1774
4114 1273 4153 1320 e
4184 1251 4489 1320 termina

709 1366 775 1435 al
813 1367 1020 1436 1797.

706 1479 879 1535 Tutte
908 1478 1293 1552 quest’opere
1320 1477 1670 1552 periodiche
1701 1478 1851 1535 sulle
1882 1477 1988 1535 arti
2019 1486 2309 1552 stampate
2337 1477 2400 1534 in
2428 1479 2625 1535 Roma
2655 1496 2806 1535 sono
2836 1477 3081 1535 difficili
3111 1496 3145 1535 a
3170 1477 3426 1535 riunirsi.
3459 1479 3543 1535 Le
3570 1477 3888 1552 principali
3919 1496 4069 1535 sono
4100 1477 4485 1551 l’antologia,

707 1574 763 1631 le
800 1574 1150 1647 Eﬁemeridi
1188 1573 1526 1641 Letterarie,
1567 1573 1610 1630 il
1652 1573 1947 1631 Giornale
1986 1574 2049 1631 di
2084 1573 2337 1641 Manlio,
2384 1574 2440 1631 le
2476 1576 2774 1631 Memorie
2806 1593 2925 1647 per
2961 1573 3015 1631 le
3052 1573 3221 1631 Belle
3255 1575 3400 1641 Arti,
3446 1573 3466 1630 i
3504 1576 3873 1631 monumenti
3913 1574 4121 1631 inediti
4158 1574 4388 1631 antichi
4425 1574 4488 1631 di

709 1671 1001 1727 Gaattani
1044 1688 1077 1727 e
1120 1670 1176 1727 le
1217 1672 1515 1727 Memorie
1558 1669 2069 1743 Enciclopediche
2113 1670 2275 1727 dello
2322 1678 2532 1727 stesso:
2581 1669 2641 1727 vi
2687 1669 2736 1727 si
2778 1688 3048 1744 possono
3094 1669 3458 1744 aggiungere
3502 1670 3558 1727 le
3603 1669 3889 1727 Orazioni
3932 1669 4382 1727 Accademiche
4426 1669 4487 1727 di

707 1765 1155 1840 Campidoglio.
1185 1766 1412 1837 Questa
1435 1784 1758 1823 numerosa
1779 1766 2043 1823 raccolta
2066 1765 2127 1823 di
2152 1765 2382 1823 volumi
2408 1765 2604 1823 forma
2626 1765 2669 1822 il
2694 1766 3041 1840 complesso
3065 1765 3170 1840 più
3195 1765 3398 1840 ampio
3424 1784 3457 1823 e
3480 1765 3585 1840 più
3608 1765 4014 1823 interessante.

487 1961 694 2030 1294.
756 1961 1093 2028 ARFELLI
1144 1960 1457 2050 Angelo,
1521 1960 1882 2029 Orazione
1939 1982 2065 2050 per
2121 1960 2191 2029 la
2248 1960 2767 2029 distribuzione
2826 1960 2942 2029 dei
3000 1960 3229 2050 premi
3289 1960 3361 2029 di
3419 1960 3625 2029 Belle
3682 1960 3839 2029 Arti
3898 1960 4355 2029 nell’istituto
4415 1960 4487 2029 di

707 2075 1062 2165 Bologna,
1095 2075 1345 2144 l’anno
1384 2075 1592 2157 1736,
1625 2075 1699 2143 in
1728 2076 1795 2144 4.

487 2286 694 2356 1295.
727 2287 920 2354 ATTI
943 2286 1574 2355 dell’Accademia
1602 2286 1898 2355 Italiana
1926 2286 1998 2355 di
2030 2286 2356 2368 Scienze,
2389 2288 2668 2355 Lettere
2699 2286 2789 2355 ed
2816 2286 2973 2355 Arti
3003 2288 3080 2355 T.
3114 2288 3186 2355 P.

485 2499 578 2587 [p.
613 2497 784 2580 225]

487 2708 694 2778 1296.
742 2710 994 2776 BALDI
1031 2708 1425 2798 Giuseppe,
1473 2708 1834 2777 Orazione
1877 2708 1951 2776 in
1994 2708 2162 2777 lode
2206 2708 2395 2777 delle
2437 2719 2538 2777 tre
2583 2708 2709 2777 arti
2753 2708 2827 2776 in
2871 2708 3259 2777 occasione
3303 2708 3495 2777 della
3537 2708 4055 2777 distribuzione
4099 2708 4215 2777 dei
4258 2708 4486 2798 premi

707 2823 1168 2892 nell’Istituto
1199 2823 1271 2892 di
1301 2823 1656 2913 Bologna,
1689 2823 1811 2892 l’a.
1854 2824 2062 2905 1780,
2095 2823 2169 2891 in
2202 2824 2264 2892 8.

487 3035 694 3104 1297.
738 3036 1245 3103 BARUFFALDI
1278 3034 1678 3116 Girolamo,
1722 3034 1777 3102 Il
1815 3034 2094 3124 premio
2135 3034 2324 3103 delle
2363 3034 2570 3103 Belle
2608 3034 2765 3103 Arti
2806 3034 3212 3103 distribuito
3251 3034 3881 3103 nell’Accademia
3919 3034 4377 3103 Clementina
4414 3034 4488 3102 in

707 3149 1062 3239 Bologna,
1095 3149 1345 3218 l’anno
1384 3150 1592 3231 1729,
1625 3149 1699 3217 in
1728 3150 1795 3218 4.

487 3360 694 3429 1298.
755 3361 1217 3428 BETTINELLI
1268 3359 1591 3441 Saverio,
1651 3359 1863 3428 Delle
1919 3359 2164 3428 lettere
2221 3381 2260 3428 e
2317 3359 2506 3428 delle
2564 3359 2690 3428 arti
2747 3370 3202 3428 mantovane:
3265 3359 3593 3428 Discorsi
3651 3359 3790 3428 due
3848 3359 4289 3428 accademici
4347 3381 4486 3428 con

709 3474 1191 3556 annotazioni,
1224 3474 1298 3542 in
1326 3476 1680 3543 Mantova
1716 3475 1924 3556 1774,
1957 3474 2031 3542 in
2059 3475 2126 3543 4.

487 3686 694 3755 1299.
751 3687 1091 3754 BIANCHI
1138 3685 1437 3767 Isidoro,
1494 3685 1706 3754 Delle
1761 3685 2048 3754 scienze
2101 3707 2140 3754 e
2193 3685 2399 3754 Belle
2451 3685 2629 3754 Arti.
2686 3685 3226 3754 Dissertazione
3280 3685 3755 3775 apologetica,
3811 3685 3981 3754 letta
4031 3685 4105 3753 in
4157 3685 4486 3754 Palermo

707 3800 1337 3869 nell’Accademia
1365 3800 1559 3890 degli
1588 3800 1830 3869 Ercini
1861 3822 2000 3869 con
2029 3811 2218 3882 note,
2251 3800 2579 3869 Palermo
2618 3801 2826 3882 1771,
2859 3800 2933 3868 in
2966 3801 3028 3869 8.

487 4012 694 4080 1300.
744 4013 979 4080 BOSSI
1024 4011 1423 4093 Canonico,
1474 4011 1835 4080 Orazione
1883 4033 2094 4101 sopra
2137 4011 2430 4080 l’utilità
2475 4011 2664 4080 delle
2709 4011 2916 4080 Belle
2960 4011 3142 4093 Arti;
3192 4011 3389 4080 ossia
3432 4011 3484 4079 il
3528 4011 3796 4080 trionfo
3843 4011 4032 4080 delle
4078 4011 4284 4080 Belle
4328 4011 4486 4080 Arti

706 4126 1007 4195 renduto
1041 4126 1574 4216 gloriosissimo
1610 4137 1797 4195 sotto
1831 4126 1930 4216 gli
1965 4126 2241 4216 auspici
2275 4126 2347 4195 di
2380 4126 2614 4195 Pietro
2647 4126 3025 4216 Leopoldo
3059 4127 3253 4195 Gran
3285 4128 3494 4195 Duca
3525 4126 3597 4195 di
3630 4128 3960 4195 Toscana
3990 4126 4064 4194 in
4097 4126 4486 4195 occasione

708 4241 780 4310 di
809 4263 952 4310 una
982 4241 1280 4310 solenne
1309 4252 1579 4310 mostra
1607 4241 1679 4310 di
1711 4263 1927 4331 opere
1957 4241 2029 4310 di
2060 4241 2365 4331 disegno
2397 4241 2701 4323 antiche,
2734 4241 3030 4310 Firenze
3068 4241 3276 4323 1767,
3309 4241 3383 4309 in
3416 4242 3478 4310 8.

487 4453 694 4521 1301.
728 4454 963 4521 BOSSI
990 4452 1224 4542 Luigi,
1257 4452 1472 4521 Della
1501 4452 1918 4521 erudizione
1948 4452 2141 4542 degli
2173 4452 2417 4521 artisti:
2453 4452 2825 4534 Discorso,
2858 4452 3150 4521 Padova
3186 4453 3394 4534 1810,
3427 4452 3502 4520 in
3535 4453 3598 4534 8,
3630 4454 3736 4521 M.
3772 4452 3886 4521 36.

487 4664 694 4732 1302.
766 4665 1023 4732 BRUNI
1083 4663 1242 4732 Pier
1307 4663 1632 4732 Antonio
1700 4663 1933 4753 Luigi,
2004 4663 2682 4732 Dell’architettura:
2757 4663 3118 4732 Orazione
3184 4663 3477 4732 recitata
3543 4663 3735 4732 nella
3799 4663 4142 4753 pubblica
4207 4665 4488 4732 Veneta

706 4778 1154 4847 Accademia
1182 4778 1254 4847 di
1284 4778 1491 4847 Belle
1519 4778 1676 4847 Arti
1707 4778 2079 4847 nell’anno
2118 4779 2326 4860 1777,
2359 4778 2433 4846 in
2466 4779 2528 4847 8.

487 4990 694 5058 1303.
740 4990 1075 5058 CALURA
1109 4989 1554 5058 Bernardino
1594 4991 1726 5071 M.,
1771 4991 1848 5057 In
1889 5011 2112 5058 onore
2153 4989 2343 5058 delle
2383 4989 2590 5058 Belle
2629 4989 2786 5058 Arti
2829 4989 3134 5058 abbozzi
3176 4989 3248 5058 di
3289 4989 3718 5058 laudazione
3759 4989 4119 5071 delineati,
4163 4989 4489 5058 Venezia

716 5105 924 5186 1814,
957 5104 1031 5172 in
1064 5105 1126 5173 8.

487 5315 694 5383 1304.
729 5315 980 5383 CALVI
1002 5316 1298 5404 Jacopo,
1331 5314 1681 5383 Discorso
1711 5314 1884 5383 letto
1914 5314 2106 5383 nella
2133 5316 2216 5383 R.
2249 5314 2698 5383 Accademia
2726 5314 2798 5383 di
2828 5314 3034 5383 Belle
3062 5314 3242 5396 Arti,
3275 5314 3611 5404 Bologna
3638 5314 3889 5383 l’anno
3928 5315 4136 5396 1808,
4169 5314 4243 5382 in
4276 5315 4338 5383 8.

487 5525 694 5594 1305.
731 5525 945 5594 Della
976 5526 1240 5594 CELLA
1265 5527 1561 5615 Jacopo,
1598 5525 1959 5594 Orazione
1990 5547 2116 5615 per
2146 5525 2216 5594 la
2249 5525 2548 5594 solenne
2581 5525 3099 5594 distribuzione
3132 5525 3248 5594 dei
3280 5525 3509 5615 premi
3543 5525 3685 5615 agli
3721 5525 4025 5594 studiosi
4059 5525 4248 5594 delle
4280 5525 4486 5594 Belle

706 5640 863 5709 Arti
893 5640 1355 5709 nell’Istituto
1386 5640 1458 5709 di
1488 5640 1842 5730 Bologna,
1875 5642 2118 5709 Lucca
2154 5641 2362 5722 1794,
2395 5640 2469 5708 in
2502 5641 2564 5709 8.

487 5851 694 5920 1306.
748 5852 1035 5920 CIAMPI
1078 5851 1527 5933 Sebastiano,
1581 5851 1836 5920 Statuti
1886 5851 2287 5941 dell’opera
2334 5851 2406 5920 di
2457 5852 2527 5920 S.
2578 5853 2852 5941 Jacopo
2902 5851 2974 5920 di
3023 5851 3293 5920 Pistoia
3339 5851 3806 5941 volgarizzati
3855 5851 4105 5920 l’anno
4163 5852 4345 5920 1313
4399 5851 4489 5920 da

706 5968 1007 6035 Masseo
1038 5966 1110 6035 di
1143 5988 1254 6035 ser
1282 5966 1648 6035 Giovanni
1679 5966 2134 6048 Bellebuoni,
2167 5966 2332 6035 Pisa
2368 5966 2576 6048 1815,
2608 5968 2715 6035 M.
2750 5966 2865 6035 26.

487 6178 694 6246 1307.
736 6178 1238 6246 COLLEZIONE
1268 6199 1414 6246 non
1450 6177 1815 6246 interrotta
1851 6199 1890 6246 e
1927 6177 2290 6267 completa
2326 6177 2516 6246 delle
2554 6177 2970 6246 accademie
3005 6177 3312 6246 tenutesi
3350 6177 3424 6245 in
3462 6177 3978 6267 Campidoglio
4014 6199 4140 6267 per
4175 6177 4243 6246 le
4280 6177 4487 6246 Belle

706 6292 885 6374 Arti,
919 6292 1429 6361 cominciando
1460 6292 1577 6361 dal
1615 6292 1802 6362 1690
1832 6292 1906 6360 in
1934 6292 2080 6382 poi:
2115 6292 2412 6382 rilegata
2439 6292 2513 6360 in
2543 6292 2587 6361 6
2617 6292 2919 6374 volumi,
2952 6294 3208 6374 Roma,
3241 6292 3315 6360 in
3343 6293 3410 6361 4.

706 6403 996 6461 L’ultima
1030 6403 1313 6461 orazione
1349 6403 1410 6461 di
1446 6412 1657 6478 questa
1689 6404 1954 6461 raccolta
1987 6412 2189 6461 nostra
2223 6404 2256 6461 e
2293 6404 2391 6461 del
2434 6404 2608 6461 1801.
2647 6405 2819 6461 Deve
2853 6404 2999 6478 però
3035 6403 3258 6461 notarsi
3294 6403 3406 6461 che
3442 6422 3564 6461 non
3602 6403 3651 6461 si
3688 6403 3919 6471 faceva,
3957 6403 4020 6460 in
4055 6403 4199 6478 ogni
4236 6422 4393 6461 anno
4430 6404 4488 6461 la

2171 6657 2347 6694 WWW.
2358 6637 2734 6710 memofonte.
2748 6639 2791 6694 it
