4958 7017
1981 864 2366 922 Fondazione
2390 864 2775 922 Memofonte
2800 865 2976 922 onlus

1390 960 1600 1018 Studio
1624 979 1731 1035 per
1754 960 2226 1018 l’elaborazione
2250 960 2632 1018 informatica
2655 961 2813 1018 delle
2838 960 2991 1018 fonti
3018 960 3571 1018 storico—artistiche

702 1249 788 1305 La
837 1247 1027 1322 pietra
1079 1256 1478 1322 apparteneva
1530 1266 1564 1305 a
1614 1249 1702 1305 M.
1758 1248 1838 1305 du
1889 1247 2115 1305 Vivier.
2171 1248 2288 1305 Nel
2341 1248 2586 1305 volume
2641 1266 2791 1305 sono
2845 1248 3030 1305 molte
3084 1248 3227 1305 altre
3280 1247 3580 1322 medaglie
3632 1247 3939 1322 intagliate
3993 1266 4027 1305 a
4077 1247 4486 1305 illustrazione

707 1344 1228 1418 dell’argomento.
1276 1345 1324 1400 E
1368 1343 1430 1400 in
1475 1343 1600 1401 fine
1645 1344 1678 1401 e
1723 1362 1803 1401 un
1848 1343 2185 1418 fragmento
2231 1343 2292 1401 di
2336 1343 2592 1401 Porfirio
2637 1352 2808 1401 tratto
2854 1343 3284 1401 dall’edizione
3329 1343 3390 1401 di
3434 1343 3718 1411 Eusebio,
3766 1352 4011 1418 esposto
4057 1344 4134 1401 da
4178 1343 4487 1418 Giuseppe

709 1439 1034 1514 Scaligero.

479 1633 557 1706 [p.
585 1632 687 1701 43]

474 1822 655 1880 2750.
682 1824 1066 1890 BAUDELOT,
1093 1824 1265 1880 Feste
1290 1822 1628 1880 d’Athenes
1652 1823 2029 1897 representée
2057 1841 2154 1880 sur
2176 1841 2293 1880 une
2318 1822 2624 1880 cornaline
2650 1822 2890 1897 antique
2915 1823 2995 1880 du
3019 1822 3258 1880 cabinet
3281 1823 3361 1880 du
3384 1824 3539 1897 Roy,
3566 1822 3729 1880 Paris
3762 1823 3936 1890 1712,
3963 1822 4025 1879 in
4048 1823 4105 1890 4,
4133 1822 4237 1897 fig.

706 1918 1001 1976 Dedicata
1028 1919 1083 1976 al
1111 1919 1266 1976 duca
1292 1919 1633 1976 d’Orleans.
1667 1918 1731 1976 Si
1758 1927 1928 1976 tratta
1953 1918 2015 1975 in
2042 1927 2253 1993 questa
2279 1918 2573 1976 memoria
2599 1919 2697 1976 del
2725 1918 2947 1976 famosi
2977 1918 3178 1993 sigillo
3207 1918 3268 1976 di
3295 1918 3769 1993 Michelangelo,
3800 1918 3911 1976 che
3939 1918 4147 1976 vedesi
4174 1918 4485 1993 intagliato

706 2014 768 2071 in
800 2033 965 2072 rame
999 2014 1062 2071 in
1096 2015 1212 2072 due
1247 2014 1415 2072 modi
1450 2033 1483 2072 e
1518 2014 1888 2072 dall’incavo
1924 2033 1957 2072 e
1992 2015 2090 2072 dal
2123 2014 2357 2082 rilievo,
2395 2014 2530 2072 cioè
2566 2033 2600 2072 a
2633 2014 2807 2072 dritta
2840 2033 2873 2072 e
2909 2033 2943 2072 a
2978 2014 3230 2072 sinistra.
3270 2015 3498 2086 Questa
3530 2014 3940 2072 illustrazione
3976 2033 4235 2089 apparve
4270 2015 4433 2089 dopo
4468 2014 4488 2071 i

707 2110 915 2185 lunghi
943 2110 1231 2185 dispareri
1259 2129 1292 2168 e
1320 2119 1565 2168 contese
1593 2110 1654 2168 di
1681 2111 1838 2168 mad.
1870 2111 1926 2168 le
1954 2112 2089 2185 Hay
2116 2129 2149 2168 e
2177 2129 2370 2168 mons.
2402 2111 2477 2168 de
2504 2112 2806 2178 Mautour,
2837 2110 2898 2168 di
2926 2110 3023 2168 cui
3053 2129 3203 2168 sono
3230 2110 3394 2185 pieni
3421 2110 3441 2167 i
3469 2110 3725 2185 giornali
3753 2110 3814 2168 di
3841 2111 4137 2168 Trévoux:
4172 2129 4407 2185 sempre
4437 2110 4486 2168 si

709 2206 919 2281 spiegò
945 2206 988 2263 il
1017 2206 1361 2281 significato
1388 2206 1449 2264 di
1475 2215 1686 2281 questa
1711 2225 1953 2281 gemma
1977 2225 2154 2264 come
2180 2225 2260 2264 un
2284 2207 2628 2274 baccanale,
2657 2225 2694 2264 o
2721 2225 2839 2264 una
2864 2206 3250 2264 vendemmia
3274 2225 3307 2264 e
3332 2206 3575 2281 provasi
3601 2206 3713 2264 che
3739 2225 3861 2264 non
3886 2207 3919 2264 e
3945 2215 4156 2281 questa
4181 2207 4239 2264 la
4263 2207 4488 2264 dovuta

706 2301 1220 2376 interpretazione:
1263 2320 1332 2359 su
1366 2310 1515 2359 tutto
1552 2301 1649 2359 ciò
1686 2301 1797 2359 che
1831 2301 2109 2376 riguarda
2143 2310 2353 2376 questa
2385 2301 2575 2376 pietra
2609 2301 2840 2376 leggasi
2875 2301 3172 2369 Mariette,
3211 2301 3323 2359 che
3359 2310 3758 2359 estesamente
3793 2320 3868 2359 ne
3902 2301 4151 2376 ragiona
4185 2302 4345 2359 nella
4381 2320 4488 2359 sua

707 2398 1108 2472 grand’opera
1132 2416 1166 2455 a
1187 2416 1244 2472 p.
1274 2398 1410 2455 311.

474 2589 655 2647 2751.
684 2591 1068 2657 BAUDELOT,
1097 2591 1191 2647 De
1218 2589 1459 2647 l’utilité
1486 2590 1592 2647 des
1620 2608 1906 2664 voyages,
1936 2598 1994 2647 et
2019 2590 2094 2647 de
2121 2590 2463 2664 l’avantage
2491 2608 2607 2664 que
2634 2590 2692 2647 la
2715 2589 3036 2647 recherche
3063 2590 3169 2647 des
3198 2589 3516 2664 antiquités
3542 2608 3795 2664 procure
3823 2608 3938 2647 aux
3966 2598 4223 2657 savants,
4252 2589 4401 2647 tomi
4428 2590 4484 2657 2,

706 2687 921 2743 Rouen
952 2686 1127 2753 1777,
1154 2685 1216 2742 in
1247 2686 1338 2753 12,
1365 2685 1469 2760 fig.

702 2782 750 2838 Il
780 2790 1055 2856 soggetto
1084 2781 1196 2839 che
1224 2781 1286 2838 in
1314 2782 1701 2856 quest’opera
1727 2782 1760 2839 è
1786 2800 1964 2856 preso
1993 2781 2054 2839 di
2082 2781 2233 2839 mira
2262 2800 2412 2839 sono
2442 2782 2498 2839 le
2526 2781 2827 2856 medaglie
2855 2800 2977 2839 non
3005 2782 3352 2839 omettendo
3381 2800 3527 2839 cosa
3555 2782 3770 2839 alcuna
3796 2781 3908 2839 che
3934 2800 4119 2856 possa
4146 2781 4378 2839 erudire
4406 2800 4487 2839 un

705 2877 870 2934 buon
898 2876 1343 2944 numismatico,
1376 2877 1635 2934 essendo
1666 2877 1869 2951 quello
1899 2876 1942 2933 il
1970 2876 2264 2951 principal
2296 2876 2493 2934 studio
2524 2877 2881 2934 dell’autore
2911 2877 2987 2934 ed
3016 2877 3274 2934 essendo
3306 2895 3340 2934 a
3368 2876 3465 2934 ciò
3496 2876 3667 2951 quasi
3696 2876 4108 2934 intieramente
4138 2885 4486 2934 consecrate

707 2973 763 3030 le
790 2973 867 3030 30
892 2973 1092 3030 tavole
1117 2972 1228 3030 che
1252 2972 1517 3030 trovansi
1541 2972 1603 3029 in
1628 2972 1754 3030 fine
1779 2972 1877 3030 dei
1902 2973 2018 3030 due
2043 2972 2291 3030 volumi.

474 3164 655 3222 2752.
706 3166 985 3221 BAYERII
1032 3164 1334 3222 Francisci
1382 3164 1629 3232 Perezii,
1680 3166 1774 3222 De
1822 3164 2086 3222 nummis
2136 3164 2854 3232 Haebreo—Samaritanis,
2905 3164 3221 3222 Valentiae
3269 3165 3677 3222 Edetanorum
3723 3183 3799 3222 ex
3847 3164 4104 3222 officina
4150 3164 4484 3232 Benedicti,

706 3260 982 3318 Monfort
1012 3261 1187 3328 1781,
1214 3260 1276 3317 in
1299 3261 1356 3328 4,
1384 3260 1488 3335 fig.

474 3451 655 3509 2753.
698 3453 977 3508 BAYERII
1015 3451 1317 3509 Francisci
1357 3451 1604 3519 Perezii,
1647 3453 2053 3509 Nummorum
2091 3451 2914 3509 Haebreo—Samaritanorum
2953 3451 3272 3519 vindiciae,
3315 3451 3631 3509 Valentiae
3671 3452 4077 3509 Edetanorum
4116 3470 4192 3509 ex
4232 3451 4489 3509 officina

706 3547 1040 3615 Benedicti,
1067 3547 1343 3605 Monfort
1373 3548 1548 3615 1790,
1575 3547 1637 3604 in
1660 3548 1717 3615 4,
1744 3547 1848 3622 fig.

711 3644 759 3700 Il
804 3643 999 3718 primo
1047 3643 1200 3701 libro
1248 3644 1281 3701 e
1327 3643 1605 3701 dedicato
1653 3662 1687 3701 a
1731 3644 1911 3701 Carlo
1958 3645 2056 3701 III.
2105 3644 2153 3700 Il
2202 3644 2468 3701 secondo
2516 3662 2550 3701 a
2595 3644 2774 3701 Carlo
2821 3645 2906 3701 IV
2953 3643 3050 3701 coi
3097 3644 3226 3701 loro
3271 3643 3477 3701 ritratti
3523 3643 3585 3700 in
3631 3643 3842 3701 fronte.
3892 3645 3976 3701 Le
4023 3643 4287 3701 edizioni
4336 3662 4486 3701 sono

709 3739 1197 3814 splendidissime
1224 3758 1257 3797 e
1284 3740 1340 3797 le
1367 3739 1669 3814 medaglie
1696 3758 1729 3797 e
1755 3739 1775 3796 i
1802 3739 2177 3797 monumenti
2203 3739 2509 3814 intagliate
2536 3758 2654 3797 con
2682 3758 2918 3797 somma
2944 3748 3330 3797 accuratezza
3357 3748 3567 3797 stanno
3596 3739 3651 3797 ai
3678 3739 3887 3814 luoghi
3913 3739 4160 3797 indicati
4186 3740 4284 3797 nel
4310 3748 4482 3797 testo.

708 3836 907 3910 Opere
950 3835 1128 3910 piene
1173 3835 1234 3893 di
1279 3835 1552 3903 dottrina,
1599 3835 1662 3892 in
1707 3835 1896 3893 fondo
1943 3836 2058 3893 alle
2103 3835 2266 3910 quali
2311 3835 2534 3893 trovasi
2579 3835 3026 3910 un’appendice
3068 3838 3163 3893 De
3208 3847 3459 3893 auctore
3502 3838 3843 3909 Hispaniae
3886 3838 4140 3893 Homeri
4187 3836 4485 3893 Odisseae

711 3933 1030 3998 Versionis,
1063 3950 1221 4004 quae
1246 3931 1358 3988 sub
1386 3930 1746 3988 Gundisalvi
1768 3933 1993 3988 Peretii
2016 3933 2258 3988 nomine
2284 3931 2801 4004 circumfemntur.

474 4122 655 4180 2754.
682 4124 940 4179 BAYERI
961 4122 1194 4190 Peretii,
1221 4124 1315 4180 De
1340 4122 1654 4180 l’alfabeto
1679 4142 1717 4197 y
1741 4123 1961 4197 lengua
1984 4123 2059 4180 de
2084 4123 2176 4180 los
2201 4122 2451 4180 Fenices
2477 4142 2515 4197 y
2540 4123 2615 4180 de
2642 4141 2778 4180 suas
2804 4122 3114 4190 Colonias,
3141 4122 3203 4179 in
3228 4122 3355 4190 fol.,
3382 4124 3470 4180 M.
3502 4123 3596 4180 82.

708 4219 937 4290 Questo
969 4218 1170 4276 scritto
1199 4219 1232 4276 e
1260 4227 1501 4276 estratto
1530 4218 1961 4276 dall’edizione
1989 4218 2050 4276 di
2080 4218 2365 4276 Sallustio
2394 4218 2492 4276 coi
2520 4218 2839 4276 medesimi
2867 4218 3136 4276 caratteri
3164 4237 3197 4276 e
3226 4219 3282 4276 le
3312 4227 3500 4276 stesse
3526 4218 3803 4293 preziose
3830 4219 4030 4276 tavole
4058 4218 4119 4276 di
4145 4218 4485 4276 bellissimo

706 4314 975 4389 intaglio,
1003 4333 1179 4372 come
1202 4315 1324 4389 può
1350 4314 1586 4372 vedersi
1611 4333 1644 4372 e
1669 4333 1845 4372 come
1870 4315 1930 4372 lo
1956 4314 2216 4389 esprime
2240 4315 2728 4372 un’advertentia
2754 4315 3127 4372 dell’autore.

474 4505 655 4563 2755.
692 4507 950 4562 BAYERI
981 4505 1302 4580 Theophili
1339 4505 1642 4580 Sigefridi,
1679 4507 1773 4563 De
1807 4505 2089 4563 Nummis
2123 4505 2389 4563 romanis
2424 4505 2486 4562 in
2522 4524 2664 4580 agro
2699 4505 2977 4563 Prussico
3011 4505 3277 4580 repertis,
3315 4505 3800 4573 commentarius,
3837 4505 4079 4580 Lipsiae
4121 4506 4296 4573 1722,
4333 4505 4395 4562 in
4432 4506 4484 4573 8,

707 4601 834 4676 fig.,
861 4603 949 4659 M.
979 4601 1075 4659 57.

716 4698 851 4755 Con
875 4698 911 4756 9
937 4698 1137 4755 tavole
1161 4697 1468 4772 intagliate
1492 4697 1554 4754 in
1576 4716 1759 4755 rame.

474 4889 655 4947 2756.
708 4891 966 4946 BAYERI
1013 4889 1334 4964 Theophili
1388 4889 1691 4964 Sigefridi,
1745 4889 2012 4947 Historia
2062 4889 2379 4947 Osrhoena
2428 4898 2487 4947 et
2535 4890 2844 4947 Edessena
2893 4908 2969 4947 ex
3019 4889 3282 4947 nummis
3334 4889 3443 4947 illu
3499 4891 3577 4964 [p.
3631 4890 3734 4959 44]
3793 4898 3985 4957 strata,
4038 4889 4359 4964 Petropoli,
4413 4908 4488 4947 ex

706 4985 1102 5060 typographia
1125 4985 1514 5053 Academiae,
1549 4986 1724 5053 1734,
1750 4985 1812 5042 in
1835 4986 1892 5053 4,
1920 4985 2024 5060 fig.

707 5081 842 5138 Con
871 5089 1017 5138 sette
1044 5081 1245 5138 tavole
1272 5080 1579 5155 intagliate
1606 5080 1669 5137 in
1694 5099 1876 5148 rame,
1907 5099 2091 5155 opera
2117 5080 2456 5138 dottissima
2482 5099 2515 5138 e
2542 5080 2838 5138 intitolata
2863 5081 3023 5138 nella
3047 5080 3396 5155 prefazione
3425 5080 3753 5138 all’esimio
3782 5080 4149 5138 orientalista
4176 5080 4486 5155 Giuseppe

709 5176 957 5234 Simone
982 5176 1323 5234 Assemani.

474 5368 655 5426 2757.
718 5370 989 5426 BEGERII
1048 5368 1367 5436 Laurentii,
1430 5368 1769 5426 Thesaurus
1830 5368 2353 5443 Brandeburgicus
2417 5369 2692 5436 selectus,
2758 5368 2886 5426 sive
2948 5387 3340 5443 gemmarum,
3404 5377 3462 5426 et
3521 5368 3954 5426 numismatum
4013 5387 4367 5443 graecorum
4425 5368 4488 5425 in

707 5464 1118 5522 cimeliarchio
1143 5464 1634 5539 Brandeburgico
1660 5464 2098 5539 elegantiorum
2123 5464 2305 5522 series
2331 5464 2767 5522 commentario
2792 5464 3134 5532 illustratae,
3162 5464 3459 5522 Coloniae
3483 5464 3831 5522 Marcichae
3863 5464 4038 5532 1666,
4066 5465 4185 5522 vol.
4216 5465 4270 5532 3,
4297 5464 4401 5539 fig.

702 5561 786 5617 Le
831 5560 1032 5617 tavole
1080 5578 1230 5617 sono
1277 5559 1338 5617 di
1385 5568 1659 5617 accurata
1703 5559 2082 5627 esecuzione,
2131 5578 2230 5617 ma
2276 5578 2457 5617 senza
2502 5560 2678 5617 alcun
2724 5568 2899 5634 gusto
2946 5578 2979 5617 e
3027 5578 3239 5634 sapore
3285 5559 3653 5617 dell’antico.
3703 5560 3966 5634 L’opera
4010 5560 4043 5617 è
4089 5559 4410 5634 grandiosa
4454 5578 4487 5617 e

707 5655 1047 5713 dottissima
1072 5674 1105 5713 e
1133 5655 1295 5713 forse
1323 5656 1381 5713 la
1404 5655 1510 5730 più
1536 5655 1789 5730 copiosa
1815 5655 1905 5713 fra
1930 5656 2129 5730 quelle
2157 5655 2268 5713 che
2298 5674 2449 5713 sono
2476 5655 2782 5713 illustrate.
2812 5657 2896 5713 Le
2923 5656 3123 5713 tavole
3153 5664 3363 5713 stanno
3392 5655 3482 5713 fra
3507 5655 3550 5712 il
3576 5664 3730 5713 testo
3760 5664 4008 5713 accanto
4037 5656 4153 5713 alle
4178 5655 4486 5730 rispettive

709 5751 1099 5826 spiegazioni.

474 5943 655 6001 2758.
700 5945 971 6001 BEGERII
1011 5943 1331 6011 Laurentii,
1377 5943 1826 6018 Contemplatio
1870 5962 2247 6018 gemmarum
2287 5944 2683 6018 quarumdam
2723 5943 3220 6018 Dactyliothecae
3263 5943 3509 6001 Gorlaei
3552 5952 3685 6001 ante
3726 5943 4041 6001 biennium
4081 5952 4139 6001 et
4181 5952 4389 6001 auctae
4431 5952 4489 6001 et

706 6039 1049 6107 illustratae,
1077 6039 1373 6097 Coloniae
1397 6039 1922 6114 Brandeburgicae
1954 6039 2129 6107 1697,
2156 6039 2218 6096 in
2241 6040 2298 6107 4,
2326 6039 2430 6114 fig.

701 6170 784 6174 —
825 6134 1011 6192 Unito
1056 6153 1089 6192 e
1133 6135 1351 6209 legato:
1399 6134 1827 6209 Meleagrides,
1874 6143 1932 6192 et
1973 6134 2187 6202 Etolia,
2234 6153 2309 6192 ex
2352 6134 2715 6192 numismate
2761 6134 3043 6209 Kypieon
3088 6135 3246 6209 apud
3290 6134 3581 6202 Goltium,
3627 6134 3780 6192 inter
3824 6134 4043 6209 spersis
4088 6134 4486 6192 marmoribus

707 6230 1070 6305 quibusdam
1110 6231 1185 6288 de
1226 6230 1523 6305 Meleagri
1564 6230 1819 6298 interitu,
1864 6239 1922 6288 et
1963 6230 2088 6305 apri
2130 6230 2454 6305 Calydonii
2496 6230 2834 6298 venatione,
2878 6230 2940 6287 in
2981 6231 3182 6288 lucem
3223 6230 3579 6298 vindicatae,
3624 6230 3920 6288 Coloniae
3961 6230 4486 6305 Brandeburgicae

714 6326 889 6394 1696,
915 6326 977 6383 in
1000 6327 1057 6394 4,
1085 6326 1189 6401 fig.

701 6458 784 6462 —
810 6424 877 6479 In
906 6422 1047 6480 fine.
1081 6423 1312 6480 Cranae
1340 6423 1543 6480 Insula
1570 6422 1837 6480 Laconia
1864 6423 2080 6480 eadem
2106 6423 2340 6480 Helena
2367 6422 2527 6480 dicta
2554 6431 2612 6480 et
2638 6422 2989 6497 Minyarum
3014 6422 3270 6497 posteris
3300 6422 3562 6480 habitata
3589 6441 3664 6480 ex
3693 6422 4053 6480 Numismat.
4087 6422 4424 6480 Goltzianis
4455 6441 4489 6480 a

2171 6657 2347 6694 WWW.
2358 6637 2734 6710 memofonte.
2748 6639 2791 6694 il
