4958 7017
1981 864 2366 922 Fondazione
2390 864 2775 922 Memofonte
2800 865 2976 922 onlus

1390 960 1600 1018 Studio
1624 979 1731 1035 per
1754 960 2226 1018 l’elaborazione
2250 960 2632 1018 informatica
2655 961 2813 1018 delle
2838 960 2991 1018 fonti
3018 960 3571 1018 storico—artistiche

712 1251 989 1320 formis.

713 1363 942 1434 Questo
969 1363 1214 1420 volume
1238 1363 1397 1420 nelle
1424 1362 1510 1420 sei
1535 1381 1717 1437 opere
1742 1362 2019 1420 contiene
2043 1363 2244 1420 tavole
2276 1363 2408 1420 133.

475 1559 690 1627 2142.
724 1560 915 1627 VITE
940 1580 979 1627 e
1007 1558 1253 1627 ritratti
1284 1558 1623 1627 d’illustri
1654 1558 1952 1640 Italiani,
1985 1558 2296 1640 Padova,
2330 1558 2749 1648 Tipografia
2777 1558 3088 1640 Bettoni,
3130 1559 3316 1627 1812
3347 1580 3386 1627 e
3418 1580 3614 1648 segg.

713 1670 930 1744 Opera,
958 1669 1069 1727 che
1096 1678 1184 1727 sta
1205 1669 1670 1744 pubblicandosi
1694 1669 1757 1726 in
1780 1670 1832 1727 4.

473 1867 566 1955 [p.
597 1866 766 1948 371]

467 2076 682 2144 2143.
711 2077 1081 2143 RITRATTI
1105 2075 1444 2144 d’illustri
1475 2075 1752 2144 Italiani
1782 2075 2077 2157 viventi,
2110 2075 2421 2157 Padova,
2453 2075 2841 2165 tipografia
2869 2075 3180 2157 Bettoni,
3222 2075 3430 2157 1815,
3463 2075 3537 2143 in
3565 2076 3632 2144 4.

736 2188 822 2244 La
853 2186 1047 2261 prima
1080 2186 1141 2244 di
1176 2195 1385 2261 queste
1420 2187 1536 2244 due
1571 2205 1753 2261 opere
1787 2186 1849 2243 in
1882 2186 2128 2261 ispecie,
2166 2186 2278 2244 che
2311 2186 2698 2261 progredisce
2734 2187 2789 2244 al
2826 2205 2934 2244 suo
2969 2186 3238 2254 termine,
3276 2187 3643 2261 comprende
3677 2205 3797 2244 una
3832 2186 3983 2244 serie
4018 2186 4079 2244 di
4115 2186 4193 2244 60
4227 2186 4488 2261 preziosi

726 2282 932 2340 ritratti
963 2282 1255 2357 intagliati
1287 2301 1320 2340 e
1352 2282 1649 2357 disegnati
1681 2283 1777 2340 da’
1814 2282 1992 2357 primi
2025 2282 2210 2340 artisti
2243 2282 2487 2350 viventi,
2522 2283 2782 2340 essendo
2815 2283 2871 2340 le
2903 2282 3194 2340 memorie
3228 2282 3490 2340 storione
3522 2291 3717 2340 estese
3750 2283 3845 2340 da’
3882 2282 3987 2357 più
4018 2282 4204 2340 chiari
4236 2282 4486 2340 letterati

728 2379 826 2436 del
853 2379 1077 2436 secolo.

488 2575 703 2643 2144.
737 2576 849 2643 De
878 2576 1033 2643 Vos
1063 2574 1402 2643 Martino.
1436 2574 1626 2643 Vedi
1660 2574 2057 2644 0raculum
2086 2574 2697 2655 anachoreticum,
2742 2577 2914 2655 Vita,
2951 2577 3215 2643 Passio
3246 2588 3316 2643 et
3339 2577 3804 2643 Resurrectio
3839 2574 4125 2644 Christi.

1801 2985 2485 3077 DIZIONARI
2523 2987 2600 3075 E
2637 2985 3396 3077 ABECEDARI

479 3321 694 3390 2145.
727 3322 1021 3403 AQUINI
1044 3321 1311 3403 Caroli,
1344 3321 1912 3390 Vocabularium
1939 3321 2480 3390 Architecturae
2512 3321 3070 3403 aedificatoriae,
3103 3323 3403 3403 Romae,
3445 3322 3654 3403 1784,
3687 3321 3761 3389 in
3790 3332 4061 3411 quarto.

713 3433 914 3507 Opera
937 3433 1265 3490 eccellente
1288 3451 1395 3507 per
1418 3432 1681 3490 l’analisi
1707 3432 1818 3490 che
1843 3432 2019 3490 viene
2045 3432 2190 3490 fatta
2213 3433 2373 3490 della
2398 3432 2859 3507 signiﬁcazione
2884 3432 3097 3507 d’ogni
3122 3433 3441 3490 vocabolo.

471 3628 686 3697 2146.
723 3630 1222 3697 BALDINUCCI
1247 3628 1554 3718 Filippo,
1590 3628 2079 3697 Vocabolario
2111 3639 2412 3697 toscano
2446 3628 2774 3697 dell’arte
2807 3628 2925 3697 del
2958 3628 3262 3718 disegno
3295 3628 3414 3697 nel
3446 3628 3659 3718 quale
3694 3628 3753 3697 si
3787 3628 4158 3718 esplicano
4191 3628 4214 3696 i
4246 3628 4486 3718 propri

711 3743 996 3812 termini
1037 3765 1076 3812 e
1115 3743 1283 3812 voci
1323 3765 1469 3812 non
1511 3743 1670 3812 solo
1712 3743 1903 3812 della
1939 3743 2218 3833 pittura,
2264 3743 2576 3812 scultura
2615 3754 2684 3812 et
2724 3743 3174 3812 architettura
3212 3765 3332 3812 ma
3372 3765 3634 3812 ancora
3672 3743 3745 3812 di
3787 3743 3958 3812 altre
4000 3743 4126 3812 arti
4168 3765 4208 3812 a
4246 3743 4488 3833 quella

715 3858 1174 3927 subordinate
1211 3880 1250 3927 e
1288 3858 1421 3927 che
1460 3858 1770 3927 abbiano
1806 3880 1932 3948 per
1966 3858 2439 3927 fondamento
2476 3858 2528 3926 il
2565 3858 2892 3948 disegno,
2934 3880 3073 3927 con
3109 3858 3179 3927 la
3213 3858 3484 3927 notizia
3519 3858 3632 3927 de’
3678 3858 3880 3927 nomi
3918 3880 3957 3927 e
3993 3858 4263 3948 qualità
4298 3858 4487 3927 delle

713 3973 928 4063 gioie,
961 3973 1234 4042 metalli
1265 3995 1304 4042 e
1332 3973 1557 4063 pietre
1587 3973 1760 4042 dure
1790 3995 1893 4042 ec.
1927 3973 2244 4055 Firenze,
2276 3995 2403 4063 per
2432 3973 2631 4042 Santi
2660 3973 2983 4055 Franchi,
3025 3973 3233 4055 1681,
3266 3973 3340 4041 in
3368 3974 3435 4042 4.

711 4084 892 4142 Libro
921 4084 1220 4159 prezioso,
1253 4084 1364 4142 che
1393 4084 1470 4142 ha
1497 4084 1627 4142 tutti
1656 4084 1676 4141 i
1704 4084 1974 4159 requisiti
2002 4103 2109 4159 per
2137 4084 2227 4142 far
2254 4093 2407 4142 testo
2438 4084 2499 4142 di
2529 4084 2734 4159 lingua
2763 4103 2796 4142 e
2825 4085 2985 4142 nella
3012 4093 3173 4142 terza
3201 4084 3479 4142 edizione
3509 4085 3607 4142 del
3636 4084 4044 4142 Vocabolario
4074 4085 4234 4142 della
4262 4085 4490 4142 Crusca

711 4180 906 4238 infatti
932 4199 1254 4238 ammesso.

483 4376 698 4444 2147.
732 4377 1013 4444 BALBO
1038 4375 1505 4457 Bernardino,
1540 4375 1839 4444 Scamili
1869 4375 2179 4465 impares
2210 4375 2616 4457 vitruviani,
2648 4376 3022 4465 Augustae
3051 4375 3582 4444 vùidelicorum
3619 4375 3805 4444 1612
3835 4375 3909 4443 in
3937 4376 4014 4443 4-

483 4587 698 4655 2148.
735 4588 1013 4655 BASAN
1038 4588 1136 4668 F.,
1172 4586 1667 4655 Dictionnaire
1700 4586 1826 4655 des
1861 4608 2198 4676 graveurs
2234 4586 2526 4655 anciens
2561 4597 2630 4655 et
2660 4586 3042 4655 modernes
3077 4586 3266 4655 deux
3298 4586 3442 4655 vol.
3479 4608 3568 4655 en
3599 4608 3696 4655 un
3728 4586 3898 4668 vol.,
3933 4586 4127 4655 Paris
4170 4587 4378 4668 1789,
4414 4586 4488 4654 in

713 4712 957 4770 ottavo
987 4701 1113 4791 fig.

714 4812 943 4870 Sonovi
968 4813 1154 4870 molte
1178 4812 1513 4870 imitazioni
1538 4831 1571 4870 e
1598 4821 1827 4887 stampe
1852 4812 1913 4870 di
1939 4812 2105 4870 vario
2133 4812 2265 4870 stile
2292 4812 2503 4870 situate
2529 4812 2619 4870 fra
2641 4812 2684 4869 il
2709 4821 2880 4870 testo.

471 5009 686 5078 2149.
747 5010 1018 5077 BOBEL
1067 5010 1165 5090 P.,
1225 5009 1484 5077 Trésor
1540 5008 1629 5077 de
1685 5008 2107 5077 recherches
2167 5019 2236 5077 et
2292 5008 2674 5098 antiquités
2733 5008 3098 5098 gauloises
3157 5019 3226 5077 et
3281 5008 3704 5097 francoises,
3763 5008 4074 5077 réduites
4134 5030 4223 5077 en
4280 5008 4486 5077 ordre

714 5123 1239 5213 alphabetique,
1272 5123 1466 5192 Paris
1506 5123 1714 5205 1655,
1748 5123 1822 5191 in
1850 5124 1917 5192 4.

705 5281 804 5286 —
844 5238 1172 5307 Accedit:
1221 5240 1334 5307 De
1376 5238 1763 5307 verborum
1804 5238 2373 5307 vitruvianorum
2417 5238 2954 5328 significatione
2997 5249 3066 5307 et
3106 5238 3254 5307 vita
3294 5238 3606 5307 Vitruvii
3651 5238 3913 5307 eodem
3956 5249 4244 5307 auctore
4287 5249 4356 5307 et
4397 5238 4487 5307 de

712 5353 1111 5422 macueulis
1145 5353 1519 5422 solaribus.
1555 5354 1791 5422 Senza
1818 5353 2040 5443 luogo
2071 5353 2161 5422 ed
2191 5375 2399 5422 anno.

485 5565 578 5653 [p.
614 5564 784 5646 372]

479 5774 694 5843 2150.
730 5775 955 5843 CEAN
978 5774 1383 5843 Bermudez
1415 5776 1503 5843 D.
1537 5776 1718 5843 Juan
1747 5774 2081 5864 Agostin,
2115 5774 2581 5843 Diccionario
2611 5774 2957 5843 historico
2989 5774 3078 5843 de
3108 5774 3219 5843 los
3250 5796 3405 5843 mas
3437 5774 3747 5843 illustres
3778 5774 4227 5864 professores
4260 5774 4349 5843 de
4379 5774 4484 5843 las

712 5889 955 5958 Bellas
985 5890 1197 5958 Artes
1229 5911 1318 5958 en
1346 5891 1703 5979 Espanna,
1736 5889 2028 5958 Madrid
2065 5890 2273 5971 1800,
2306 5889 2380 5957 in
2413 5890 2475 5958 8.
2509 5889 2810 5958 Volumi
2840 5891 2960 5958 VI.

713 6001 914 6075 Opera
936 6000 1288 6058 meritevole
1313 6001 1547 6058 d’esser
1570 6000 1923 6058 conosciuta
1946 6001 2022 6058 ed
2047 6000 2407 6075 applaudita,
2433 6000 2812 6058 ricchissima
2835 6000 2896 6058 di
2921 6000 3285 6075 cognizioni.

471 6196 686 6265 2151.
730 6194 1142 6278 CHOMPRÉ,
1179 6196 1675 6265 Dictionnaire
1715 6196 1976 6286 abrégé
2015 6196 2104 6265 de
2142 6196 2212 6265 la
2249 6196 2444 6265 fable
2483 6218 2665 6286 pour
2701 6196 3224 6286 l’intelligence
3263 6196 3390 6265 des
3429 6197 3680 6286 poétes
3721 6207 3878 6278 etc.,
3920 6196 4115 6265 Paris
4164 6197 4372 6278 1798,
4414 6196 4487 6264 in

721 6312 828 6380 12.

2171 6657 2347 6694 WWW.
2358 6637 2734 6710 memofonte.
2748 6639 2791 6694 il
