4958 7017
1981 864 2366 922 Fondazione
2390 838 2775 922 Memofonte
2800 865 2976 922 onlus

1390 960 1600 1018 Studio
1624 979 1731 1035 per
1754 960 2226 1018 l’elaborazione
2250 960 2632 1018 informatica
2655 961 2813 1018 delle
2838 960 2991 1018 fonti
3018 960 3571 1018 storico—artistiche

481 1247 639 1305 Ratti
664 1248 842 1315 Carl,
867 1247 988 1305 Del
1011 1247 1173 1305 bello
1199 1248 1310 1305 che
1328 1249 1457 1321 può
1482 1248 1719 1305 vedersi
1745 1250 1803 1305 in
1831 1249 2103 1315 Genova,
2130 1247 2312 1315 4225,
2338 1247 2518 1305 4226.

481 1391 639 1449 Ratti
664 1392 842 1459 Carl,
874 1394 1004 1449 Vita
1029 1391 1130 1449 del
1145 1394 1370 1465 pittore
1393 1394 1633 1465 Mengs,
1661 1391 1841 1449 2353.

481 1537 570 1593 Re
597 1536 767 1606 (del),
789 1536 1096 1593 Antichità
1123 1536 1422 1603 tiburtine,
1452 1535 1630 1593 3853.

479 1679 667 1737 Reale
692 1680 976 1753 giardino
1000 1680 1063 1737 di
1084 1679 1306 1737 Boboli
1332 1679 1649 1747 illustrato,
1676 1680 1857 1737 4218.

479 1823 862 1880 Recherches
886 1842 993 1880 sur
1015 1822 1102 1880 les
1128 1823 1358 1880 theatre
1383 1823 1458 1880 de
1485 1834 1679 1880 toutes
1705 1822 1792 1880 les
1816 1825 2077 1890 nations,
2112 1822 2285 1880 1775.

479 1966 730 2024 Re'cueil
752 1967 1124 2040 d’estampes
1148 1967 1228 2024 du
1254 1967 1383 2024 cab.
1414 1967 1494 2024 du
1516 1969 1645 2040 Roy
1672 1967 2026 2038 (Gabinetto
2051 1967 2114 2024 di
2141 1968 2405 2038 Crozat),
2435 1967 2614 2024 3447.

479 2110 730 2168 Re'cueil
752 2111 1124 2184 d’estampes
1148 2111 1256 2168 des
1282 2110 1420 2168 tabl.
1451 2111 1525 2168 de
1552 2110 1611 2168 la
1639 2110 1886 2168 Galerie
1911 2111 1986 2168 de
2009 2111 2266 2178 Dresde,
2296 2111 2474 2168 3448.

487 2399 565 2472 [p.
594 2398 676 2467 IX]

479 2685 730 2743 Re'cueil
752 2686 860 2743 des
884 2686 1158 2743 marbres
1182 2688 1462 2759 antiques
1486 2686 1566 2743 du
1589 2688 1705 2743 Roi
1727 2686 1802 2743 de
1826 2685 2120 2759 Pologne,
2149 2685 2327 2743 3548.

479 2828 730 2886 Re'cueil
752 2829 827 2886 de
853 2828 1145 2902 quelques
1162 2830 1374 2902 pièces
1399 2840 1839 2886 concernantes
1865 2828 1952 2886 les
1976 2840 2120 2896 arts,
2147 2829 2245 2887 49.

479 2972 730 3030 Re'cueil
752 2973 860 3030 des
885 2972 1284 3030 habillèmens
1308 2973 1383 3030 de
1407 2973 1755 3046 diﬂèrentes
1779 2975 2040 3040 nations,
2075 2972 2248 3030 1776.

479 3116 825 3190 Réﬂexions
849 3117 999 3174 d’un
1016 3119 1283 3190 patriote
1308 3136 1415 3174 sur
1437 3116 1695 3190 l’Opéra
1720 3119 2036 3191 Francois,
2065 3116 2162 3184 50,
2189 3116 2327 3174 776.

479 3260 825 3334 Réﬂexions
849 3280 956 3318 sur
978 3260 998 3318 l
1011 3262 1152 3318 ’état
1166 3262 1418 3334 présent
1439 3261 1514 3318 de
1541 3260 1600 3318 la
1618 3263 1899 3334 peinture
1926 3280 1999 3318 en
2023 3263 2279 3328 France,
2314 3261 2445 3319 192.

479 3406 709 3477 Regate
737 3406 795 3461 in
825 3406 1079 3467 Venezia
1097 3423 1216 3477 per
1236 3404 1460 3461 diversi
1476 3406 1762 3477 principi,
1790 3403 1929 3461 vedi
1955 3404 2165 3461 all’art.
2193 3406 2387 3461 Feste.

481 3548 796 3622 Regnault,
827 3547 1018 3605 Catal.
1050 3548 1130 3605 du
1156 3548 1286 3605 cab.
1317 3548 1392 3605 de
1415 3550 1496 3605 M.
1526 3547 1877 3615 Beauvalet,
1903 3547 2084 3605 4555.

481 3692 796 3766 Regnault,
827 3693 953 3749 Cat.
985 3692 1065 3749 du
1091 3692 1221 3749 cab.
1252 3692 1327 3749 de
1350 3694 1431 3749 M.
1460 3694 1686 3759 Bazan,
1713 3691 1894 3749 4556.

481 3836 796 3910 Regnault,
827 3837 953 3893 Cat.
985 3836 1065 3893 du
1091 3836 1221 3893 cab.
1252 3836 1327 3893 de
1350 3836 1514 3893 Mad.
1541 3835 1792 3903 Alibert,
1819 3835 2000 3893 4566.

481 3979 796 4053 Regnault,
827 3980 953 4036 Cat.
985 3979 1065 4036 du
1091 3979 1221 4036 cab.
1252 3979 1327 4036 de
1350 3981 1431 4036 M.
1460 3979 1741 4052 Leoﬂroy
1765 3979 1840 4036 de
1866 3980 1917 4036 S.
1954 3981 2116 4046 Yves,
2143 3978 2324 4036 4571.

481 4123 796 4197 Regnault,
827 4124 953 4180 Cat.
985 4123 1065 4180 du
1091 4123 1221 4180 cab.
1252 4123 1327 4180 de
1350 4125 1431 4180 M.
1460 4122 1755 4190 Delhaas,
1782 4122 1963 4180 4572.

481 4267 796 4341 Regnault,
820 4269 1036 4324 Notice
1061 4267 1136 4324 de
1163 4266 1301 4324 tabl.
1333 4267 1408 4324 de
1433 4267 1720 4340 diﬂerens
1744 4269 2009 4334 maitres,
2036 4266 2218 4324 4575.

481 4411 796 4485 Regnault,
827 4412 953 4468 Cat.
985 4411 1065 4468 du
1091 4411 1221 4468 cab.
1252 4411 1327 4468 de
1350 4413 1431 4468 M.
1463 4395 1802 4478 d’Étienne,
1829 4410 2009 4468 4577.

481 4554 796 4628 Regnault,
827 4555 953 4611 Cat.
985 4554 1065 4611 du
1091 4554 1221 4611 cab.
1252 4554 1327 4611 de
1350 4556 1431 4611 M.
1464 4553 1763 4621 Silvestre,
1790 4553 1972 4611 4582.

481 4698 796 4772 Regnault,
827 4699 953 4755 Cat.
985 4698 1065 4755 du
1091 4698 1221 4755 cab.
1252 4698 1327 4755 de
1350 4700 1431 4755 M.
1463 4698 1537 4755 de
1560 4698 1902 4765 Baudouin,
1928 4697 2109 4755 4552.

479 4841 901 4915 Regolamenti
926 4861 957 4899 e
982 4844 1188 4899 statuti
1211 4841 1335 4899 dell
1348 4842 1582 4899 ’Accad.
1614 4842 1677 4899 di
1700 4844 1969 4909 Firenze,
2004 4842 2176 4899 1347.

479 4985 901 5059 Regolamenti
924 4985 1048 5043 dell
1061 4986 1295 5043 ’Accad.
1326 4986 1389 5043 di
1413 4987 1464 5043 S.
1493 4988 1658 5043 Luca
1686 4988 1744 5043 in
1767 4988 1978 5053 Roma,
2013 4986 2186 5043 1348.

479 5128 901 5202 Regolamenti
924 5129 999 5186 de
1026 5128 1084 5186 la
1113 5130 1553 5186 Communanté
1574 5129 1682 5186 des
1706 5130 1952 5186 maîtres
1976 5129 2051 5186 de
2078 5128 2224 5186 l’art
2245 5130 2283 5186 à
2307 5131 2503 5196 Paris,
2538 5129 2711 5187 1349.

479 5272 901 5346 Regolamenti
924 5272 1443 5330 dell’Accademia
1467 5273 1530 5330 di
1557 5275 1795 5340 Torino,
1830 5272 2003 5330 1350.

479 5416 901 5490 Regolamenti
924 5416 1281 5474 dell’antica
1301 5417 1671 5474 Accademia
1696 5417 1759 5474 di
1787 5419 2061 5484 Venezia,
2095 5416 2268 5474 1351.

479 5559 901 5633 Regolamenti
924 5560 966 5617 d
977 5561 1073 5617 ’un
1089 5560 1471 5617 ’Accademia
1488 5571 1788 5633 proposta
1813 5560 1893 5617 da
1920 5561 2052 5617 Gio.
2082 5562 2145 5617 B.
2182 5562 2350 5617 Vinci
2376 5562 2434 5617 in
2457 5562 2668 5627 Roma,
2703 5559 2876 5617 1352.

479 5703 901 5777 Regolamenti
924 5703 1443 5761 dell’Accademia
1467 5704 1530 5761 di
1552 5706 1795 5771 Parma,
1830 5703 2003 5761 1353.

479 5847 901 5921 Regolamenti
924 5847 1443 5905 dell’Accademia
1467 5848 1530 5905 di
1558 5850 1814 5915 Verona,
1848 5847 2021 5905 1354.

479 5991 901 6065 Regolamenti
924 5991 1443 6049 dell’Accademia
1471 5994 1788 6049 rinnovata
1812 5992 1875 6049 di
1899 5993 1950 6049 S.
1979 5994 2163 6059 Luca,
2198 5991 2370 6049 1355.

481 6134 894 6209 Reifenbergii
918 6135 1051 6202 Jul.,
1077 6134 1454 6192 Emblemata
1472 6134 1749 6208 politica,
1784 6135 1957 6193 1943.

481 6278 705 6336 Reisch
730 6279 930 6353 Greg,
955 6281 1300 6352 Margarita
1324 6278 1782 6352 Philosophica,
1811 6279 1989 6336 3321.

479 6422 774 6480 Relacion
799 6423 874 6480 de
901 6422 992 6480 las
1018 6425 1305 6496 exequias
1329 6423 1404 6480 de
1427 6422 1678 6496 Phelipe
1708 6425 1759 6480 V
1777 6442 1850 6480 en
1873 6425 2084 6490 Roma,
2118 6422 2291 6480 1512.

2171 6657 2347 6694 WWW.
2358 6637 2734 6710 memofonte.
2748 6639 2791 6694 it
