4958 7017
1981 864 2366 922 Fondazione
2390 838 2775 922 Memofonte
2800 865 2976 922 onlus

1390 960 1600 1018 Studio
1624 979 1731 1035 per
1754 960 2226 1018 l’elaborazione
2250 960 2632 1018 informatica
2655 961 2813 1018 delle
2838 960 2991 1018 fonti
3018 960 3571 1018 storico—artistiche

479 1345 557 1418 [p.
593 1343 729 1413 106]

1851 1548 2653 1640 ERUDIZIONE
2691 1549 3109 1639 VARIA

476 1784 655 1842 3161.
713 1785 1088 1842 ALEANDRO
1142 1784 1499 1842 Hieronimo
1547 1784 1768 1859 junior,
1825 1784 2126 1859 Antiquae
2180 1785 2418 1842 tabulae
2473 1803 2844 1842 marmoreae
2901 1784 3047 1842 solis
3103 1784 3316 1859 effigie
3373 1784 3788 1859 symbolisque
3843 1785 4159 1859 exculptae
4215 1793 4490 1842 accurata

707 1880 1049 1955 explicatio,
1076 1882 1308 1938 Romae
1340 1880 1515 1948 1616,
1542 1880 1604 1937 in
1627 1881 1684 1948 4,
1711 1882 1799 1938 M.
1827 1880 1925 1938 45.

699 1977 834 2034 Con
858 1977 974 2034 due
998 1977 1199 2034 tavole
1223 1976 1285 2033 in
1307 1995 1472 2034 rame
1497 1995 1530 2034 e
1555 1976 1680 2034 vari
1705 1976 2081 2034 monumenti
2105 1976 2398 2051 intagliati
2422 1976 2484 2033 in
2508 1977 2689 2051 legno
2713 1976 2980 2051 riportati
3005 1976 3095 2034 fra
3117 1976 3160 2033 il
3184 1985 3355 2034 testo.

476 2167 655 2225 3162.
699 2168 975 2225 ALIGERI
1013 2167 1315 2225 Francisci
1355 2167 1569 2225 Dantis
1610 2169 1691 2224 III
1732 2167 1866 2235 filii,
1909 2167 2205 2242 Dialogus
2249 2168 2394 2225 alter
2433 2168 2508 2225 de
2550 2167 2997 2242 antiquitatibus
3038 2167 3376 2225 Valentinis
3419 2186 3494 2225 ex
3535 2168 3669 2225 eod.
3713 2168 3934 2225 memb.
3981 2186 4098 2225 sec.
4142 2169 4287 2225 XVI
4328 2186 4485 2225 nunc

705 2263 968 2338 primum
990 2263 1053 2320 in
1077 2264 1278 2321 lucem
1301 2263 1495 2321 editus
1522 2282 1556 2321 a
1578 2265 1667 2321 Jo.
1695 2263 1994 2338 Cristoph.
2023 2263 2370 2331 Amadutio,
2397 2265 2630 2321 Romae
2662 2264 2837 2331 1773,
2864 2263 2926 2320 in
2953 2264 3006 2331 8,
3033 2265 3121 2321 M.
3150 2263 3246 2321 61.

476 2455 655 2513 3163.
688 2456 1146 2513 ALLEGRANZA
1175 2455 1485 2530 Giuseppe
1515 2455 1936 2523 domenicano,
1970 2455 2266 2530 Opuscoli
2296 2455 2529 2523 eruditi,
2562 2455 2729 2513 latini
2759 2456 2835 2513 ed
2863 2455 3110 2523 italiani,
3141 2455 3389 2513 raccolti
3419 2474 3452 2513 e
3482 2455 3813 2530 pubblicati
3843 2456 3920 2513 da
3947 2455 4180 2513 Isidoro
4210 2455 4484 2523 Bianchi,

707 2552 1009 2609 Cremona
1039 2552 1214 2619 1781,
1241 2551 1303 2608 in
1326 2552 1383 2619 4,
1411 2551 1515 2626 fig.

699 2647 834 2704 Con
860 2646 1096 2704 diverse
1122 2647 1323 2704 tavole
1348 2655 1522 2721 poste
1549 2646 1891 2704 d’incontro
1920 2646 1975 2704 ai
2000 2646 2233 2704 relativi
2260 2646 2538 2721 opuscoli
2564 2646 2871 2721 intagliate
2898 2647 3028 2704 così
3053 2647 3522 2714 barbaramente,
3552 2646 3663 2704 che
3688 2646 3881 2704 riesce
3908 2646 4079 2721 quasi
4105 2646 4486 2721 impossibile

706 2742 749 2799 il
776 2742 901 2800 fare
930 2761 1106 2800 sovra
1131 2742 1192 2800 di
1219 2761 1353 2800 esse
1380 2742 1848 2817 l’applicazione
1875 2743 1973 2800 del
1999 2751 2170 2800 testo.
2200 2742 2575 2817 Aggiuntovi
2602 2742 2857 2817 l’elogio
2887 2742 3107 2800 storico
3135 2742 3196 2800 di
3223 2742 3481 2800 Claudio
3508 2743 3811 2800 Fromond
3839 2742 4040 2800 scritto
4068 2743 4145 2800 da
4170 2743 4225 2800 d.
4254 2742 4487 2800 Isidoro

706 2838 978 2896 Bianchi.

476 3030 655 3088 3164.
688 3031 1153 3088 ALMELOVEEN
1181 3030 1533 3088 Theodorus
1564 3032 1628 3098 I.,
1661 3030 2077 3088 Amoenitates
2108 3030 2897 3105 theologico—philologicae
2927 3030 2989 3087 in
3019 3030 3236 3105 quibus
3268 3030 3432 3088 varia
3464 3031 3521 3088 S.
3558 3030 3894 3105 Scripturae
3925 3031 4078 3098 loca,
4110 3030 4254 3088 ritus
4284 3030 4485 3105 prisci,

707 3135 765 3184 et
787 3126 1012 3184 inedita
1035 3127 1334 3201 quaedam
1355 3126 1588 3184 Erasmi
1612 3126 1919 3184 Bochartii
1944 3135 2076 3194 etc.,
2104 3126 2548 3184 Amstelodami
2580 3126 2755 3194 1594,
2782 3126 2844 3183 in
2871 3127 2924 3194 8,
2951 3128 3039 3184 M.
3068 3127 3164 3184 72.

476 3317 655 3375 3165.
720 3318 1185 3375 ALMELOVEEN
1245 3317 1597 3375 Theodorus
1660 3319 1724 3385 I.,
1792 3318 2070 3392 Syllabus
2132 3317 2577 3392 plagiariorum.
2644 3317 2901 3375 Accedit
2962 3317 3208 3375 Henrici
3273 3317 3636 3392 Sypesteinii
3699 3318 3774 3375 de
3836 3317 4146 3392 Plagiariis
4210 3317 4483 3392 epistola,

706 3413 1151 3471 Amstelodami
1183 3413 1358 3481 1694,
1385 3413 1447 3470 in
1474 3414 1527 3481 8,
1554 3415 1642 3471 M.
1671 3414 1767 3471 72.

476 3605 655 3663 3166.
683 3606 999 3663 ARDUINO
1023 3607 1084 3663 P.
1115 3605 1252 3663 Gio.
1284 3606 1392 3663 sub
1418 3605 1664 3663 nomine
1689 3605 1969 3663 Eumenii
1994 3605 2213 3673 Pacati,
2241 3606 2340 3663 Ad
2364 3605 2545 3663 totius
2571 3607 2847 3680 Europae
2874 3605 3237 3680 antiquarios
3264 3614 3461 3663 utrum
3486 3606 3687 3663 laurea
3711 3606 4136 3663 concedenda?
4164 3606 4201 3662 2
4228 3605 4486 3680 foglietti

707 3700 812 3775 fig.
840 3702 928 3758 M.
957 3701 1054 3758 20.

476 3892 655 3950 3167.
688 3893 901 3949 AZARI
931 3892 1241 3967 Giuseppe
1272 3892 1560 3960 Antonio,
1593 3894 1833 3950 Marmo
1864 3892 2240 3950 taurobolico
2272 3893 2602 3960 locarnese;
2636 3892 2800 3950 ossia
2829 3892 3260 3950 dissertazione
3293 3911 3362 3950 su
3392 3893 3579 3950 d’una
3607 3893 3810 3950 tavola
3839 3911 4175 3950 marmorea
4204 3892 4487 3950 esistente

706 3988 768 4045 in
802 3990 1095 4056 Locarno,
1134 4007 1250 4046 ove
1286 3989 1319 4046 è
1357 3988 1612 4063 scolpita
1647 4007 1681 4046 a
1712 3989 1894 4046 basso
1929 3988 2143 4046 rilievo
2179 4007 2298 4046 una
2331 3997 2482 4046 testa
2516 3988 2577 4046 di
2612 3997 2743 4046 toro
2780 4007 2897 4046 con
2932 3988 3153 4046 festoni
3191 4007 3372 4046 senza
3407 3989 3621 4046 alcuna
3654 3988 3996 4056 iscrizione;
4035 3988 4483 4056 dissertazione,

706 4084 942 4142 Milano
975 4084 1150 4152 1795,
1177 4084 1239 4141 in
1266 4085 1318 4142 8.

703 4181 819 4238 Col
842 4181 1024 4238 basso
1048 4180 1262 4238 rilievo
1287 4180 1598 4255 intagliato
1623 4180 1685 4237 in
1708 4199 1889 4238 rame.
1917 4180 2221 4238 Memoria
2246 4180 2645 4255 superficiale.

476 4371 655 4429 3168.
682 4373 996 4429 BALASSA
1018 4371 1338 4439 Francisci,
1366 4372 1626 4429 Casulae
1654 4371 1855 4429 Sancti
1883 4371 2169 4446 Stephani
2192 4371 2351 4446 regis
2382 4373 2460 4446 [p.
2497 4372 2634 4441 107]
2665 4371 3048 4446 Hunghariae
3074 4390 3215 4429 vera
3237 4371 3461 4446 imago,
3490 4380 3548 4429 et
3571 4371 3890 4446 expositio,
3917 4371 4192 4429 Viennae
4224 4371 4399 4439 1754,
4426 4371 4488 4428 in

706 4468 763 4535 4,
791 4467 895 4542 fig.

476 4659 655 4718 3169.
695 4661 985 4717 BANDINI
1021 4660 1261 4734 Angelo
1299 4659 1514 4727 Maria,
1554 4661 1621 4716 In
1659 4659 1965 4734 antiquam
2000 4660 2267 4717 tabulam
2303 4660 2630 4717 eburneam
2668 4678 2835 4717 sacra
2871 4660 3170 4734 quaedam
3204 4661 3246 4717 I.
3288 4660 3356 4717 C.
3397 4659 3674 4717 Misteria
3710 4659 4112 4727 exhibentem,
4152 4659 4487 4717 Florentiae

714 4755 889 4823 1746,
915 4755 977 4812 in
1000 4756 1057 4823 4,
1085 4755 1211 4830 fig.,
1238 4757 1326 4813 M.
1355 4756 1452 4814 29.

712 4851 847 4908 Con
871 4851 987 4908 due
1011 4851 1212 4908 tavole
1236 4850 1542 4925 intagliate
1566 4850 1629 4907 in
1651 4869 1833 4908 rame.

476 5043 655 5100 3170.
682 5044 980 5100 BARTOLI
1004 5042 1332 5117 Giuseppe,
1359 5043 1605 5100 L’antro
1630 5042 1917 5100 Eleusino
1941 5051 2387 5117 rappresentato
2412 5042 2475 5099 in
2499 5061 2579 5100 un
2604 5061 2784 5117 greco
2811 5042 3008 5100 antico
3032 5043 3215 5100 basso
3239 5042 3453 5100 rilievo
3480 5043 3578 5100 del
3602 5044 3824 5100 Museo
3849 5042 4008 5100 Nani
4033 5061 4066 5100 e
4093 5042 4364 5117 spiegato
4390 5043 4488 5100 col

705 5157 1008 5213 paragone
1033 5139 1131 5196 del
1157 5138 1193 5196 6
1219 5138 1372 5196 libro
1397 5139 1555 5196 delle
1579 5138 1807 5196 Eneide
1832 5138 1893 5196 di
1917 5138 2195 5213 Virgilio,
2230 5138 2404 5206 1761,
2431 5138 2493 5195 in
2516 5139 2573 5206 4,
2601 5138 2728 5213 fig.,
2755 5140 2843 5196 M.
2872 5140 2949 5196 77
2977 5157 3010 5196 e
3034 5139 3131 5196 78.

707 5235 842 5292 Con
865 5253 984 5292 una
1006 5235 1209 5292 tavola
1231 5234 1539 5309 intagliata
1561 5234 1624 5291 in
1646 5253 1828 5292 rame.

476 5426 655 5483 3171.
682 5427 979 5483 BARTOLI
1003 5425 1332 5500 Giuseppe,
1359 5427 1472 5483 Tre
1494 5425 1931 5500 ragionamenti
1955 5425 2192 5483 intorno
2219 5426 2274 5483 al
2299 5425 2507 5483 dittico
2534 5425 2907 5497 Quiriniano,
2934 5427 3145 5483 Parma
3175 5426 3350 5493 1747,
3377 5425 3439 5482 in
3462 5426 3519 5493 4,
3547 5425 3673 5500 fig.,
3700 5427 3788 5483 M.
3817 5426 3893 5484 93
3922 5444 3955 5483 e
3980 5426 4077 5484 98.

709 5521 772 5579 Si
805 5521 1051 5579 difende
1083 5521 1146 5578 in
1178 5530 1391 5596 questo
1425 5521 1578 5579 libro
1612 5521 1947 5579 l’antichità
1978 5522 2076 5579 del
2109 5521 2318 5579 dittico
2352 5530 2560 5579 contro
2593 5521 2636 5578 il
2669 5521 2892 5579 Maffei
2925 5540 2958 5579 e
2994 5540 3057 5579 se
3090 5540 3165 5579 ne
3198 5521 3446 5579 confuta
3477 5540 3595 5579 una
3629 5521 4016 5596 spiegazione
4050 5521 4221 5589 falsa,
4257 5540 4374 5579 con
4406 5540 4487 5579 un

705 5626 1011 5692 poemetto
1043 5618 1134 5675 sul
1167 5620 1320 5675 Vero
1350 5618 1674 5675 dell’abate
1702 5617 1979 5692 Frugoni.
2014 5618 2178 5675 Sono
2208 5618 2264 5675 le
2292 5618 2492 5675 tavole
2521 5618 2619 5675 del
2648 5617 2855 5675 dittico
2886 5618 2941 5675 al
2970 5617 3112 5675 fine:
3146 5636 3246 5675 ma
3273 5618 3597 5692 dovunque
3626 5626 3839 5692 questo
3869 5626 4261 5675 monumento
4291 5636 4486 5675 venne

707 5713 1021 5788 disegnato
1047 5732 1080 5771 e
1104 5713 1433 5788 intagliato,
1461 5714 1521 5771 lo
1547 5713 1613 5771 fu
1639 5713 2133 5788 sgraziatamente
2157 5713 2200 5770 il
2223 5713 2328 5788 più
2352 5714 2510 5771 delle
2535 5714 2697 5771 volte
2723 5732 2840 5771 con
2862 5732 3020 5788 poca
3043 5713 3295 5771 fortuna.

476 5905 655 5962 3172.
684 5906 1100 5962 BARTHOLINI
1123 5904 1411 5972 Thomae,
1440 5906 1534 5962 De
1560 5904 1853 5962 unicornu
1879 5904 2332 5962 observationes
2359 5923 2572 5962 novae.
2605 5905 2883 5962 Secunda
2908 5904 3172 5962 editione
3200 5904 3494 5962 auctiores
3522 5913 3580 5962 et
3605 5904 4043 5962 emendatiores
4071 5904 4266 5962 editae
4294 5923 4328 5962 a
4353 5904 4487 5962 filio

707 6001 975 6075 Gasparo
1000 6000 1371 6068 Bartholino,
1398 6001 1785 6058 Amsterdam
1815 6000 1990 6068 1678,
2017 6000 2079 6057 in
2110 6001 2200 6058 12.

712 6097 847 6154 Con
871 6097 950 6153 24
975 6105 1090 6154 tav.
1118 6096 1180 6153 in
1202 6115 1367 6154 rame
1392 6097 1468 6154 ed
1491 6115 1609 6154 una
1635 6105 1927 6171 stampata
1951 6096 2209 6154 assieme
2235 6097 2290 6154 al
2314 6105 2486 6154 testo.
2514 6097 2562 6153 Il
2587 6096 2980 6171 frontespizio
3006 6097 3039 6154 è
3063 6096 3257 6154 inciso
3283 6097 3360 6154 da
3382 6098 3493 6154 Ro.
3522 6097 3597 6154 de
3622 6096 3892 6171 Hoaghe.

476 6289 655 6346 3173.
684 6290 957 6346 BEROSO
985 6289 1294 6346 sacerdote
1321 6289 1552 6356 caldeo,
1581 6290 1606 6345 I
1633 6288 1850 6363 cinque
1877 6288 2012 6346 libri
2039 6288 2477 6346 dell’antichità
2503 6307 2620 6346 con
2646 6289 2706 6346 lo
2734 6297 3081 6346 commento
3109 6288 3170 6346 di
3198 6288 3503 6346 Giovanni
3530 6288 3734 6346 Annio
3762 6289 3839 6346 da
3863 6288 4133 6356 Viterbo,
4162 6288 4400 6346 tradotti
4426 6288 4488 6345 in

706 6384 951 6442 italiano
977 6385 1054 6442 da
1076 6384 1272 6442 Pietro
1297 6386 1510 6452 Lauro,
1537 6384 1825 6452 Venezia,
1851 6403 1958 6459 per
1980 6384 2325 6442 Baldissera
2348 6384 2704 6452 Costantini,
2739 6384 2914 6452 1550,
2940 6384 3002 6441 in
3029 6385 3081 6442 8.

2171 6657 2347 6694 WWW.
2358 6637 2734 6710 memofonte.
2748 6639 2791 6694 il
