4958 7017
1981 864 2366 922 Fondazione
2390 864 2775 922 Memofonte
2800 865 2976 922 onlus

1390 960 1600 1018 Studio
1624 979 1731 1035 per
1754 960 2226 1018 l’elaborazione
2250 960 2632 1018 informatica
2655 961 2813 1018 delle
2838 960 2991 1018 fonti
3018 960 3571 1018 storico—artistiche

2287 1248 2672 1305 MDCCCIV

473 1343 655 1401 4567.
682 1345 975 1411 PAILLET,
1003 1344 1337 1418 Catalogue
1362 1344 1468 1401 des
1493 1344 1789 1411 tableaux,
1817 1344 2100 1411 marbres,
2126 1344 2382 1401 bronzes
2408 1352 2518 1401 etc.
2547 1344 2627 1401 du
2651 1343 2907 1401 Cabinet
2930 1344 3005 1401 de
3029 1345 3117 1401 M.
3145 1345 3437 1411 Dutartre,
3464 1343 3627 1401 Paris
3660 1344 3835 1411 1804,
3862 1343 3924 1400 in
3951 1344 4004 1411 8,
4032 1346 4130 1401 coi
4146 1346 4365 1417 prezzi.

2301 1536 2658 1593 MDCCCV

473 1631 655 1689 4568.
685 1632 1058 1689 CATALOGO
1084 1632 1242 1689 delle
1271 1640 1501 1706 stampe
1527 1631 1833 1706 intagliate
1859 1631 1921 1688 in
1945 1650 2127 1699 rame,
2157 1650 2190 1689 e
2218 1650 2252 1689 a
2275 1631 2503 1699 bulino,
2533 1650 2566 1689 e
2592 1631 2654 1688 in
2681 1650 2872 1706 acqua
2897 1631 3050 1689 forte
3077 1631 3344 1689 esistenti
3370 1632 3531 1689 nella
3556 1631 3923 1706 calcografia
3948 1632 4108 1689 della
4132 1633 4201 1689 R.
4232 1632 4488 1689 Camera

698 1726 1073 1801 Apostolica,
1100 1728 1298 1784 Roma
1328 1726 1503 1794 1805,
1530 1726 1592 1783 in
1623 1727 1713 1784 12.

473 1918 655 1977 4569.
685 1919 1058 1976 CATALOGO
1084 1919 1242 1976 delle
1271 1927 1501 1993 stampe
1527 1918 1833 1993 intagliate
1859 1918 1921 1975 in
1945 1937 2127 1986 rame,
2157 1937 2190 1976 e
2218 1937 2252 1976 a
2275 1918 2503 1986 bulino,
2533 1937 2566 1976 e
2592 1918 2654 1975 in
2681 1937 2872 1993 acqua
2897 1918 3050 1976 forte
3077 1918 3344 1976 esistenti
3370 1919 3531 1976 nella
3556 1918 3923 1993 calcografia
3948 1919 4108 1976 della
4132 1920 4201 1976 R.
4232 1919 4488 1976 Camera

698 2014 1072 2089 Apostolica.
1104 2014 1309 2072 Indice
1338 2015 1496 2072 delle
1528 2023 1759 2089 stampe
1787 2014 2093 2089 intagliate
2121 2014 2184 2071 in
2210 2033 2393 2082 rame,
2426 2033 2460 2072 a
2485 2014 2715 2082 bulino,
2748 2033 2939 2089 acqua
2966 2014 3137 2082 forte,
3169 2023 3279 2072 etc.
3312 2014 3581 2072 esistenti
3610 2015 3771 2072 nella
3800 2015 4073 2072 suddetta
4100 2014 4484 2089 calcografia,

698 2112 895 2168 Roma
925 2111 1099 2169 1797.

473 2301 655 2359 4570.
683 2302 1097 2359 CATALOGUE
1121 2302 1196 2359 de
1221 2302 1495 2359 l’oeuvre
1520 2302 1800 2359 d’Albert
1822 2303 2015 2359 Durer
2036 2320 2143 2376 par
2165 2320 2245 2359 un
2270 2310 2552 2369 amateur,
2579 2303 2817 2359 Dessau
2848 2301 3023 2369 1805,
3050 2301 3112 2358 in
3143 2302 3233 2359 12.

473 2493 655 2551 4571.
682 2495 1066 2561 REGNAULT,
1094 2494 1427 2568 Catalogue
1450 2493 1731 2551 raisonné
1756 2494 1836 2551 du
1860 2493 2117 2551 Cabinet
2140 2494 2215 2551 de
2239 2495 2327 2551 M.
2356 2493 2605 2551 Charles
2630 2493 2923 2568 Leoffroy
2947 2494 3022 2551 de
3049 2494 3129 2551 St.
3158 2495 3343 2561 Yves,
3370 2493 3533 2551 Paris
3566 2493 3741 2561 1805,
3768 2493 3830 2550 in
3857 2494 3909 2551 8.

473 2685 655 2743 4572.
683 2687 1066 2753 REGNAULT,
1094 2685 1345 2743 Notices
1372 2686 1478 2743 des
1504 2686 1783 2743 tableaux
1808 2686 1883 2743 de
1909 2686 2148 2743 maîtres
2176 2685 2420 2743 anciens
2447 2694 2505 2743 et
2529 2704 2630 2743 mo
2662 2687 2740 2760 [p.
2772 2686 2913 2755 307]
2944 2686 3156 2743 dernes
3184 2686 3354 2760 après
3381 2686 3560 2743 décès
3587 2686 3662 2743 de
3687 2687 3775 2743 M.
3804 2685 4086 2753 Delhaas,
4114 2685 4277 2743 Paris
4311 2685 4485 2753 1805,

698 2781 760 2838 in
787 2782 839 2839 8.

2287 2973 2672 3030 MDCCCVI

473 3068 655 3126 4573.
682 3070 982 3136 BENARD,
1010 3069 1342 3143 Catalogue
1365 3068 1645 3126 raisonné
1670 3069 1776 3126 des
1802 3077 2102 3143 estampes
2128 3069 2208 3126 du
2233 3068 2489 3126 Cabinet
2513 3069 2588 3126 de
2612 3070 2700 3126 M.
2729 3069 2785 3126 le
2809 3070 2943 3126 Duc
2969 3069 3232 3136 d’Ursel,
3259 3068 3422 3126 Paris
3455 3068 3630 3136 1806,
3657 3068 3719 3125 in
3746 3069 3798 3126 8.

473 3260 655 3318 4574.
683 3261 1097 3318 CATALOGUE
1117 3261 1223 3318 des
1248 3261 1545 3328 tableaux,
1573 3260 1845 3318 desseins
1873 3279 2014 3318 sous
2041 3279 2208 3318 verre
2233 3269 2343 3318 etc.
2372 3261 2452 3318 du
2476 3260 2732 3318 Cabinet
2755 3261 2830 3318 de
2854 3262 2942 3318 M.
2973 3260 3140 3318 Saint
3162 3260 3403 3328 Martin,
3430 3260 3593 3318 Paris
3626 3260 3801 3328 1806,
3828 3260 3890 3317 in
3917 3261 3969 3318 8.

473 3451 655 3509 4575.
682 3453 1066 3519 REGNAULT,
1093 3451 1312 3509 Notice
1337 3452 1443 3509 des
1468 3452 1747 3509 tableaux
1771 3452 1846 3509 de
1871 3451 2185 3509 differents
2211 3451 2470 3519 maitres,
2498 3451 2661 3509 Paris
2694 3451 2868 3519 1806,
2895 3451 2957 3508 in
2984 3452 3036 3509 8.

2273 3644 2686 3701 MDCCCVII

473 3739 655 3797 4576.
684 3741 937 3797 NOTICE
962 3740 1068 3797 des
1094 3740 1374 3797 tableaux
1397 3758 1504 3814 par
1528 3740 1615 3797 les
1642 3740 1859 3814 grands
1886 3740 2126 3797 maîtres
2153 3739 2390 3797 d’Italie
2416 3748 2774 3814 composant
2799 3740 2855 3797 le
2881 3739 3138 3797 Cabinet
3162 3740 3237 3797 de
3262 3741 3350 3797 M.
3380 3739 3626 3797 Cellotti
3652 3740 3727 3797 de
3752 3739 3997 3807 Venise,
4025 3739 4188 3797 Paris
4222 3740 4397 3807 1807,
4425 3739 4487 3796 in

702 3836 755 3903 8,
783 3838 1117 3909 coiprezzi.

473 4026 655 4084 4577.
682 4028 1066 4094 REGNAULT,
1094 4027 1427 4101 Catalogue
1452 4027 1638 4084 d’une
1661 4026 1974 4101 précieuse
1999 4026 2324 4084 collection
2348 4027 2718 4101 d’estampes
2744 4027 2819 4084 de
2843 4028 2931 4084 M.
2960 4026 3297 4094 d’Etienne,
3324 4026 3487 4084 Paris
3520 4027 3695 4094 1807,
3721 4026 3783 4083 in
3810 4027 3862 4084 8.

2259 4219 2700 4276 MDCCCVIII

473 4314 655 4372 4578.
683 4315 1097 4372 CATALOGUE
1121 4315 1306 4372 d’une
1329 4315 1489 4372 belle
1515 4314 1840 4372 collection
1864 4315 1939 4372 de
1963 4315 2242 4372 tableaux
2266 4315 2341 4372 de
2366 4314 2634 4372 diverses
2660 4315 2882 4382 écoles,
2917 4315 3092 4382 1808,
3119 4314 3181 4371 in
3208 4315 3260 4372 8.

473 4505 655 4564 4579.
683 4505 792 4563 Ch.
820 4507 972 4562 ELIE
994 4505 1241 4580 peintre,
1269 4506 1602 4580 Catalogue
1627 4506 1813 4563 d’une
1836 4505 2000 4563 riche
2025 4505 2351 4563 collection
2375 4506 2450 4563 de
2473 4506 2627 4563 bons
2652 4506 2932 4563 tableaux
2956 4506 3036 4563 du
3060 4505 3317 4563 Cabinet
3340 4506 3415 4563 de
3439 4507 3527 4563 M.
3555 4507 3643 4563 M.
3676 4506 3809 4573 ***,
3836 4505 3999 4563 Paris
4032 4506 4207 4573 1808,
4234 4505 4296 4562 in
4323 4506 4375 4563 8.

2301 4698 2658 4755 MDCCCX

473 4793 655 4851 4580.
683 4794 1056 4851 CATALOGO
1080 4794 1176 4851 de’
1206 4793 1469 4868 prodotti
1493 4794 1651 4851 delle
1677 4793 1783 4851 arti
1806 4794 1984 4861 belle,
2012 4812 2045 4851 e
2070 4793 2131 4851 di
2155 4802 2299 4851 tutte
2324 4794 2380 4851 le
2406 4793 2512 4851 arti
2537 4812 2570 4851 e
2595 4793 2974 4851 manifatture
2999 4802 3240 4868 esposte
3264 4793 3327 4850 in
3350 4795 3549 4851 Roma
3571 4794 3669 4851 nel
3694 4793 4124 4868 Campidoglio
4149 4794 4248 4851 nel
4273 4793 4485 4868 giorno

699 4889 1078 4947 onomastico
1104 4889 1165 4947 di
1189 4890 1565 4964 Napoleone,
1592 4891 1789 4947 Roma
1819 4890 1994 4957 1810,
2021 4889 2083 4946 in
2110 4890 2163 4957 8,
2190 4891 2278 4947 M.
2306 4890 2403 4948 99.

473 5080 655 5138 4581.
682 5082 1052 5138 PALMERINI
1074 5080 1353 5148 Niccolò,
1381 5081 1677 5155 Catalogo
1703 5081 1861 5138 delle
1886 5099 2068 5155 opere
2092 5080 2410 5155 d’intaglio
2436 5080 2497 5138 di
2521 5080 2799 5138 Raffaele
2823 5080 3143 5155 Morghen,
3171 5081 3269 5138 col
3292 5080 3536 5148 ritratto,
3563 5080 3809 5138 Firenze
3841 5081 4016 5148 1810,
4043 5080 4105 5137 in
4132 5081 4184 5138 8.

473 5272 655 5330 4582.
682 5274 1049 5330 REGNAULT
1073 5273 1148 5330 de
1173 5273 1231 5330 la
1253 5273 1476 5340 Lande,
1504 5273 1837 5347 Catalogue
1860 5272 2140 5330 raisonné
2165 5273 2271 5330 des
2297 5273 2492 5347 objets
2518 5273 2673 5330 d’art
2696 5273 2776 5330 du
2800 5272 3056 5330 Cabinet
3079 5273 3154 5330 de
3178 5274 3266 5330 M.
3297 5272 3601 5340 Silvestre,
3628 5272 3791 5330 Paris
3824 5273 3998 5340 1810,
4024 5272 4086 5329 in
4113 5273 4165 5330 8.

2287 5465 2672 5522 MDCCCXI

473 5559 655 5617 4583.
683 5560 1097 5617 CATALOGUE
1121 5560 1227 5617 des
1253 5559 1433 5617 livres
1457 5578 1635 5627 rares,
1663 5568 1721 5617 et
1742 5559 2027 5634 précieux
2051 5560 2126 5617 de
2151 5560 2209 5617 la
2231 5559 2617 5634 Biblioteque
2642 5560 2717 5617 de
2741 5560 2974 5627 M.***,
3001 5559 3164 5617 Paris
3197 5560 3372 5627 1811,
3399 5559 3461 5616 in
3488 5560 3540 5617 8.

2243 5752 2716 5809 MDCCCXVII

473 5847 655 5905 4584.
687 5848 1060 5905 CATALOGO
1088 5848 1248 5905 della
1275 5847 1514 5905 libreria
1541 5848 1639 5905 del
1668 5847 1733 5905 fu
1761 5847 2058 5905 cavaliere
2088 5847 2397 5922 Giuseppe
2425 5847 2607 5905 Bossi
2634 5847 2850 5922 pittore
2879 5847 3188 5915 milanese,
3220 5848 3278 5905 la
3305 5847 3402 5905 cui
3432 5847 3675 5905 vendita
3702 5847 3768 5905 fu
3796 5847 4067 5922 eseguita
4093 5847 4136 5904 il
4165 5847 4377 5922 giorno
4414 5848 4486 5904 12

699 5943 977 6001 febbraro
1010 5944 1184 6011 1818,
1210 5943 1446 6001 Milano
1479 5944 1654 6011 1817,
1680 5943 1742 6000 in
1769 5944 1821 6001 8.

473 6135 918 6192 MDCCCXIX

473 6230 655 6288 4585.
683 6231 1097 6288 CATALOGUE
1121 6230 1193 6288 of
1210 6230 1334 6288 that
1357 6230 1798 6305 distinguished
1823 6231 1940 6288 and
1964 6231 2304 6288 celebrated
2328 6230 2562 6305 library,
2590 6231 2846 6288 London
2877 6231 3052 6298 1819,
3079 6230 3141 6287 in
3164 6231 3220 6288 4.

700 6327 929 6398 Questo
957 6327 990 6384 e
1016 6326 1060 6383 il
1087 6327 1383 6401 catalogo,
1413 6326 1525 6384 che
1554 6327 1710 6384 servì
1739 6327 1856 6384 alla
1881 6326 2124 6384 vendita
2149 6326 2247 6384 dei
2274 6326 2409 6384 libri
2434 6326 2548 6384 rari
2575 6327 2673 6384 del
2701 6327 2856 6384 duca
2881 6326 2942 6384 di
2968 6326 3377 6401 Malborough
3404 6326 3502 6384 coi
3527 6326 3729 6401 prezzi
3758 6326 3987 6401 segnati
4015 6345 4049 6384 a
4075 6345 4255 6384 mano
4283 6327 4360 6384 da
4384 6326 4487 6384 noi

701 6422 892 6480 stessi.

2171 6657 2347 6694 WWW.
2358 6637 2734 6710 memofonte.
2748 6639 2791 6694 il
