4958 7017
1981 864 2366 922 Fondazione
2390 864 2775 922 Memofonte
2800 865 2976 922 onlus

1390 960 1600 1018 Studio
1624 979 1731 1035 per
1754 960 2226 1018 l’elaborazione
2250 960 2632 1018 informatica
2655 961 2813 1018 delle
2838 960 2991 1018 fonti
3018 960 3571 1018 storico—artistiche

706 1247 975 1305 Ventitré
1005 1266 1156 1305 sono
1184 1247 1204 1304 i
1232 1247 1602 1322 medaglioni
1630 1247 1691 1305 di
1717 1248 1879 1305 bella
1904 1247 2201 1305 incisione
2228 1247 2290 1304 in
2315 1266 2497 1315 rame,
2526 1247 2793 1322 riportati
2821 1247 2911 1305 fra
2936 1247 2979 1304 il
3006 1256 3159 1305 testo
3187 1247 3480 1322 intagliati
3508 1248 3585 1305 da
3610 1249 3671 1305 P.
3704 1247 3868 1305 Santi
3895 1247 4124 1305 Bartoli
4152 1266 4185 1305 e
4212 1247 4486 1305 illustrati

707 1344 805 1401 dal
829 1343 1117 1401 Bellorio.
1144 1343 1408 1401 Libretto
1433 1362 1555 1401 non
1579 1362 1838 1401 comune
1863 1362 1896 1401 e
1921 1344 1998 1401 da
2020 1343 2239 1401 tenersi
2263 1343 2325 1400 in
2347 1343 2575 1418 pregio.

474 1536 655 1594 2937.
721 1537 1073 1593 MUSAEUM
1136 1535 1783 1603 Mazzucchellianum,
1852 1554 1958 1593 seu
2020 1535 2385 1593 numismata
2447 1535 2714 1593 virorum
2775 1535 3046 1593 doctrina
3106 1535 3499 1610 prestantium
3562 1554 3715 1610 quae
3780 1536 3938 1610 apud
4000 1537 4088 1593 Jo.
4155 1537 4243 1593 M.
4310 1536 4483 1593 Com.

706 1631 1236 1689 Mazzucchellum
1258 1631 1501 1689 Brixiae
1529 1640 1850 1699 servantur,
1880 1650 1914 1689 a
1936 1633 2109 1689 Petro
2135 1632 2296 1689 Anto
2328 1633 2406 1706 [p.
2435 1632 2537 1701 73]
2567 1631 2669 1689 nio
2696 1632 2771 1689 de
2796 1631 3119 1689 comitibus
3146 1631 3432 1689 Gaetanis
3457 1631 3746 1689 Brixiano
3772 1631 3948 1699 edita,
3977 1640 4152 1706 atque
4176 1631 4483 1699 illustrata,

706 1726 979 1784 Venetiis
1012 1726 1187 1794 1761,
1215 1727 1334 1784 vol.
1363 1727 1419 1794 2,
1445 1726 1507 1783 in
1531 1726 1658 1794 fol.,
1686 1726 1791 1801 fig.

713 1823 914 1897 Opera
953 1822 1115 1880 forse
1156 1822 1384 1880 l’unica
1423 1822 1535 1880 che
1574 1841 1759 1897 possa
1798 1822 1942 1880 dirsi
1983 1831 2332 1880 consecrata
2372 1841 2406 1880 a
2445 1831 2657 1897 questo
2698 1822 3235 1897 importantissimo
3277 1831 3522 1897 oggetto
3564 1823 3724 1880 della
3765 1822 3962 1890 storia,
4006 1822 4103 1880 cui
4146 1841 4209 1880 se
4250 1822 4486 1880 fossero

708 1918 975 1993 aggiunti
1003 1918 1086 1993 gli
1114 1918 1531 1976 avvertimenti
1558 1918 1877 1993 opportuni
1903 1937 2010 1993 per
2035 1919 2206 1976 l’arte
2231 1919 2522 1993 potrebbe
2547 1918 2817 1976 ritenersi
2844 1937 3020 1976 come
3047 1918 3369 1976 utilissima
3397 1927 3552 1976 sotto
3580 1918 3724 1993 ogni
3753 1927 4001 1993 aspetto.
4031 1901 4079 1975 É
4108 1927 4399 1993 stampata
4424 1918 4487 1975 in

707 2015 968 2072 colonna
1006 2014 1190 2072 latino
1231 2033 1264 2072 e
1303 2014 1548 2072 italiano
1589 2033 1706 2072 con
1746 2015 1867 2072 200
1906 2015 2123 2072 tavole.
2166 2015 2245 2071 Al
2284 2023 2488 2072 nostro
2529 2015 2863 2089 esemplare
2905 2033 3055 2072 sono
3097 2014 3377 2089 aggiunte
3424 2014 3496 2072 16
3537 2015 3741 2072 lettere
3782 2014 4090 2089 autografe
4130 2015 4487 2072 dell’autore

705 2110 952 2168 relative
978 2111 1033 2168 al
1060 2129 1169 2168 suo
1195 2129 1407 2168 museo
1433 2119 1660 2168 mentre
1685 2129 1786 2168 era
1809 2119 2105 2185 occupato
2131 2110 2192 2168 di
2217 2119 2429 2185 questo
2455 2111 2682 2178 lavoro,
2709 2110 2918 2168 dirette
2944 2111 3019 2168 ad
3044 2110 3241 2168 alcuni
3266 2110 3516 2168 letterati
3541 2110 3602 2168 di
3626 2110 3812 2168 Italia.

474 2302 655 2360 2938.
682 2303 987 2359 MUSEUM
1011 2301 1415 2359 nummarium
1438 2301 2188 2369 Milano—Viscontianum,
2215 2302 2318 2376 traj
2328 2301 2444 2359 ecti
2470 2302 2545 2359 ad
2568 2301 2848 2359 Rhenum
2878 2302 3053 2369 1782,
3080 2301 3142 2358 in
3169 2302 3221 2359 8.

711 2399 852 2455 Non
885 2397 1162 2455 contiene
1196 2406 1409 2472 questo
1443 2398 1518 2455 né
1551 2398 1770 2465 tavole,
1806 2398 1881 2455 né
1914 2397 2308 2455 illustrazioni
2342 2416 2375 2455 e
2408 2416 2530 2455 non
2563 2398 2596 2455 e
2630 2397 2741 2455 che
2774 2416 2854 2455 un
2887 2398 3099 2455 elenco
3134 2416 3251 2455 con
3284 2398 3342 2455 la
3372 2416 3520 2472 pura
3552 2397 3926 2455 descrizione
3960 2398 4118 2455 delle
4151 2406 4392 2455 monete
4426 2397 4487 2455 di

707 2502 917 2568 questa
941 2493 1141 2568 ampia
1162 2494 1441 2551 raccolta.

474 2686 655 2744 2939.
682 2687 865 2743 MUTI
886 2685 1240 2760 Papazzurri
1264 2685 1506 2760 Joseph,
1533 2687 1627 2743 De
1652 2686 1887 2743 duobus
1913 2685 2507 2743 lacedaemoniorum
2530 2685 2793 2743 nummis
2819 2685 3093 2760 epistola,
3120 2687 3352 2743 Romae
3384 2686 3559 2753 1793,
3586 2685 3648 2742 in
3671 2686 3728 2753 4,
3756 2685 3882 2760 fig.,
3909 2687 3997 2743 M.
4033 2685 4123 2743 16.

709 2782 873 2839 Sono
899 2790 1130 2856 quattro
1158 2781 1272 2839 soli
1297 2781 1556 2856 foglietti
1581 2781 1642 2839 di
1669 2790 1901 2856 stampa
1924 2782 2082 2839 colle
2107 2790 2347 2839 monete
2371 2781 2563 2839 incise
2587 2782 2748 2839 nella
2769 2781 2962 2856 prima
2985 2800 3018 2839 e
3043 2781 3407 2839 nell’ultima
3428 2781 3665 2856 pagina.

474 2973 655 3031 2940.
683 2974 899 3030 NALDI
921 2972 1048 3040 Pio,
1076 2973 1253 3030 Delle
1279 2991 1521 3047 gemme
1546 2991 1579 3030 e
1604 2973 1762 3030 delle
1785 2973 1992 3047 regole
2015 2991 2122 3047 per
2146 2973 2450 3030 valutarle.
2481 2973 2765 3047 Operetta
2789 2973 2864 3030 ad
2887 2991 2999 3030 uso
3025 2972 3123 3030 dei
3149 2972 3469 3047 giojellieri
3493 2972 3891 3047 principianti.
3923 2972 3986 3030 Si
4012 2972 4400 3047 aggiungono
4426 2972 4488 3029 in

707 3068 832 3126 fine
857 3068 1019 3126 varie
1043 3068 1267 3126 notizie
1292 3087 1409 3126 con
1433 3068 1669 3143 disegni
1695 3068 1756 3126 di
1782 3069 1993 3126 alcune
2019 3087 2259 3143 gemme
2282 3068 2388 3143 più
2411 3068 2652 3143 insigni,
2680 3069 2961 3143 Bologna
2991 3069 3166 3136 1791,
3193 3068 3255 3125 in
3282 3069 3335 3136 8,
3363 3068 3638 3143 figurato.

708 3165 1195 3239 Quest’operetta
1224 3164 1558 3222 benissimo
1593 3164 1739 3222 fatta
1769 3164 2043 3222 istruisce
2074 3164 2483 3239 rapidamente
2516 3183 2549 3222 e
2582 3183 2699 3222 con
2730 3165 2895 3222 buon
2927 3165 3172 3222 metodo
3208 3164 3298 3222 sui
3331 3164 3499 3222 modi
3532 3164 3593 3222 di
3626 3183 3955 3222 conoscere
3988 3165 4044 3222 le
4075 3164 4263 3239 pietre
4296 3164 4420 3222 fine
4453 3183 4486 3222 e

705 3261 888 3318 rende
911 3260 1158 3335 ragione
1183 3279 1300 3318 con
1323 3261 1524 3318 tavole
1547 3260 1881 3318 benissimo
1907 3260 2218 3335 disegnate
2243 3261 2401 3318 delle
2424 3260 2741 3335 principali
2765 3260 2953 3335 pietre
2978 3260 3329 3318 conosciute
3355 3261 3410 3318 al
3435 3261 3680 3318 mondo.

474 3452 655 3510 2941.
682 3451 1218 3519 NICASIIC1audii,
1245 3453 1339 3509 De
1363 3470 1613 3509 nummo
1638 3451 1903 3509 Pantheo
1929 3451 2216 3509 Hadriani
2240 3451 2616 3526 imperatoris
2643 3452 2718 3509 ad
2744 3451 3171 3526 Spanhenium,
3199 3451 3556 3519 dissertatio,
3583 3451 3861 3526 Lugduni
3893 3451 4068 3519 1690,
4095 3451 4157 3508 in
4180 3452 4237 3519 4,
4265 3451 4369 3526 fig.

707 3548 842 3605 Con
866 3548 1052 3605 molte
1077 3547 1378 3622 medaglie
1402 3547 1709 3622 intagliate
1734 3547 1796 3604 in
1818 3566 1982 3605 rame
2008 3547 2098 3605 fra
2120 3547 2163 3604 il
2187 3556 2358 3605 testo.

474 3740 655 3798 2942.
686 3741 980 3797 NICOLAS
1010 3739 1142 3807 Ch.,
1173 3739 1438 3797 Histoire
1467 3740 1573 3797 des
1602 3739 1916 3797 medailles
1946 3739 2223 3814 frappées
2252 3740 2399 3797 dans
2428 3740 2516 3797 les
2545 3758 2910 3814 campagnes
2939 3740 3019 3797 du
3053 3740 3207 3797 1708
3245 3740 3420 3807 1709,
3452 3758 3486 3797 a
3510 3739 3758 3797 Utrecht
3791 3740 3966 3807 1711,
3996 3739 4058 3796 in
4084 3740 4141 3807 4,
4172 3739 4277 3814 fig.
4312 3740 4365 3807 8,
4395 3741 4483 3797 M.

708 3835 804 3893 51.

474 4027 634 4085 2943
662 4028 867 4084 NORIS
893 4026 1130 4094 Enrico,
1157 4027 1400 4101 Duplex
1424 4026 1761 4084 dissertatio
1787 4027 1862 4084 de
1887 4027 2122 4084 duobus
2147 4026 2411 4084 nummis
2436 4026 2821 4094 Diocletiani,
2849 4035 2907 4084 et
2930 4026 3166 4094 Licinii,
3193 4026 3528 4084 Florentiae
3560 4026 3733 4084 1775.

705 4158 788 4162 —
810 4122 1035 4180 Addita
1059 4122 1176 4180 alia
1199 4123 1493 4197 opuscula
1517 4122 1775 4180 auctoris
1800 4122 1862 4179 in
1885 4123 1941 4180 4.

705 4254 788 4258 —
810 4220 877 4275 In
900 4227 1071 4276 notas
1096 4220 1185 4276 Jo.
1215 4218 1487 4276 Garnerii
1513 4219 1588 4276 ad
1611 4218 2032 4293 inscriptiones
2057 4218 2463 4293 Epistolarum
2488 4218 2902 4293 Synodalium.

705 4350 788 4354 —
811 4314 1184 4372 Adventoria
1206 4314 1269 4371 in
1293 4333 1411 4389 qua
1434 4314 1744 4372 disseritur
1767 4315 1842 4372 de
1866 4314 2255 4389 inscriptione
2281 4314 2382 4372 lib.
2413 4315 2470 4372 S.
2499 4314 2824 4389 Augustini
2849 4315 3120 4382 ALBINE,
3143 4316 3465 4372 PINIANAE
3484 4326 3564 4371 ET
3582 4316 3918 4372 MELANIA.
3931 4316 4009 4389 [p.
4034 4315 4136 4384 74]
4162 4316 4368 4372 NORIS
4395 4316 4483 4372 Fr.

706 4410 1072 4485 Archangeli
1098 4429 1132 4468 a
1154 4412 1366 4468 Parma
1389 4410 1646 4485 epistola
1671 4429 1848 4485 super
1871 4410 2222 4485 quaestione
2248 4410 2654 4485 grammatica.

474 4602 655 4660 2944.
682 4603 935 4659 NOTICE
959 4602 1065 4659 des
1091 4601 1405 4659 médailles
1432 4601 1704 4676 antiques
1730 4620 1805 4659 en
1829 4620 1913 4669 or,
1941 4620 2016 4659 en
2041 4610 2262 4676 argent,
2290 4620 2365 4659 en
2387 4602 2612 4659 bronze
2637 4610 2747 4659 etc.
2776 4602 2856 4659 du
2880 4601 3118 4659 cabinet
3141 4602 3216 4659 de
3240 4603 3328 4659 M.
3356 4601 3629 4669 Pellerin,
3656 4601 3819 4659 Paris
3852 4602 4026 4669 1783,
4053 4601 4115 4658 in
4138 4602 4195 4669 4,
4222 4603 4310 4659 M.
4339 4602 4435 4659 20.

700 4698 927 4769 Questa
951 4697 1017 4755 fu
1039 4697 1386 4772 pubblicata
1408 4697 1470 4754 in
1494 4697 1819 4755 occasione
1844 4698 2004 4755 della
2027 4697 2269 4755 vendita
2292 4698 2390 4755 del
2415 4697 2739 4772 gabinetto.

474 4889 655 4948 2945.
684 4891 963 4947 NOTITIA
991 4889 1296 4947 succincta
1320 4889 1754 4947 numismatum
1778 4889 2184 4964 imperialium
2206 4908 2596 4947 romanorum
2620 4908 2773 4964 quae
2800 4908 3041 4964 magno,
3071 4908 3344 4964 quaeque
3371 4889 3617 4947 modico
3643 4889 3834 4964 pretio
3862 4898 4194 4957 censentur,
4223 4889 4285 4946 in
4310 4890 4367 4957 4,
4396 4891 4484 4947 M.

714 4986 738 5042 1
756 4986 804 5043 1.

474 5176 655 5235 2946.
693 5178 1114 5234 NUMISMATA
1149 5195 1322 5234 aerea
1356 5176 1606 5234 maximi
1642 5176 1892 5244 moduli,
1929 5176 2228 5251 primique
2263 5178 2376 5233 XII
2411 5176 2671 5251 Augusti
2707 5195 2782 5234 ex
2818 5195 2961 5234 auro
2998 5177 3227 5234 dudum
3260 5178 3494 5234 Romae
3529 5176 3591 5233 in
3626 5176 3946 5234 Coenobio
3983 5176 4292 5234 Cartusiae
4328 5195 4486 5234 nunc

706 5272 980 5330 Viennae
1005 5272 1283 5330 Austriae
1307 5272 1369 5329 in
1394 5273 1562 5330 Gaza
1586 5273 1901 5340 Caesarea,
1928 5272 1990 5329 in
2014 5272 2141 5340 fol.,
2169 5272 2274 5347 fig.

713 5369 984 5426 Gaetano
1019 5368 1265 5426 Piccino
1300 5368 1551 5443 intaglio
1587 5369 1643 5426 le
1681 5369 1756 5427 89
1792 5369 2010 5436 tavole,
2048 5368 2159 5426 che
2193 5368 2356 5426 unite
2392 5369 2448 5426 al
2483 5368 2877 5443 frontespizio
2915 5387 3095 5426 senza
3129 5369 3305 5426 alcun
3340 5387 3558 5443 genere
3593 5368 3654 5426 di
3688 5368 4096 5426 illustrazione
4131 5368 4408 5426 formano
4443 5368 4486 5425 il

707 5465 952 5522 volume
979 5464 1263 5532 indicato,
1294 5465 1352 5522 la
1378 5464 1475 5522 cui
1501 5464 1677 5522 rarità
1703 5483 1825 5522 non
1850 5464 2140 5539 proviene
2168 5465 2328 5522 dalla
2352 5464 2665 5539 perfezion
2693 5464 3114 5539 dell’intaglio,
3145 5483 3244 5522 ma
3271 5464 3785 5522 verosimilmente
3813 5465 3975 5522 dallo
4006 5483 4207 5522 scarso
4235 5483 4486 5522 numero

707 5559 869 5634 degli
894 5559 1214 5634 esemplari
1238 5559 1300 5616 in
1324 5559 1745 5617 circolazione.

474 5752 655 5810 2947.
695 5753 1116 5809 NUMISMATA
1150 5751 1378 5809 cimelii
1415 5751 1698 5809 Caesarei
1735 5751 2211 5809 vindobonensis
2249 5770 2507 5826 quorum
2540 5751 2763 5809 rariora
2797 5751 3112 5809 iconismis
3150 5760 3384 5809 caetera
3419 5751 3710 5826 catalogis
3748 5751 4015 5809 exhibita
4042 5752 4218 5826 jussu
4254 5751 4488 5809 Mariae

706 5847 1045 5915 Theresiae,
1072 5847 1476 5905 Vindobonae
1508 5847 1663 5905 1754
1689 5856 1746 5905 et
1776 5847 1951 5915 1755,
1977 5847 2039 5904 in
2063 5847 2190 5915 fol.,
2218 5847 2323 5922 fig.
2351 5849 2486 5905 Due
2509 5847 2660 5922 parti
2685 5848 2880 5922 legate
2904 5847 2966 5904 in
2990 5866 3124 5905 una.

703 5943 779 6001 25
811 5944 1011 6001 tavole
1040 5943 1317 6001 contiene
1346 5944 1404 6001 la
1429 5943 1623 6018 prima
1648 5952 1813 6018 parte
1842 5962 1875 6001 e
1911 5944 2024 6000 112
2054 5944 2112 6001 la
2141 5944 2421 6001 seconda:
2455 5943 2866 6001 l’esecuzione
2894 5962 3016 6001 non
3044 5944 3077 6001 e
3106 5943 3252 6001 fatta
3279 5962 3396 6001 con
3424 5952 3599 6018 gusto
3629 5962 3662 6001 e
3692 5944 3926 6018 l’opera
3952 5943 4198 6018 impone
4229 5944 4486 6001 soltanto

705 6058 812 6114 per
843 6040 901 6097 la
934 6058 1040 6097 sua
1071 6040 1233 6097 mole
1266 6058 1299 6097 e
1331 6039 1374 6096 il
1409 6058 1517 6097 suo
1551 6058 1802 6097 numero
1836 6058 1869 6097 e
1900 6058 2006 6114 per
2037 6040 2097 6097 lo
2133 6040 2451 6114 splendore
2485 6048 2802 6114 apparente
2835 6039 2946 6097 che
2979 6058 3101 6097 non
3131 6040 3314 6097 rende
3346 6039 3484 6097 idea
3515 6040 3677 6097 dello
3713 6040 4031 6114 splendore
4062 6040 4222 6097 reale
4255 6039 4316 6097 di
4349 6040 4488 6114 quel

707 6134 1029 6209 gabinetto.

474 6327 655 6385 2948.
682 6328 776 6384 De
800 6328 1228 6384 NUMISMATIS
1255 6326 1472 6384 veteris
1497 6326 1781 6401 potentia,
1809 6335 1867 6384 et
1890 6326 2190 6401 qualitate,
2218 6326 2552 6384 lucubratio
2580 6326 2707 6384 sive
2732 6326 3000 6401 cognitio
3025 6326 3206 6384 totius
3230 6326 3316 6384 rei
3340 6326 3729 6384 nummariae.

714 6458 797 6462 —
826 6422 1083 6480 Accedit
1112 6422 1450 6480 dissertatio
1474 6422 1735 6497 juridica
1764 6423 1839 6480 de
1869 6441 2119 6480 nummo
2150 6422 2331 6480 unico
2363 6441 2505 6480 cum
2534 6422 2737 6480 multis
2771 6422 2903 6480 aliis
2935 6422 3269 6497 cognitioni
3300 6441 3687 6480 nummorum
3716 6422 4211 6490 conducentibus,
4245 6422 4487 6497 Lipsiae

2171 6657 2347 6694 WWW.
2358 6637 2734 6710 memofonte.
2748 6639 2791 6694 il
