4958 7017
1981 864 2366 922 Fondazione
2390 838 2775 922 Memofonte
2800 865 2976 922 onlus

1390 960 1600 1018 Studio
1624 979 1731 1035 per
1754 960 2226 1018 l’elaborazione
2250 960 2632 1018 informatica
2655 961 2813 1018 delle
2838 960 2991 1018 fonti
3018 960 3571 1018 storico—artistiche

707 1248 867 1305 della
890 1247 1193 1305 cittadella
1216 1248 1479 1305 d’Atene
1503 1247 1566 1304 in
1588 1247 1905 1322 principio.
1933 1248 2280 1322 Esemplare
2304 1247 2367 1304 in
2391 1247 2491 1305 Vit.
2520 1248 2705 1305 dorat.

474 1440 655 1497 2707.
682 1441 927 1497 RUINES
954 1440 1029 1497 de
1053 1441 1312 1497 Pestum.
1340 1439 1500 1497 Vedi
1522 1442 1742 1513 Major,
1773 1442 2066 1507 Piranesi,
2097 1439 2289 1507 Paoli,
2319 1439 2770 1513 Delagardette,
2800 1440 3104 1513 Morghen
3129 1439 3384 1513 Filippo,
3411 1440 3753 1503 Amaduzzi.

705 1571 788 1575 —
810 1535 1037 1593 Ruines
1063 1536 1138 1593 de
1162 1535 1435 1603 Palmire,
1463 1544 1521 1593 et
1544 1536 1619 1593 de
1643 1536 1889 1593 Balbec.
1917 1535 2076 1593 Vedi
2105 1536 2308 1593 Wood.

705 1667 788 1671 —
810 1631 1037 1689 Ruines
1063 1631 1418 1689 d’Athenes.
1446 1631 1605 1689 Vedi
1630 1632 1866 1689 Stuard.

705 1762 788 1766 —
810 1726 1037 1784 Ruines
1063 1727 1138 1784 de
1165 1727 1454 1801 Spalatro.
1482 1726 1641 1784 Vedi
1660 1727 1873 1784 Adam.
1901 1728 2011 1784 Fra
2034 1727 2090 1784 le
2114 1726 2421 1784 Antichità
2444 1728 2736 1784 Romane.

479 1920 557 1993 [p.
588 1918 687 1988 36]

474 2111 655 2168 2708.
690 2111 889 2168 SAINT
911 2112 1082 2178 NON,
1113 2112 1369 2185 Voyage
1396 2110 1765 2185 pittoresque
1794 2129 1874 2168 ou
1902 2110 2269 2185 description
2297 2111 2403 2168 des
2431 2129 2753 2185 royaumes
2783 2111 2858 2168 de
2886 2111 3113 2185 Naples
3143 2119 3201 2168 et
3228 2111 3303 2168 de
3334 2110 3536 2178 Sicile,
3568 2111 3687 2168 vol.
3719 2111 3776 2178 4,
3807 2110 3970 2168 Paris
4007 2111 4181 2178 1781,
4211 2111 4314 2168 rel.
4347 2129 4422 2168 en
4452 2111 4484 2168 3

706 2206 768 2263 in
792 2206 919 2274 fol.,
947 2206 1052 2281 fig.

704 2302 1108 2376 Quest’opera
1130 2301 1307 2359 tiensi
1333 2301 1732 2376 giustamente
1756 2301 1818 2358 in
1843 2320 1988 2376 gran
2010 2301 2221 2376 pregio
2245 2320 2352 2376 per
2375 2302 2433 2359 la
2459 2320 2565 2359 sua
2587 2302 2750 2359 bella
2773 2301 3134 2359 esecuzione
3160 2320 3193 2359 e
3216 2320 3323 2376 per
3346 2302 3404 2359 la
3428 2301 3607 2376 copia
3630 2302 3788 2359 delle
3812 2302 4012 2359 tavole
4037 2301 4344 2376 intagliate
4369 2320 4487 2359 con

707 2406 882 2472 gusto
914 2416 947 2455 e
978 2416 1095 2455 con
1125 2397 1442 2472 diligenza.
1476 2398 1524 2454 Il
1554 2406 1759 2455 nostro
1791 2398 2123 2472 esemplare
2152 2397 2344 2455 riesce
2374 2416 2455 2455 un
2483 2398 2585 2472 po’
2622 2406 2837 2472 troppo
2866 2406 3113 2472 pesante
3144 2398 3403 2455 essendo
3434 2406 3578 2455 tutte
3609 2398 3665 2455 le
3695 2398 3895 2455 tavole
3926 2398 4120 2472 legate
4150 2397 4212 2454 in
4242 2416 4322 2455 un
4354 2398 4486 2455 solo

707 2494 952 2551 volume
985 2512 1018 2551 e
1051 2493 1114 2550 in
1147 2493 1276 2551 altri
1310 2494 1426 2551 due
1460 2494 1518 2551 la
1549 2493 1813 2551 materia.
1849 2494 1897 2550 Il
1929 2502 2082 2551 testo
2116 2494 2149 2551 e
2183 2493 2585 2551 collazionato
2622 2494 2774 2551 sulle
2807 2493 3034 2551 minute
3067 2493 3434 2551 indicazioni
3467 2493 3528 2551 di
3560 2495 3787 2551 Brunet
3818 2512 3851 2551 e
3884 2512 4006 2551 non
4038 2512 4254 2551 manca
4285 2493 4397 2551 che
4430 2494 4488 2551 la

706 2590 908 2647 tavola
936 2590 1034 2647 del
1063 2590 1249 2657 Fallo,
1282 2590 1340 2647 la
1368 2590 1544 2664 quale
1574 2589 1782 2647 vedesi
1814 2598 2111 2664 strappata
2139 2590 2216 2647 da
2244 2589 2498 2664 qualche
2526 2608 2880 2664 possessore
2912 2590 3284 2664 scrupoloso.
3317 2591 3384 2646 In
3414 2589 3611 2647 alcuni
3641 2589 3961 2664 esemplari
3993 2608 4143 2647 sono
4172 2589 4424 2664 ripetute
4455 2608 4489 2647 a

705 2694 870 2760 parte
893 2704 1000 2760 per
1022 2685 1297 2760 maggior
1320 2686 1584 2743 comodo
1610 2686 1666 2743 le
1698 2686 1770 2742 14
1795 2686 1995 2743 tavole
2020 2685 2081 2743 di
2105 2685 2406 2760 medaglie
2431 2685 2542 2743 che
2568 2685 2864 2760 veggonsi
2890 2686 2945 2743 al
2970 2685 3095 2743 fine
3120 2685 3218 2743 dei
3250 2686 3322 2742 14
3348 2685 3594 2760 capitoli
3619 2686 3716 2743 del
3740 2694 3907 2743 tomo
3933 2694 4159 2760 quarto.

474 2877 655 2935 2709.
687 2877 924 2934 SCOTTI
948 2877 1189 2951 Angelo
1216 2876 1504 2944 Antonio,
1532 2876 1945 2934 Illustrazione
1971 2877 2121 2934 d’un
2147 2895 2294 2934 vaso
2321 2876 2678 2951 italo-greco
2705 2877 2803 2934 del
2828 2878 3051 2934 Museo
3078 2876 3139 2934 di
3165 2876 3423 2951 monsig.
3455 2876 3847 2934 arcivescovo
3874 2876 3935 2934 di
3960 2878 4235 2944 Taranto,
4263 2876 4487 2951 Napoli

714 2973 889 3040 1811,
915 2972 977 3029 in
1000 2973 1057 3040 4,
1085 2972 1211 3047 fig.,
1238 2974 1326 3030 M.
1355 2973 1452 3031 92.

712 3069 847 3126 Con
871 3069 987 3126 due
1013 3068 1221 3143 grandi
1245 3069 1445 3126 tavole
1469 3068 1532 3125 in
1557 3068 1698 3126 fine.

474 3261 655 3318 2710.
689 3261 1008 3318 SECONDO
1037 3260 1346 3335 Giuseppe
1374 3260 1588 3328 Maria,
1619 3260 1948 3318 Relazione
1979 3260 2197 3318 storica
2224 3260 2677 3328 dell’antichità,
2707 3260 2917 3318 rovine
2946 3279 2979 3318 e
3006 3260 3231 3318 residui
3260 3260 3321 3318 di
3350 3260 3531 3335 Capri
3559 3260 3830 3318 umiliata
3858 3261 3913 3318 al
3941 3262 4047 3318 Re.
4080 3261 4216 3318 Con
4243 3260 4374 3318 tutti
4403 3260 4487 3335 gli

708 3355 837 3413 altri
871 3355 1149 3430 opuscoli
1183 3355 1583 3430 d’antiquaria
1614 3355 1819 3413 inserti
1852 3356 1950 3413 nel
1983 3364 2146 3413 terzo
2181 3356 2425 3413 volume
2459 3356 2619 3413 della
2650 3357 2821 3413 Deca
2852 3357 3127 3413 Romana
3159 3356 3317 3413 delle
3353 3355 3625 3413 Simbole
3658 3355 3979 3413 Letterarie
4011 3355 4356 3430 pubblicate
4390 3356 4488 3413 dal

705 3460 994 3526 proposto
1019 3452 1157 3509 Ant.
1185 3453 1351 3509 Fran.
1381 3451 1547 3519 Gori,
1574 3453 1771 3509 Roma
1801 3451 1976 3519 1752,
2003 3451 2065 3508 in
2092 3452 2145 3519 8,
2172 3453 2260 3509 M.
2288 3451 2385 3510 95.

474 3644 655 3701 2711.
687 3644 1023 3701 SEIGNEUX
1048 3644 1123 3701 de
1149 3644 1477 3711 Corrévou,
1506 3645 1733 3701 Lettres
1762 3662 1860 3701 sur
1884 3644 1942 3701 la
1967 3644 2328 3701 découverte
2354 3644 2429 3701 de
2455 3643 2798 3701 l’ancienne
2825 3643 2969 3701 ville
2995 3644 3421 3711 d’Herculane,
3450 3652 3508 3701 et
3533 3644 3608 3701 de
3636 3662 3730 3701 ses
3755 3643 4118 3718 principales
4146 3643 4483 3718 antiquités,

707 3740 995 3797 Yverdon
1026 3740 1201 3807 1770,
1228 3740 1265 3796 2
1291 3740 1432 3807 vol.,
1459 3739 1521 3796 in
1552 3740 1643 3807 12,
1671 3739 1850 3814 legati
1874 3739 1937 3796 in
1960 3758 2041 3797 un
2067 3740 2217 3797 solo.

706 3836 1132 3910 Amplamente
1165 3854 1315 3893 sono
1346 3844 1588 3910 esposte
1618 3854 1651 3893 e
1681 3835 1959 3893 descritte
1989 3836 2045 3893 le
2073 3835 2432 3910 produzioni
2462 3836 2620 3893 delle
2651 3835 2758 3893 arti
2788 3835 3191 3893 dissotterrate
3221 3854 3254 3893 e
3283 3854 3406 3893 non
3436 3836 3688 3893 azzarda
3716 3836 3972 3893 l’autore
4003 3836 4217 3893 alcuna
4244 3835 4489 3893 ulterior

707 3930 1012 4005 opinione,
1040 3931 1461 3988 concludendo
1487 3930 1598 3988 che
1622 3930 1665 3987 il
1691 3930 1958 4005 giudizio
1982 3930 2087 4005 più
2114 3949 2259 3988 sano
2283 3930 2675 3988 risulterebbe
2700 3931 2798 3988 dal
2823 3930 3099 3988 conﬂitto
3125 3931 3283 3988 delle
3308 3930 3544 3988 diverse
3569 3930 3843 4005 opinioni
3868 3930 3966 3988 dei
3991 3930 4157 3988 dotti.

474 4123 655 4180 2712.
695 4123 870 4180 SPON
902 4123 1088 4180 Jacob
1124 4131 1182 4180 et
1212 4122 1480 4180 Wheller
1514 4123 1772 4197 George,
1809 4124 2064 4197 Voyage
2099 4122 2353 4190 d’Italie,
2391 4123 2466 4180 de
2500 4122 2819 4190 Dalmatie,
2857 4123 2932 4180 de
2968 4123 3180 4190 Grece,
3218 4131 3276 4180 et
3309 4123 3389 4180 du
3422 4124 3650 4180 Levant
3684 4122 3792 4180 fait
3826 4141 3942 4180 aux
3977 4123 4198 4180 années
4241 4122 4394 4180 1675
4432 4131 4490 4180 et

714 4218 889 4286 1676,
915 4220 1104 4293 Lyon,
1131 4218 1194 4275 in
1225 4219 1316 4286 12,
1351 4218 1525 4286 1678,
1553 4218 1679 4293 fig.,
1707 4219 1826 4276 vol.
1857 4219 1910 4276 3.

711 4314 908 4372 Prima
931 4314 1209 4372 edizione
1234 4314 1332 4372 dei
1357 4314 1630 4372 moderni
1656 4314 1859 4389 viaggi
1884 4333 1917 4372 e
1941 4314 2336 4372 illustrazioni
2361 4314 2422 4372 di
2447 4314 2840 4382 monumenti,
2868 4314 2979 4372 che
3002 4315 3260 4389 precede
3285 4315 3341 4372 le
3366 4314 3574 4389 grandi
3599 4333 3781 4389 opere
3808 4314 4170 4372 successive.

474 4506 655 4563 2713.
688 4506 950 4563 STUART
974 4507 1193 4573 James,
1224 4506 1341 4563 and
1366 4507 1582 4563 Revett
1606 4505 1898 4563 Nicholas
1924 4505 2204 4580 painters,
2235 4506 2352 4563 and
2379 4505 2711 4573 architects,
2740 4505 2867 4563 The
2895 4505 3235 4580 antiquities
3264 4505 3336 4563 of
3356 4505 3606 4573 Athens,
3636 4506 3975 4573 mensured,
4006 4506 4122 4563 and
4148 4505 4487 4563 delineated

707 4610 839 4669 etc.,
866 4602 1139 4669 London,
1165 4601 1400 4676 printed
1422 4602 1504 4676 by
1527 4601 1682 4659 John
1707 4601 2072 4669 Haberkarn,
2107 4601 2282 4669 1762,
2309 4601 2371 4658 in
2395 4601 2522 4669 fol.,
2550 4601 2676 4676 fig.,
2705 4602 2824 4659 vol.
2852 4602 2908 4659 4.

706 4698 785 4754 Al
818 4697 942 4755 fine
974 4697 1187 4772 d’ogni
1219 4697 1483 4772 capitolo
1517 4716 1788 4772 seguono
1820 4698 1876 4755 le
1910 4706 2140 4772 stampe
2171 4698 2266 4755 de’
2305 4697 2570 4772 migliori
2599 4697 2792 4755 bulini
2823 4697 3341 4772 dell’Inghilterra.
3375 4698 3423 4754 Il
3457 4698 3723 4755 secondo
3756 4698 4001 4755 volume
4033 4716 4357 4772 comparve
4389 4698 4487 4755 nel

714 4794 868 4851 1787
904 4795 981 4868 [p.
1015 4794 1115 4863 37]
1151 4802 1444 4868 stampato
1473 4794 1550 4851 da
1575 4793 1730 4851 John
1756 4793 2011 4851 Nichols
2041 4794 2139 4851 col
2165 4793 2389 4851 ritratto
2418 4793 2479 4851 di
2510 4794 2705 4851 Stuart
2731 4793 2793 4850 in
2821 4793 3033 4851 fronte.
3064 4794 3112 4850 Il
3139 4802 3302 4851 terzo
3332 4794 3577 4851 volume
3606 4812 3930 4868 comparve
3958 4794 4068 4851 nel
4110 4794 4266 4852 1794
4293 4812 4400 4868 per
4426 4794 4486 4851 lo

709 4898 900 4947 stesso
943 4898 1320 4964 stampatore.
1363 4890 1411 4946 Il
1451 4898 1659 4964 quarto
1699 4890 1775 4947 ed
1813 4889 2025 4947 ultimo
2066 4890 2311 4947 volume
2352 4889 2417 4947 fu
2458 4898 2753 4964 stampato
2794 4890 2871 4947 da
2907 4890 3172 4964 Bensley
3218 4889 3374 4947 1816
3415 4890 3512 4947 col
3550 4889 3773 4947 ritratto
3814 4889 3875 4947 di
3914 4891 4134 4947 Revert
4171 4889 4233 4946 in
4272 4889 4483 4947 fronte.

706 4985 986 5043 Termina
1022 4986 1410 5060 quest’opera
1446 4986 1871 5060 completando
1909 4985 1929 5042 i
1967 4985 2197 5043 volumi
2233 4985 2578 5060 precedenti
2616 4985 2714 5043 coi
2753 4985 2988 5060 disegni
3026 4985 3124 5043 dei
3162 4985 3375 5043 marmi
3413 4986 3573 5043 della
3609 4986 3846 5043 celebre
3884 4985 4222 5043 collezione
4260 4985 4321 5043 di
4358 4986 4489 5043 lord

706 5080 900 5155 Elgin.
935 5081 1314 5138 Certamente
1346 5080 1542 5138 finora
1570 5099 1692 5138 non
1721 5081 2084 5155 produssero
2115 5080 2135 5137 i
2165 5080 2356 5138 torchi
2387 5099 2420 5138 e
2450 5099 2572 5138 non
2603 5081 2911 5138 accolsero
2943 5081 2999 5138 le
3028 5080 3396 5138 biblioteche
3426 5081 3720 5155 un’opera
3749 5080 3810 5138 di
3840 5080 4115 5155 maggior
4142 5080 4352 5155 pregio
4382 5099 4489 5155 per

707 5177 945 5234 l’esatta
975 5176 1354 5244 esecuzione,
1389 5195 1506 5234 con
1537 5176 1634 5234 cui
1666 5176 1732 5234 fu
1763 5176 1910 5234 fatto
1943 5185 2156 5251 questo
2188 5176 2425 5251 insigne
2457 5177 2683 5234 lavoro.
2718 5177 3012 5234 Potrebbe
3041 5176 3311 5234 ritenersi
3343 5195 3519 5234 come
3551 5176 3759 5251 quinto
3792 5177 4036 5234 volume
4069 5177 4124 5234 al
4158 5176 4392 5251 seguito
4425 5176 4486 5234 di

707 5281 917 5347 questa
940 5273 1341 5347 grand’opera
1364 5273 1562 5330 l’altro
1590 5281 1884 5347 stampato
1909 5273 2007 5330 nel
2039 5273 2193 5330 1817
2219 5291 2326 5347 per
2349 5281 2528 5330 conto
2554 5273 2741 5330 d’una
2766 5272 3008 5330 società.
3036 5272 3195 5330 Vedi
3214 5274 3577 5346 Antiquities
3602 5273 3677 5346 of
3682 5274 3900 5330 Attica.

474 5465 655 5522 2714.
683 5466 941 5522 VENUTI
964 5464 1298 5532 Ridolfino,
1326 5466 1412 5522 La
1436 5464 1642 5522 favola
1666 5464 1727 5522 di
1753 5464 1929 5522 Circe
1953 5473 2397 5539 rappresentata
2420 5464 2482 5521 in
2508 5464 2705 5522 antico
2732 5483 2912 5539 greco
2937 5464 3364 5522 basso-rilievo
3391 5464 3452 5522 di
3476 5483 3726 5532 marmo,
3754 5466 3952 5522 Roma
3983 5464 4158 5532 1758,
4185 5464 4247 5521 in
4271 5465 4328 5532 4,
4357 5464 4483 5539 fig.,

706 5561 794 5617 M.
823 5560 920 5618 92.

716 5656 851 5713 Con
874 5674 993 5713 una
1015 5656 1218 5713 tavola
1240 5655 1302 5712 in
1324 5674 1506 5713 rame.

474 5847 655 5905 2715.
696 5849 998 5905 VETRANI
1035 5847 1304 5915 Antonii,
1345 5847 1703 5905 Dissertatio
1743 5848 1818 5905 de
1859 5847 2061 5905 Sebeti
2101 5847 2446 5922 antiquitate
2485 5847 2749 5915 nomine,
2791 5847 2971 5915 fama,
3013 5848 3177 5905 cultu
3215 5856 3325 5905 etc.
3369 5848 3654 5905 adversus
3693 5849 3723 5905 J
3728 5848 3989 5905 acobum
4024 5847 4484 5915 Martorellium,

706 5943 967 6018 Neapoli
999 5943 1173 6011 1767,
1200 5943 1262 6000 in
1289 5944 1342 6011 8,
1369 5945 1457 6001 M.
1484 5944 1582 6001 48.

712 6040 828 6097 Col
853 6039 1246 6114 frontespizio
1272 6039 1549 6114 figurato,
1577 6058 1761 6114 opera
1782 6039 1962 6114 piena
1985 6039 2046 6097 di
2071 6039 2435 6097 erudizione.

474 6230 655 6288 2716.
705 6232 1112 6288 VILLAMENA
1156 6230 1528 6298 Franciscus,
1578 6231 1743 6305 Ager
1788 6231 2149 6288 Puteolanus
2201 6230 2328 6288 sive
2374 6239 2727 6305 prospectus
2776 6231 3052 6305 ejusdem
3097 6230 3478 6305 insigniores,
3528 6232 3760 6288 Romae
3815 6230 3990 6298 1626,
4040 6230 4102 6287 in
4152 6231 4205 6298 8,
4256 6239 4489 6288 constat

706 6327 1042 6384 tabularum
1065 6327 1162 6384 24.

2171 6657 2347 6694 WWW.
2358 6637 2734 6710 memofonte.
2748 6639 2791 6694 il
