4958 7017
1981 864 2366 922 Fondazione
2390 864 2775 922 Memofonte
2800 865 2976 922 onlus

1390 960 1600 1018 Studio
1624 979 1731 1035 per
1754 960 2226 1018 l’elaborazione
2250 960 2632 1018 informatica
2655 961 2813 1018 delle
2838 960 2991 1018 fonti
3018 960 3571 1018 storico—artistiche

700 1256 1138 1322 appartenente,
1169 1247 1557 1315 accresciuto,
1587 1248 1926 1315 emendato,
1956 1248 2032 1305 ed
2058 1256 2266 1305 ornato
2294 1247 2355 1305 di
2381 1247 2702 1305 utilissime
2730 1266 2874 1305 cose
2901 1266 2934 1305 e
2961 1248 3151 1305 molto
3177 1247 3497 1322 piacevoli.
3528 1249 3614 1305 La
3637 1247 3832 1322 prima
3857 1247 4136 1305 edizione
4163 1266 4487 1322 comparve

698 1343 760 1400 in
783 1343 1055 1401 Venezia
1076 1362 1183 1418 per
1205 1343 1248 1400 il
1272 1343 1472 1401 Ziletti
1496 1344 1594 1401 nel
1626 1343 1800 1401 1562.

701 1440 895 1497 Senza
919 1439 1131 1514 figure,
1159 1440 1257 1497 col
1284 1440 1416 1497 solo
1442 1439 1835 1514 frontespizio
1861 1448 2069 1497 ornato
2095 1439 2372 1514 d’intagli
2397 1439 2458 1497 di
2483 1440 2681 1514 legno.

473 1631 655 1689 4600.
688 1633 1090 1699 EISEMBERG,
1122 1631 1508 1706 Description
1537 1632 1617 1689 du
1647 1632 1902 1706 manége
1933 1632 2220 1689 moderne
2251 1632 2398 1689 dans
2430 1632 2488 1689 la
2515 1631 2868 1706 perfection,
2902 1632 3120 1706 gravée
3148 1650 3255 1706 par
3282 1632 3550 1689 Bernard
3578 1631 3807 1699 Picard,
3841 1650 3875 1689 a
3903 1632 3961 1689 la
3989 1633 4178 1706 Haye,
4219 1632 4394 1699 1737,
4426 1631 4488 1688 in

699 1726 804 1784 fol.
836 1727 1102 1801 oblong.,
1133 1726 1281 1784 chez
1308 1726 1505 1784 Pierre
1533 1727 1608 1784 de
1635 1727 1855 1784 Hondt.
1886 1727 2115 1784 Tavole
2143 1726 2218 1784 55
2248 1726 2717 1801 rappresentanti
2745 1726 2980 1794 cavalli,
3011 1745 3044 1784 e
3071 1727 3109 1783 4
3137 1727 3337 1784 tavole
3365 1727 3818 1801 comprendono
3847 1726 4069 1784 diversi
4097 1726 4300 1784 morsi:
4335 1745 4486 1784 sono

700 1822 778 1880 60
803 1823 1003 1880 tavole
1028 1822 1411 1897 compresovi
1435 1822 1479 1879 il
1504 1822 1915 1897 frontespizio.

698 1918 991 1976 Edizione
1027 1918 1089 1975 in
1123 1919 1223 1976 bel
1260 1918 1534 1993 disegno,
1574 1919 1650 1976 ed
1685 1918 1954 1993 intaglio,
1994 1927 2378 1993 quantunque
2416 1919 2613 1976 l’altra
2648 1937 2965 1993 comparsa
3000 1918 3158 1976 dieci
3196 1918 3334 1976 anni
3372 1918 3571 1976 avanti
3606 1937 3792 1993 possa
3825 1918 4096 1976 ritenersi
4132 1918 4195 1975 in
4231 1918 4486 1993 qualche

698 2014 974 2089 maggior
995 2014 1205 2089 pregio
1229 2033 1336 2089 per
1359 2015 1417 2072 la
1440 2014 1789 2072 freschezza
1812 2015 1970 2072 delle
1994 2015 2211 2072 tavole.

473 2206 655 2264 4601.
682 2208 978 2264 FABRICY
1002 2206 1247 2264 Gabriel
1272 2207 1328 2264 le
1352 2208 1421 2264 R.
1449 2208 1613 2274 Pere,
1640 2206 2018 2264 Recherches
2047 2225 2144 2264 sur
2167 2207 2455 2281 l’époque
2480 2207 2555 2264 de
2580 2206 2976 2281 l’équitation.
3004 2206 3163 2264 Vedi
3188 2206 3278 2264 fra
3300 2206 3320 2263 i
3348 2208 3636 2264 Costumi.

473 2397 655 2455 4602.
682 2399 996 2455 FERRARO
1019 2397 1183 2455 Pirro
1207 2397 1495 2465 Antonio,
1522 2398 1570 2454 Il
1595 2398 1830 2455 cavallo
1856 2397 2105 2465 frenato,
2132 2397 2403 2455 Venezia
2433 2397 2609 2465 1620,
2636 2397 2698 2454 in
2722 2397 2849 2465 fol.,
2877 2397 2981 2472 fig.

700 2494 901 2568 Opera
933 2512 967 2551 a
998 2493 1095 2551 cui
1126 2494 1414 2568 preceder
1444 2494 1597 2551 deve
1630 2494 1827 2551 l’altra
1858 2493 1919 2551 di
1953 2493 2193 2551 Giovan
2224 2493 2477 2551 Battista
2506 2494 2690 2568 padre
2723 2493 2784 2551 di
2817 2502 3029 2568 questo
3064 2502 3267 2551 autore
3302 2494 3392 2551 sul
3425 2494 3611 2551 modo
3645 2493 3706 2551 di
3739 2512 4060 2551 conservar
4091 2494 4147 2551 le
4178 2512 4352 2551 razze
4385 2494 4480 2551 de’

699 2589 934 2657 cavalli,
966 2608 999 2647 e
1028 2589 1071 2646 il
1101 2590 1286 2647 modo
1316 2589 1377 2647 di
1406 2589 1637 2647 curarli.
1669 2591 1842 2647 Tutte
1872 2590 1928 2647 le
1957 2608 2277 2647 numerose
2306 2590 2506 2647 tavole
2535 2589 2596 2647 di
2626 2598 2839 2664 questo
2869 2590 3115 2647 volume
3144 2589 3492 2664 esprimenti
3521 2589 3665 2664 ogni
3697 2589 3900 2664 specie
3929 2589 3990 2647 di
4019 2589 4172 2647 freni
4202 2589 4424 2647 antichi
4453 2608 4486 2647 e

698 2685 972 2743 moderni
999 2704 1149 2743 sono
1174 2685 1481 2760 intagliate
1505 2685 1568 2742 in
1592 2686 1790 2760 legno.
1818 2685 2111 2743 Edizione
2137 2694 2426 2743 accurata.

473 2876 655 2934 4603.
687 2878 953 2934 FIASCHI
976 2877 1217 2944 Cesare,
1248 2878 1508 2934 Trattato
1538 2876 2074 2951 dell’imbrigliare,
2106 2876 2510 2951 maneggiare,
2542 2895 2575 2934 e
2604 2876 2822 2934 ferrare
2850 2876 2870 2933 i
2899 2876 3134 2934 cavalli.
3167 2876 3385 2934 Diviso
3414 2876 3477 2933 in
3505 2885 3590 2934 tre
3617 2876 3786 2951 parti,
3817 2877 4098 2951 Bologna
4132 2876 4307 2944 1556,
4338 2876 4400 2933 in
4427 2877 4484 2944 4,

699 2972 804 3047 fig.

698 3068 950 3126 Trattasi
982 3068 1043 3126 di
1075 3087 1317 3143 ognuna
1347 3068 1408 3126 di
1440 3077 1649 3143 queste
1680 3068 1831 3143 parti
1863 3068 2283 3136 chiaramente,
2318 3087 2351 3126 e
2382 3068 2445 3125 in
2478 3068 2634 3126 sussi
2671 3070 2750 3143 [p.
2788 3069 2929 3138 310]
2967 3068 3069 3126 dio
3101 3068 3365 3126 trovansi
3397 3068 3823 3143 copiosissime
3854 3069 4055 3126 tavole
4086 3068 4393 3143 intagliate
4424 3068 4487 3125 in

699 3165 878 3239 legno
902 3164 1183 3239 riportate
1208 3164 1298 3222 fra
1320 3164 1363 3221 il
1387 3173 1559 3232 testo,
1587 3165 1736 3222 oltre
1760 3164 1780 3221 i
1805 3164 2151 3239 frontespizj
2182 3164 2422 3239 figurati
2448 3165 2523 3222 ad
2547 3183 2790 3239 ognuna
2813 3164 2874 3222 di
2899 3183 3051 3222 esse:
3082 3164 3533 3222 accuratissima
3556 3164 3851 3222 edizione.

473 3355 655 3413 4604.
696 3356 1055 3413 GAL]BERTI
1091 3355 1333 3413 Giovan
1368 3355 1621 3413 Battista
1656 3364 1832 3413 conte
1869 3356 2249 3430 napoletano,
2288 3356 2336 3412 Il
2373 3356 2609 3413 cavallo
2647 3356 2724 3413 da
2758 3355 3100 3430 maneggio,
3140 3374 3256 3413 ove
3296 3355 3345 3413 si
3381 3364 3552 3413 tratta
3587 3356 3747 3413 della
3781 3355 4163 3413 nobilissima
4199 3355 4353 3413 virtù
4389 3356 4487 3413 del

699 3452 1027 3519 cavalcare,
1054 3451 1293 3509 Vienna
1316 3451 1629 3509 d’Austria
1659 3451 1834 3519 1559,
1861 3451 1923 3508 in
1947 3451 2074 3519 fol.,
2102 3451 2206 3526 fig.

699 3548 834 3605 Con
857 3556 1045 3605 trenta
1067 3548 1268 3605 tavole
1292 3547 1355 3604 in
1377 3566 1541 3605 rame
1566 3547 1627 3605 di
1654 3556 1940 3605 scorretto
1966 3547 2237 3622 disegno.

473 3739 655 3797 4605.
684 3740 989 3797 GAMBOA
1012 3739 1335 3807 Giovanni,
1362 3741 1448 3797 La
1470 3739 1717 3814 ragione
1742 3740 2015 3797 dell’arte
2040 3740 2138 3797 del
2163 3740 2492 3807 cavalcare,
2519 3740 2792 3797 Palermo
2825 3739 3000 3807 1606,
3027 3739 3089 3796 in
3112 3740 3150 3796 4
3173 3739 3290 3814 pic.

700 3836 901 3910 Opera
924 3835 1120 3893 divisa
1142 3835 1204 3892 in
1227 3844 1312 3893 tre
1335 3835 1504 3910 parti,
1532 3854 1565 3893 e
1589 3844 1819 3893 trattata
1840 3835 2284 3910 praticamente.

473 4026 655 4084 4606.
688 4027 1088 4084 GARSSAULT
1117 4027 1244 4097 (de)
1274 4028 1334 4084 F.
1366 4027 1461 4094 A.,
1492 4028 1576 4084 Le
1604 4045 1884 4084 nouveau
1910 4026 2127 4101 parfait
2154 4026 2455 4084 maréchal
2485 4045 2565 4084 ou
2593 4027 2651 4084 la
2678 4026 3085 4084 connoisance
3114 4027 3410 4101 générale,
3442 4035 3500 4084 et
3527 4026 3888 4084 universelle
3917 4027 3998 4084 du
4026 4026 4257 4084 cheval:
4291 4026 4486 4084 divise

699 4141 774 4180 en
798 4124 833 4180 7
860 4122 1078 4190 traités,
1107 4141 1253 4180 avec
1278 4141 1359 4180 un
1383 4122 1778 4180 dictionnaire
1803 4123 1909 4180 des
1934 4131 2151 4180 termes
2177 4123 2252 4180 de
2277 4122 2591 4190 cavalérie,
2618 4122 2780 4180 Paris
2813 4123 2988 4190 1797,
3015 4122 3077 4179 in
3100 4123 3157 4190 4,
3185 4122 3358 4197 figur.

700 4219 901 4293 Opera
930 4218 1297 4293 pregievole,
1333 4218 1394 4276 di
1427 4218 1524 4276 cui
1559 4218 1608 4276 si
1642 4218 1846 4276 fecero
1879 4219 2064 4276 molte
2097 4218 2362 4276 edizioni
2397 4237 2632 4293 sempre
2663 4218 2967 4276 ricorrette
3000 4219 3076 4276 ed
3109 4227 3463 4286 aumentate,
3499 4219 3657 4276 delle
3690 4218 3852 4293 quali
3885 4227 4096 4293 questa
4127 4219 4160 4276 e
4193 4219 4251 4276 la
4282 4218 4488 4293 quinta

699 4333 816 4372 con
840 4315 918 4373 29
944 4315 1144 4372 tavole
1167 4314 1414 4372 relative
1440 4315 1495 4372 al
1520 4315 1775 4382 cavallo,
1803 4333 1836 4372 e
1861 4315 1940 4372 20
1966 4314 2021 4372 ai
2048 4314 2323 4389 semplici
2347 4314 2658 4389 impiegati
2683 4315 2844 4372 nella
2867 4314 3250 4372 medicatura.
3278 4314 3437 4372 Vedi
3465 4316 3664 4372 Traité
3685 4315 3793 4372 des
3818 4317 4099 4372 voilures.

473 4505 655 4563 4607.
695 4506 991 4563 GOIFFON
1025 4514 1083 4563 et
1116 4505 1394 4573 Vincent,
1432 4505 1734 4563 Mémoire
1771 4505 2107 4563 artificielle
2143 4506 2249 4563 des
2284 4505 2587 4580 principes
2622 4505 2849 4563 relatifs
2887 4506 2921 4563 a
2955 4506 3013 4563 la
3047 4505 3255 4563 fidelle
3289 4505 3759 4580 representation
3794 4506 3900 4563 des
3938 4505 4220 4563 animaux
4254 4514 4378 4563 tant
4412 4524 4487 4563 en

697 4601 967 4676 peinture
992 4602 1179 4676 qu’en
1205 4602 1522 4676 sculpture,
1549 4601 1662 4659 troi
1687 4602 1806 4659 vol.
1833 4602 1936 4659 rel.
1965 4620 2040 4659 en
2071 4602 2095 4658 1
2127 4602 2268 4669 vol.,
2295 4601 2458 4659 Paris
2491 4602 2665 4669 1779,
2692 4601 2819 4669 fol.,
2847 4601 2952 4676 fig.

699 4698 834 4755 Con
858 4698 934 4755 23
963 4697 1171 4772 grandi
1195 4698 1395 4755 tavole
1420 4697 1850 4755 dimostrative.

473 4889 655 4947 4608.
684 4890 980 4947 GRISONE
1003 4889 1291 4947 Federico
1317 4889 1690 4964 gentiluomo
1715 4890 2096 4964 napoletano,
2125 4889 2226 4947 Gli
2251 4889 2446 4947 ordini
2471 4889 2532 4947 di
2557 4890 2885 4957 cavalcare,
2912 4891 3109 4947 Roma
3139 4889 3314 4957 1550,
3341 4889 3403 4946 in
3426 4890 3483 4957 4,
3510 4889 3614 4964 fig.

698 4985 995 5043 Dedicato
1023 4986 1078 5043 al
1104 4985 1368 5043 cardinal
1393 4985 1653 5060 Ippolito
1679 4986 1903 5043 d’Este.
1934 4986 2135 5060 Opera
2159 4985 2355 5043 divisa
2378 4985 2441 5042 in
2466 4994 2697 5060 quattro
2724 4985 2877 5053 libri,
2906 5004 2939 5043 e
2966 4985 3122 5043 assai
3146 4986 3265 5043 ben
3290 4985 3577 5053 ordinata,
3607 5004 3641 5043 a
3665 4985 3761 5043 cui
3788 4985 4143 5060 aggiugnesi
4168 4985 4230 5042 in
4256 4985 4381 5043 fine
4406 5004 4487 5043 un

698 5099 948 5138 numero
974 5080 1035 5138 di
1061 5080 1139 5138 50
1164 5081 1364 5138 tavole
1388 5080 1694 5155 intagliate
1719 5080 1781 5137 in
1805 5081 1985 5155 legno
2009 5099 2116 5155 per
2138 5080 2158 5137 i
2183 5080 2368 5138 morsi
2393 5081 2488 5138 de’
2520 5080 2757 5148 cavalli,
2785 5080 2846 5138 di
2869 5081 3031 5138 bella
3054 5080 3431 5138 esecuzione.

473 5272 655 5330 4608.
712 5273 1118 5330 GUERINIERE
1171 5273 1272 5343 (de
1324 5273 1406 5343 la)
1461 5291 1680 5347 ecuyer
1730 5273 1811 5330 du
1861 5272 1996 5340 Roi,
2050 5255 2237 5330 Ecole
2289 5273 2364 5330 de
2416 5273 2474 5330 la
2525 5272 2821 5330 cavalérie
2873 5281 3195 5330 contenant
3245 5273 3303 5330 la
3353 5272 3812 5340 connoissance,
3867 5272 4271 5330 l’instruction
4323 5281 4381 5330 et
4431 5273 4489 5330 la

699 5368 1121 5426 conservation
1145 5369 1225 5426 du
1249 5368 1462 5426 chéval
1488 5387 1635 5426 avec
1661 5368 1888 5443 figures
1914 5387 1989 5426 en
2012 5368 2175 5426 taille
2200 5369 2413 5436 douce,
2440 5368 2603 5426 Paris
2636 5368 2811 5436 1751,
2838 5368 2900 5425 in
2924 5368 3029 5426 fol.

698 5465 873 5522 Bella
901 5464 1179 5522 edizione
1209 5483 1326 5522 con
1357 5465 1432 5522 38
1464 5465 1664 5522 tavole
1695 5483 2013 5539 compreso
2043 5464 2086 5521 il
2117 5464 2529 5539 frontespizio,
2562 5465 2620 5522 la
2648 5464 2924 5539 maggior
2950 5473 3115 5539 parte
3144 5464 3451 5539 intagliate
3481 5465 3558 5522 da
3585 5466 3627 5522 I.
3661 5465 3925 5532 Audran,
3958 5465 4035 5522 da
4062 5466 4146 5522 Le
4176 5466 4316 5532 Bas,
4349 5483 4382 5522 e
4412 5465 4489 5522 da

700 5559 829 5617 altri
853 5559 1117 5627 incisori,
1145 5578 1262 5617 con
1287 5568 1481 5634 gusto,
1509 5578 1542 5617 e
1567 5559 1889 5634 grandiosa
1912 5559 2289 5617 esecuzione.

473 5751 655 5809 4610.
682 5753 993 5808 L]BERATI
1015 5753 1368 5819 Francesco,
1395 5753 1481 5809 La
1503 5751 1852 5826 perfezione
1877 5752 1975 5809 del
2000 5752 2254 5819 cavallo,
2281 5753 2478 5809 Roma
2509 5751 2684 5819 1669,
2710 5751 2772 5808 in
2795 5752 2852 5819 4,
2880 5751 2984 5826 fig.

697 5883 780 5887 —
816 5847 1187 5922 Aggiuntavi
1226 5848 1423 5905 l’altra
1460 5847 1738 5905 edizione
1777 5847 1838 5905 di
1876 5849 2072 5905 Roma
2116 5847 2291 5915 1639,
2332 5848 2492 5905 nella
2529 5848 2705 5922 quale
2744 5847 2975 5922 leggesi
3013 5847 3075 5904 in
3113 5847 3238 5905 fine
3277 5848 3335 5905 la
3371 5847 3719 5905 traduzione
3759 5848 3857 5905 dal
3896 5866 4076 5922 greco
4115 5848 4388 5905 dell’arte
4427 5847 4488 5905 di

699 5944 1009 6001 cavalcare
1033 5952 1203 6001 tratta
1226 5944 1303 6001 da
1325 5943 1691 6011 Xenofonte,
1718 5943 1780 6000 in
1803 5944 1860 6011 4,
1888 5943 1993 6018 fig.

698 6040 961 6114 L’opera
986 6040 1019 6097 è
1046 6039 1242 6097 divisa
1266 6039 1328 6096 in
1353 6048 1438 6097 tre
1465 6039 1618 6107 libri,
1648 6039 1910 6097 l’ultimo
1938 6040 2033 6097 de’
2067 6039 2229 6114 quali
2254 6039 2477 6114 riporta
2501 6039 2521 6096 i
2553 6041 2630 6114 [p.
2663 6040 2804 6109 311]
2836 6039 3057 6114 marchj
3090 6040 3185 6097 de’
3219 6039 3436 6097 cavalli
3462 6039 3756 6114 intagliati
3782 6039 3844 6096 in
3870 6040 4068 6114 legno.
4098 6041 4165 6096 In
4189 6039 4487 6114 principio

699 6135 732 6192 e
757 6135 815 6192 la
838 6153 982 6209 gran
1005 6135 1208 6192 tavola
1230 6134 1292 6191 in
1314 6153 1478 6192 rame
1503 6135 1661 6192 delle
1686 6134 1950 6192 malattie
1975 6135 2073 6192 del
2098 6135 2352 6192 cavallo.

473 6326 655 6384 4611.
694 6328 901 6384 L]BRO
932 6326 993 6384 di
1030 6326 1241 6394 arnesi,
1280 6327 1356 6384 ed
1391 6326 1725 6384 ornamenti
1760 6345 1867 6401 per
1901 6326 2137 6394 cavalli,
2176 6345 2209 6384 e
2245 6345 2542 6394 carrozze,
2580 6326 2757 6384 incisi
2792 6326 2855 6383 in
2888 6345 3053 6384 rame
3089 6345 3206 6384 con
3242 6326 3562 6401 diligenza,
3601 6327 3677 6384 ed
3712 6327 4017 6401 eleganza,
4056 6345 4089 6384 e
4124 6326 4144 6383 i
4178 6326 4486 6401 respettivi

697 6422 899 6497 prezzi
924 6422 985 6480 di
1010 6422 1415 6480 ciascheduno
1440 6422 1503 6479 in
1527 6422 1734 6497 lingua
1756 6422 2006 6497 inglese,
2033 6423 2293 6490 tedesca,
2323 6423 2673 6497 spagnuola,
2701 6441 2734 6480 e
2758 6422 3016 6480 italiana.

2171 6657 2347 6694 WWW.
2358 6637 2734 6710 memofonte.
2748 6639 2791 6694 il
