4958 7017
1981 864 2366 922 Fondazione
2390 864 2775 922 Memofonte
2800 865 2976 922 onlus

1390 960 1600 1018 Studio
1624 979 1731 1035 per
1754 960 2226 1018 l’elaborazione
2250 960 2632 1018 informatica
2655 961 2813 1018 delle
2838 960 2991 1018 fonti
3018 960 3571 1018 storico—artistiche

713 1251 1311 1341 emblématiques
1343 1251 1713 1320 dessinées
1746 1262 1815 1320 et
1843 1252 2141 1341 gravées
2171 1273 2297 1341 par
2323 1253 2629 1341 Jacques
2661 1251 2923 1333 Callot,
2956 1251 3150 1320 Paris
3190 1251 3398 1333 1646,
3431 1251 3583 1341 fig.,
3616 1251 3690 1319 in
3719 1252 3786 1320 4.

487 1482 694 1551 1912.
745 1483 917 1550 LUX
962 1481 1036 1549 in
1081 1481 1421 1563 tenebria,
1472 1483 1633 1550 Hoc
1681 1492 1789 1550 est
1832 1481 2251 1571 prophetiae
2299 1481 2574 1550 donum
2619 1503 2764 1571 quo
2811 1483 3010 1550 Deus
3057 1481 3466 1550 Ecclesiam
3511 1481 4031 1571 Evangelicam
4079 1481 4183 1566 (in
4229 1483 4485 1571 Regno

712 1596 1143 1681 Bohemiae)
1176 1618 1426 1665 ornare
1458 1618 1539 1665 ac
1568 1607 1859 1686 paterne
1891 1596 2105 1665 solari
2136 1596 2468 1686 dignatus
2501 1607 2627 1665 est.
2662 1596 2934 1665 Cotteri
2963 1596 3463 1678 revelationes,
3505 1596 3714 1678 1667,
3747 1596 3821 1664 in
3849 1597 3917 1678 4,
3950 1596 4076 1686 fig.

714 1708 878 1765 Sono
906 1707 1125 1765 inserte
1152 1707 1215 1764 in
1242 1716 1455 1782 questo
1484 1708 1819 1782 esemplare
1847 1708 1903 1765 le
1933 1708 2008 1765 38
2037 1708 2197 1765 belle
2224 1708 2424 1765 tavole
2452 1708 2550 1765 del
2580 1709 2830 1765 Kottero
2859 1707 2970 1765 che
2998 1708 3058 1765 lo
3085 1708 3355 1765 rendono
3382 1707 3680 1782 prezioso.
3712 1709 3865 1765 Mar.
3897 1708 4022 1765 dor.
4054 1708 4214 1765 della
4239 1707 4484 1765 Bibliot.

712 1803 773 1861 di
797 1803 1222 1878 Malborough.

491 2000 698 2069 1913.
731 2001 985 2068 MACH
1008 1999 1259 2081 Paulli,
1291 1999 1763 2081 Emblemata,
1796 1999 2203 2068 Bonomiae
2241 1999 2449 2081 1628,
2483 1999 2557 2067 in
2585 2000 2653 2081 4,
2686 1999 2812 2089 fig.

714 2111 878 2168 Sono
916 2111 986 2168 81
1026 2111 1226 2168 tavole
1260 2110 1618 2168 d’emblemi
1652 2129 1770 2168 con
1803 2110 2234 2168 dichiarazioni
2268 2110 2330 2167 in
2364 2110 2522 2168 versi
2556 2110 2723 2168 latini
2758 2129 2791 2168 e
2824 2110 3069 2168 italiani.
3110 2111 3274 2168 Sono
3309 2110 3504 2185 questi
3539 2110 3799 2168 dedicati
3834 2111 3951 2168 alla
3982 2111 4296 2168 Madonna
4329 2110 4390 2168 di
4426 2111 4483 2168 S.

711 2208 892 2274 Luca,
920 2207 978 2264 la
1001 2206 1098 2264 cui
1122 2206 1387 2281 imagine
1415 2206 1464 2264 si
1489 2207 1642 2264 vede
1666 2206 1729 2263 in
1752 2206 2068 2281 principio.

475 2402 682 2471 1914.
733 2403 1035 2470 MAJERI
1074 2401 1488 2483 Michaelis,
1541 2401 1981 2470 Scrutinium
2028 2401 2424 2470 chimicum
2470 2401 2702 2470 oculis
2752 2412 2821 2470 et
2866 2401 3261 2470 intellectui
3311 2412 3637 2470 accurate
3686 2401 4178 2483 accomodata,
4230 2401 4485 2491 figuris

713 2538 934 2606 cupro
966 2516 1505 2606 appositissime
1534 2516 1784 2598 incisa,
1817 2516 2410 2606 ingeniosissima
2438 2516 2892 2598 emblemata,
2924 2516 3370 2585 Francofurti
3409 2516 3617 2598 1687,
3650 2516 3724 2584 in
3752 2517 3798 2584 4
3828 2516 3954 2606 fig.

711 2629 884 2685 Tutte
913 2628 969 2685 le
998 2646 1180 2702 opere
1209 2627 1270 2685 di
1299 2636 1512 2702 questo
1543 2636 1747 2685 autore
1775 2627 2054 2702 tengonsi
2083 2627 2145 2684 in
2172 2627 2382 2702 pregio
2412 2628 2572 2685 nella
2600 2627 2939 2685 collezione
2968 2627 3131 2702 degli
3160 2627 3465 2685 emblemi.
3497 2629 3564 2684 In
3593 2636 3807 2702 questo
3837 2627 3990 2685 libro
4020 2628 4076 2685 le
4104 2628 4305 2685 tavole
4336 2646 4487 2685 sono

713 2723 791 2781 50
817 2742 934 2781 con
959 2723 1272 2781 altrettanti
1297 2723 1653 2798 epigrammi
1678 2742 1711 2781 e
1737 2723 2009 2781 discorsi.

483 2919 690 2989 1915.
725 2921 1123 2988 MANTELII
1147 2921 1280 3001 Io.,
1317 2919 1713 3009 Speculum
1742 2930 2206 3009 peccatorum
2238 2919 2707 3009 aspirantium
2739 2919 2828 2988 ad
2861 2919 3172 2988 solidam
3202 2919 3392 2988 vitae
3424 2919 4029 3001 emendationem,
4063 2920 4230 2988 Ant.
4275 2919 4484 3001 1637,

712 3034 786 3102 in
814 3035 882 3116 4,
915 3034 1247 3124 figurato.

711 3145 1063 3203 Bellissimo
1089 3146 1122 3203 e
1146 3145 1189 3202 il
1214 3145 1607 3220 frontespizio
1633 3145 1694 3203 di
1718 3145 1914 3203 Pietro
1940 3146 2015 3203 de
2038 3147 2068 3203 ]
2072 3146 2188 3203 ode
2213 3146 2289 3203 ed
2312 3145 2570 3220 eleganti
2595 3146 2651 3203 le
2683 3145 2756 3203 16
2781 3146 2981 3203 tavole
3007 3145 3371 3220 allegoriche
3398 3164 3600 3220 sparse
3625 3146 3723 3203 nel
3749 3146 4011 3203 volume.

487 3340 694 3410 1916.
738 3342 1101 3409 MANTUA
1134 3342 1240 3409 M.
1284 3340 1687 3430 patavinus,
1730 3340 2139 3430 Zographia
2180 3340 2334 3409 sive
2373 3340 2856 3430 hierogliphia
2897 3362 3067 3409 sane
3106 3340 3589 3430 pulcherrima
3628 3362 3717 3409 ex
3758 3340 3947 3409 vivis
3990 3362 4158 3409 cum
4197 3351 4486 3409 naturae

711 3466 865 3524 tum
895 3466 1267 3524 auctorum
1295 3455 1617 3524 fontibus
1647 3455 1920 3537 hausta,
1962 3455 2170 3537 1566,
2203 3455 2277 3523 in
2310 3456 2372 3524 8.

711 3567 888 3624 Bello
914 3585 947 3624 e
970 3585 1101 3624 raro
1127 3567 1524 3641 opuscoletto.

483 3763 690 3832 1917.
724 3764 1223 3831 MARISCOTTI
1246 3762 1505 3831 Ercole
1534 3762 1836 3852 patrizio
1865 3762 2288 3852 bolognese,
2322 3764 2574 3831 Parere
2607 3784 2683 3831 se
2713 3762 2736 3830 i
2769 3762 3079 3831 concetti
3110 3762 3427 3831 favolosi
3462 3762 3521 3831 si
3553 3762 3891 3831 debbono
3924 3773 4339 3831 ammettere
4369 3762 4488 3831 nel

713 3899 934 3967 corpo
965 3877 1154 3946 delle
1183 3877 1517 3967 imprese,
1549 3877 1926 3967 problema
1952 3888 2298 3967 proposto
2328 3877 2959 3946 nell’Accademia
2987 3877 3103 3946 dei
3134 3877 3394 3959 Gelati,
3428 3877 3764 3967 Bologna
3800 3877 4008 3959 1613,
4041 3877 4115 3945 in
4143 3878 4210 3946 4.

483 4089 690 4158 1918.
733 4089 803 4157 S.
843 4090 1171 4157 MARTIN
1202 4088 1291 4157 de
1328 4088 1733 4178 Boulogne,
1773 4088 2178 4157 Plusieures
2217 4088 2488 4178 figures
2526 4110 2600 4157 re
2643 4090 2736 4178 [p.
2779 4088 2949 4171 326]
2992 4099 3401 4178 presentant
3435 4088 3541 4157 les
3579 4099 3817 4157 vertus
3854 4088 4065 4157 tirées
4104 4088 4194 4157 de
4230 4088 4487 4157 l’hotel

713 4203 802 4272 de
830 4205 1414 4293 Montmorency,
1447 4203 1664 4285 Paris,
1697 4205 1803 4272 M.
1838 4204 1953 4273 92.

714 4315 878 4372 Sono
911 4315 983 4371 12
1008 4315 1208 4372 tavole
1232 4314 1538 4389 intagliate
1564 4315 1867 4389 all’acqua
1890 4314 2043 4372 forte
2068 4333 2185 4372 con
2209 4314 2410 4389 grazia
2433 4333 2466 4372 e
2491 4314 2769 4382 vivacità,
2796 4314 2858 4371 in
2881 4315 2938 4382 4,
2966 4315 3205 4389 grande.

475 4510 682 4579 1919.
715 4510 784 4577 A
812 4511 1105 4577 MATRE
1128 4509 1267 4578 Dei
1299 4509 1748 4591 Sebastiano,
1780 4509 2344 4578 Firmamentum
2374 4509 2901 4599 Symbolicum,
2934 4509 3235 4578 Dublini
3274 4509 3482 4591 1652,
3515 4509 3589 4577 in
3617 4510 3663 4577 4
3693 4509 3766 4577 i»
3793 4510 3871 4577 4-
3907 4510 4015 4578 %°

711 4621 886 4678 Bella
909 4620 1187 4678 edizione
1212 4620 1273 4678 di
1300 4639 1367 4678 so
1393 4620 1679 4678 emblemi
1705 4620 1766 4678 di
1789 4621 1954 4678 buon
1977 4620 2227 4695 intaglio
2253 4639 2370 4678 con
2394 4620 2645 4695 copiose
2669 4620 3064 4678 illustrazioni
3088 4620 3246 4678 Bibl.
3274 4620 3699 4695 Malborough.

483 4817 690 4886 1920.
732 4818 1115 4898 MEISNER,
1152 4816 1557 4885 Thesaurus
1597 4816 2147 4906 Philopoliticus
2186 4816 2326 4885 hoc
2366 4827 2474 4885 est
2510 4816 2945 4885 emblemata
2981 4816 3284 4885 moralia
3319 4816 3618 4906 politica
3654 4816 3908 4906 figuris
3950 4816 4192 4885 aeneis
4232 4816 4482 4898 incisa,

711 4931 988 5000 Francf.
1031 4931 1239 5013 1624,
1273 4931 1388 5000 25.

713 5043 914 5117 Opera
946 5042 1373 5117 copiosissima
1406 5042 1603 5100 divisa
1634 5042 1697 5099 in
1732 5042 1765 5100 5
1801 5042 1952 5117 parti
1986 5042 2097 5100 che
2131 5042 2409 5100 contiene
2441 5061 2652 5117 presso
2688 5061 2722 5100 a
2757 5043 2876 5100 300
2910 5043 3110 5100 tavole
3143 5042 3431 5100 illustrate
3464 5042 3527 5099 in
3560 5042 3746 5100 latino
3781 5061 3814 5100 e
3847 5042 3909 5099 in
3941 5043 4205 5100 tedesco.
4242 5044 4483 5117 Esemp.

712 5139 872 5196 della
894 5138 1052 5196 Bibl.
1080 5138 1504 5213 Malborough.

483 5334 690 5403 1921.
731 5335 1244 5402 MENESTRIER
1276 5333 1555 5402 Claude
1591 5333 1954 5422 Francois,
1995 5333 2313 5402 Histoire
2351 5333 2446 5402 du
2485 5333 2625 5402 Roi
2663 5333 2884 5402 Louis
2923 5333 2991 5402 le
3030 5333 3276 5402 Grand
3311 5355 3438 5423 par
3473 5333 3579 5402 les
3618 5333 4018 5415 médaiìles,
4061 5333 4482 5415 emblémes,

713 5448 1000 5517 devises
1032 5459 1163 5517 etc.
1196 5448 1602 5517 recueillies
1634 5459 1703 5517 et
1732 5448 2176 5538 expliquées,
2209 5448 2403 5517 Paris
2443 5448 2651 5530 1689,
2684 5448 2757 5516 in
2786 5448 2913 5517 fol.
2947 5448 3279 5538 figurato.

713 5560 914 5634 Opera
939 5559 1208 5634 eseguita
1233 5578 1350 5617 con
1376 5560 1666 5634 eleganza
1691 5578 1724 5617 e
1751 5578 1868 5617 con
1894 5560 2059 5617 lusso
2087 5559 2148 5617 di
2174 5559 2282 5634 tipi
2309 5578 2342 5617 e
2369 5559 2430 5617 di
2455 5559 2682 5617 bulino.
2712 5561 2796 5617 Le
2823 5559 3124 5634 medaglie
3153 5578 3330 5634 sopra
3354 5568 3502 5617 tutto
3532 5578 3682 5617 sono
3711 5559 3772 5617 di
3798 5578 3916 5617 una
3940 5559 4240 5617 nitidezza
4265 5560 4487 5634 grande

712 5656 793 5713 od
828 5674 1101 5730 espresse
1138 5674 1172 5713 a
1206 5664 1497 5713 contorno
1534 5656 1611 5713 da
1645 5656 1793 5713 G.B.
1832 5655 2019 5713 Nolin
2053 5674 2173 5713 uno
2210 5655 2308 5713 dei
2344 5655 2608 5730 migliori
2645 5655 2847 5713 allievi
2883 5655 2944 5713 di
2979 5655 3191 5730 Poilly.
3233 5655 3418 5713 Sevin
3452 5655 3702 5730 intaglio
3740 5655 3823 5730 gli
3859 5655 4146 5713 emblemi
4182 5674 4215 5713 e
4251 5656 4307 5713 le
4344 5656 4487 5713 altre

714 5760 960 5826 stampe.
1011 5753 1079 5808 In
1125 5752 1307 5809 totale
1355 5751 1375 5808 i
1424 5751 1577 5826 fogli
1625 5752 1723 5809 del
1772 5751 1925 5809 libro
1975 5752 2320 5809 ascendono
2370 5770 2404 5809 a
2453 5760 2722 5809 sessanta
2769 5752 2885 5809 due
2933 5770 2966 5809 e
3017 5770 3167 5809 sono
3215 5751 3347 5809 tutti
3394 5751 3687 5826 intagliati
3736 5751 3798 5808 in
3843 5770 4026 5819 rame,
4077 5770 4396 5826 compreso
4445 5751 4488 5808 il

712 5847 1123 5922 frontespizio,
1156 5848 1214 5905 la
1242 5847 1458 5905 dedica
1486 5866 1519 5905 e
1548 5866 1628 5905 un
1658 5847 2092 5905 avvertimento
2124 5848 2179 5905 al
2209 5847 2352 5915 fine,
2386 5847 2635 5922 giacché
2664 5847 2708 5904 il
2738 5856 2891 5905 testo
2924 5856 3012 5905 sta
3040 5866 3317 5922 espresso
3347 5847 3410 5904 in
3439 5847 3708 5905 caratteri
3739 5848 3797 5905 d’
3833 5847 4083 5922 intaglio
4113 5847 4176 5904 in
4205 5847 4489 5905 ciascuna

712 5943 951 6001 lamina.

479 6159 686 6228 1922.
738 6160 1251 6227 MENESTRIER
1294 6158 1572 6227 Claude
1619 6158 1981 6247 Francois,
2033 6158 2351 6227 Histoire
2400 6158 2495 6227 du
2544 6160 2707 6248 Roy
2754 6158 2976 6227 Louis
3026 6158 3094 6227 le
3143 6158 3389 6227 Grand
3435 6180 3562 6248 par
3608 6158 4008 6240 médailles,
4061 6158 4483 6240 emblémes,

713 6273 1000 6342 devises
1043 6284 1174 6342 etc.
1220 6284 1351 6342 etc.
1399 6273 1714 6342 seconde
1756 6273 2029 6342 édition
2071 6274 2496 6363 augmentée
2537 6273 2626 6342 de
2665 6273 3066 6363 plusieures
3108 6273 3379 6363 figures
3422 6284 3491 6342 et
3530 6273 3873 6363 corrigée,
3917 6273 4111 6342 Paris
4162 6273 4370 6355 1693,
4414 6273 4488 6341 in

712 6388 839 6457 fol.
873 6388 999 6478 fig.

2171 6657 2347 6694 WWW.
2358 6637 2734 6710 memofonte.
2748 6639 2791 6694 il
