4958 7017
1981 864 2366 922 Fondazione
2390 864 2775 922 Memofonte
2800 865 2976 922 onlus

1390 960 1600 1018 Studio
1624 979 1731 1035 per
1754 960 2226 1018 l’elaborazione
2250 960 2632 1018 informatica
2655 961 2813 1018 delle
2838 960 2991 1018 fonti
3018 960 3571 1018 storico—artistiche

699 1248 834 1305 Con
858 1247 1076 1322 cinque
1101 1247 1296 1322 figure
1321 1247 1382 1305 di
1407 1247 1624 1305 cavalli
1650 1247 1923 1322 guarniti:
1955 1266 2105 1305 sono
2130 1247 2193 1304 in
2216 1256 2365 1305 tutto
2393 1248 2470 1305 34
2496 1247 2704 1322 grandi
2728 1248 2928 1305 tavole
2952 1247 3014 1304 in
3039 1247 3232 1322 foglio
3256 1247 3494 1322 piegate
3518 1247 3581 1304 in
3605 1256 3832 1322 quarto.

473 1439 655 1497 4612.
685 1441 892 1497 LIBRO
918 1440 1013 1497 de’
1047 1439 1269 1514 marchj
1302 1440 1397 1497 de’
1431 1439 1649 1497 cavalli
1676 1458 1794 1497 con
1820 1439 1862 1496 li
1889 1439 2057 1497 nomi
2084 1440 2179 1497 de’
2212 1439 2344 1497 tutti
2371 1439 2413 1496 li
2438 1439 2696 1514 principi
2723 1458 2756 1497 e
2781 1439 2996 1514 privati
3026 1439 3252 1514 signori
3279 1439 3390 1497 che
3417 1439 3616 1497 hanno
3642 1458 3818 1497 razza
3843 1439 3904 1497 di
3931 1439 4167 1507 cavalli,
4196 1439 4484 1507 Venezia,

697 1554 907 1610 presso
932 1535 1192 1593 Niccolò
1217 1535 1398 1603 Nelli,
1433 1535 1607 1603 1569,
1634 1535 1696 1592 in
1723 1536 1775 1593 8.

700 1632 842 1689 Otto
870 1631 1129 1706 foglietti
1156 1632 1254 1689 col
1281 1631 1674 1706 frontespizio
1703 1631 1961 1706 figurato
1989 1632 2483 1706 elegantemente.
2514 1632 2917 1706 Contengono
2944 1650 3025 1689 un
3049 1631 3347 1689 ricettario
3373 1631 3473 1706 pei
3500 1631 3736 1699 cavalli,
3766 1650 3799 1689 e
3828 1650 4098 1706 seguono
4125 1631 4145 1688 i
4172 1631 4394 1706 marchj
4426 1631 4488 1688 in

699 1726 778 1784 76
811 1726 1069 1801 foglietti
1101 1726 1394 1801 intagliati
1425 1726 1488 1783 in
1517 1745 1681 1784 rame
1715 1745 1832 1784 con
1863 1726 2182 1801 diligenza,
2219 1735 2374 1784 sotto
2407 1726 2694 1784 ciascuno
2728 1727 2823 1784 de’
2862 1726 3024 1801 quali
3059 1735 3269 1784 stanno
3302 1727 3358 1784 le
3390 1726 3822 1784 dichiarazioni
3853 1726 4044 1784 incise
4076 1727 4234 1784 nelle
4266 1727 4483 1784 tavole.

698 1822 962 1880 Libretto
988 1841 1139 1890 raro,
1167 1822 1387 1897 poiché
1414 1831 1622 1897 queste
1649 1831 1914 1897 operette
1941 1822 2002 1880 di
2029 1822 2500 1880 consumazione
2528 1822 2838 1897 frequente
2864 1823 3023 1880 nelle
3051 1822 3199 1880 fiere
3226 1841 3259 1880 e
3286 1822 3531 1880 mercati
3556 1822 3856 1897 perirono,
3886 1841 3919 1880 e
3944 1841 4051 1897 per
4076 1823 4132 1880 le
4159 1822 4487 1880 variazioni

698 1919 856 1976 nelle
879 1937 1053 1976 razze
1077 1937 1199 1976 non
1224 1937 1487 1976 vennero
1513 1918 1633 1976 mai
1656 1918 2001 1993 ristampate
2026 1919 2082 1976 le
2108 1918 2344 1976 antiche
2368 1918 2753 1976 indicazioni.
2781 1918 2940 1976 Vedi
2963 1921 3103 1976 Zen.

473 2110 655 2168 4613.
683 2112 966 2168 MARCHI
986 2111 1081 2168 de’
1113 2110 1330 2168 cavalli
1355 2111 1518 2168 dello
1546 2119 1696 2168 stato
1722 2110 1938 2168 veneti.
1967 2110 2259 2178 Raccolti,
2287 2129 2320 2168 e
2348 2110 2625 2185 stampati
2650 2129 2767 2168 con
2792 2111 3004 2168 alcune
3029 2110 3252 2168 notizie
3278 2111 3438 2168 della
3462 2110 3613 2168 fiera
3636 2110 3697 2168 di
3721 2110 3981 2185 Rovigo,
4008 2110 4280 2168 Venezia
4310 2111 4485 2178 1770,

699 2206 804 2281 fig.

699 2302 1083 2376 Comprende
1108 2310 1321 2376 questo
1347 2302 1679 2359 volumetto
1713 2302 1827 2359 130
1852 2301 2073 2376 marchj
2103 2301 2395 2376 intagliati
2419 2301 2482 2358 in
2504 2320 2685 2359 rame.

697 2433 780 2437 —
804 2397 1180 2472 Aggiuntovi
1206 2416 1286 2455 un
1312 2397 1678 2472 compendio
1706 2397 1767 2455 di
1794 2397 1956 2455 varie
1981 2397 2187 2455 ricette
2212 2416 2319 2472 per
2342 2397 2608 2455 medicar
2633 2397 2868 2465 cavalli,
2896 2398 3158 2455 raccolte
3185 2398 3262 2455 da
3286 2399 3619 2455 Francesco
3647 2398 3979 2465 Canevese,
4008 2397 4279 2455 Venezia
4311 2398 4485 2465 1780,

698 2493 760 2550 in
787 2494 839 2551 8.

473 2685 655 2743 4616.
682 2687 1061 2743 MARINELLI
1085 2685 1395 2760 Giuseppe
1419 2685 1706 2753 Antonio,
1734 2687 1820 2743 La
1845 2686 2053 2743 scuola
2076 2686 2366 2743 moderna
2389 2686 2487 2743 del
2512 2685 2835 2760 maneggio
2861 2686 2956 2743 de’
2988 2685 3224 2753 cavalli,
3251 2686 3533 2760 Bologna
3563 2686 3737 2753 1737,
3764 2685 3826 2742 in
3849 2686 3887 2742 4
3911 2685 4028 2760 pic.

700 2782 901 2856 Opera
924 2800 1041 2839 con
1063 2782 1264 2839 buone
1290 2790 1645 2839 avvertenze
1672 2800 1853 2839 senza
1876 2781 2089 2856 figure,
2117 2800 2297 2839 meno
2322 2800 2402 2839 un
2426 2781 2648 2839 cattivo
2673 2781 2924 2856 intaglio
2949 2781 3011 2838 in
3035 2782 3215 2856 legno
3241 2782 3339 2839 nel
3364 2781 3776 2856 frontespizio.

473 2972 655 3030 4615.
682 2974 1004 3029 PALMIERI
1026 2972 1087 3030 di
1112 2974 1404 3040 Lorenzo,
1431 2972 1687 3030 Perfette
1710 2973 1934 3047 regole,
1962 2991 1995 3030 e
2020 2972 2187 3030 modi
2212 2972 2273 3030 di
2298 2973 2627 3040 cavalcare,
2654 2972 2925 3030 Venezia
2955 2972 3130 3040 1625,
3157 2972 3219 3029 in
3242 2973 3299 3040 4,
3327 2972 3431 3047 fig.

698 3069 746 3125 Il
779 3068 1171 3143 frontespizio
1205 3068 1463 3143 figurato
1496 3068 1558 3125 in
1588 3087 1754 3126 rame
1785 3077 1957 3143 porta
1987 3069 2045 3126 la
2076 3069 2213 3126 data
2243 3069 2552 3126 dell’anno
2586 3069 2766 3143 dopo.
2802 3069 3064 3143 L’opera
3094 3087 3216 3126 non
3248 3069 3281 3126 e
3313 3069 3502 3126 molto
3536 3077 3750 3136 estesa,
3786 3087 3819 3126 e
3852 3068 4129 3126 contiene
4163 3069 4218 3126 al
4251 3068 4375 3126 fine
4407 3087 4488 3126 un

697 3164 953 3222 ristretto
979 3165 1137 3222 delle
1161 3164 1464 3222 infermità
1487 3165 1583 3222 de’
1615 3164 1832 3222 cavalli
1857 3183 1974 3222 con
1998 3183 2116 3222 una
2138 3165 2341 3222 tavola
2363 3164 2672 3239 intagliata
2695 3164 2757 3221 in
2779 3183 2960 3222 rame.

473 3355 655 3413 4616.
685 3357 1018 3413 PLUVINEL
1040 3355 1323 3423 Antoine,
1353 3355 1785 3413 L’instruction
1813 3356 1893 3413 du
1920 3355 2037 3413 Roi
2065 3374 2140 3413 en
2168 3356 2224 3413 le
2252 3355 2527 3413 exercice
2555 3356 2630 3413 de
2658 3364 2891 3413 monter
2918 3356 2952 3413 a
2979 3355 3192 3413 cheval
3220 3355 3448 3413 enrichi
3477 3356 3583 3413 des
3612 3355 3838 3430 figures
3867 3374 3943 3413 en
3969 3355 4133 3413 taille
4161 3356 4356 3413 douce
4382 3374 4489 3430 par

699 3451 977 3526 Crispian
1001 3452 1076 3509 de
1100 3453 1231 3519 Pas,
1258 3452 1646 3509 Amsterdam
1675 3451 1851 3519 1666,
1878 3451 1940 3508 in
1964 3451 2091 3519 fol.,
2119 3451 2223 3526 fig.

698 3547 778 3605 Vi
807 3547 856 3605 si
882 3556 1052 3605 trova
1077 3547 1120 3604 il
1145 3548 1245 3605 bel
1273 3547 1665 3622 frontespizio
1692 3547 2022 3622 intagliato,
2051 3547 2094 3604 il
2119 3547 2343 3605 ritratto
2371 3548 2469 3605 del
2496 3566 2641 3622 gran
2669 3547 2941 3605 scudiere
2968 3547 3347 3605 maresciallo
3375 3547 3436 3605 di
3462 3548 3839 3622 Bellegarde,
3869 3548 4072 3622 quello
4100 3548 4198 3605 del
4224 3549 4313 3605 Re
4340 3566 4373 3605 e
4405 3549 4483 3622 [p.

701 3644 843 3713 312]
875 3644 1078 3718 quello
1106 3644 1480 3711 dell’autore,
1510 3662 1543 3701 e
1569 3643 1631 3700 in
1656 3652 1805 3701 tutto
1832 3643 1875 3700 il
1902 3644 2147 3701 volume
2176 3652 2470 3718 stampato
2498 3662 2615 3701 con
2641 3662 2786 3718 gran
2812 3644 2978 3701 lusso
3006 3643 3067 3701 di
3093 3643 3201 3718 tipi
3227 3644 3427 3701 tavole
3455 3643 3531 3701 57
3560 3643 3622 3700 in
3648 3662 3793 3718 gran
3819 3643 4032 3718 foglio,
4062 3644 4118 3701 le
4145 3643 4307 3718 quali
4336 3662 4486 3701 sono

698 3758 878 3797 meno
910 3740 1120 3814 logore
1151 3739 1212 3797 di
1243 3740 1382 3814 quel
1413 3739 1525 3797 che
1558 3740 1796 3797 sembra
1825 3739 2095 3797 ch’esser
2124 3740 2500 3797 dovrebbero
2531 3739 2593 3796 in
2623 3748 2834 3814 questa
2861 3739 3164 3814 ristampa,
3198 3739 3448 3814 giacché
3480 3740 3538 3797 la
3565 3739 3760 3814 prima
3789 3739 4067 3797 edizione
4098 3758 4422 3814 comparve
4454 3758 4488 3797 a

698 3835 894 3910 Parigi
918 3836 1016 3893 nel
1048 3835 1223 3903 1625,
1251 3854 1284 3893 e
1308 3835 1484 3893 tiensi
1508 3835 1570 3892 in
1594 3836 1784 3893 molto
1808 3835 2036 3910 pregio.

473 4026 655 4084 4617.
682 4028 1091 4084 ROSSELMINI
1113 4026 1392 4094 Niccolò,
1419 4026 1968 4084 Dell’obbedienza
1991 4027 2089 4084 del
2114 4027 2368 4094 cavallo,
2395 4026 2678 4094 Livorno,
2705 4026 2767 4083 in
2790 4027 2828 4083 4
2852 4026 2991 4101 pic.,
3019 4026 3123 4101 fig.

700 4123 1104 4197 Quest’opera
1133 4123 1166 4180 è
1197 4122 1393 4180 divisa
1421 4122 1483 4179 in
1513 4131 1745 4197 quattro
1775 4122 1944 4197 parti,
1977 4131 2061 4180 tre
2092 4123 2250 4180 delle
2280 4122 2442 4197 quali
2475 4141 2625 4180 sono
2657 4131 3004 4180 consecrate
3036 4122 3539 4190 all’obbedienza,
3573 4141 3606 4180 e
3638 4123 3693 4180 al
3723 4122 4066 4197 maneggio,
4100 4141 4133 4180 e
4164 4122 4424 4180 l’ultima
4453 4123 4486 4180 e

698 4237 778 4276 un
808 4221 1073 4276 Trattato
1100 4218 1258 4276 delle
1288 4238 1456 4282 razze
1483 4218 1813 4276 selvatiche
1840 4219 1940 4276 dei
1966 4218 2189 4276 cavalli
2214 4218 2479 4276 d’Italia.
2509 4219 2644 4276 Con
2670 4219 2786 4276 due
2812 4219 3012 4276 tavole
3039 4219 3201 4276 dello
3231 4218 3525 4276 scheletro
3553 4219 3648 4276 de’
3682 4218 3917 4286 cavalli,
3947 4237 3980 4276 e
4007 4219 4105 4276 del
4132 4237 4354 4286 morso,
4384 4237 4417 4276 e
4443 4218 4486 4275 il

699 4314 1091 4389 frontespizio
1118 4314 1394 4389 figurato.

473 4505 655 4563 4618.
682 4507 879 4563 RUFFI
901 4505 1144 4563 Jordani
1169 4505 1553 4573 calabrensis,
1581 4505 1933 4580 Hippiatria,
1960 4524 2117 4563 nunc
2141 4505 2405 4580 primum
2427 4506 2641 4563 edente
2666 4505 3040 4580 Hieronymo
3065 4505 3284 4573 Molin,
3311 4505 3540 4563 Patavii
3572 4506 3747 4573 1818,
3773 4505 3835 4562 in
3862 4506 3914 4563 8.

698 4602 981 4659 L’autore
1008 4601 1281 4659 scriveva
1304 4602 1402 4659 nel
1426 4603 1567 4658 XIII
1594 4602 1820 4669 secolo,
1847 4620 1946 4659 ma
1969 4602 2027 4659 la
2052 4620 2159 4659 sua
2182 4601 2411 4659 latinità
2434 4602 2494 4659 lo
2520 4601 2767 4659 farebbe
2790 4620 3187 4676 presupporre
3211 4602 3583 4676 d’un’epoca
3606 4601 3901 4676 migliore.

473 4793 655 4852 4619.
698 4794 952 4851 SAGGIO
992 4812 1169 4868 sopra
1205 4794 1261 4851 le
1297 4812 1471 4851 razze
1509 4812 1626 4851 con
1664 4793 1862 4851 alcuni
1901 4793 2030 4851 altri
2067 4793 2198 4851 utili
2235 4793 2449 4851 trattati
2487 4793 2549 4850 in
2586 4793 2834 4851 materia
2870 4793 2931 4851 di
2969 4793 3203 4851 cavalli.
3244 4793 3510 4851 Tradotti
3548 4794 3646 4851 dal
3684 4793 3974 4861 francese,
4015 4812 4048 4851 e
4084 4793 4415 4868 pubblicati
4454 4812 4488 4851 a

697 4889 944 4964 profitto
970 4890 1065 4947 de’
1095 4889 1306 4964 poveri
1331 4889 1632 4957 carcerati,
1658 4889 1880 4947 Turino
1913 4890 2088 4957 1770,
2115 4889 2177 4946 in
2208 4890 2299 4957 12,
2327 4889 2431 4964 fig.

699 4986 834 5043 Con
858 4994 1089 5060 quattro
1114 4986 1314 5043 tavole
1338 4985 1645 5060 intagliate
1669 4985 1732 5042 in
1754 5004 1918 5043 rame
1944 4986 1999 5043 al
2025 4985 2166 5043 fine.

473 5176 655 5234 4620.
694 5177 987 5234 SAUNIER
1021 5177 1168 5247 (de),
1203 5178 1289 5234 La
1319 5176 1571 5251 parfaite
1605 5176 2044 5234 connoissance
2078 5177 2184 5234 des
2219 5176 2511 5244 chévaux,
2548 5177 2675 5234 leur
2708 5176 3025 5244 anatomie,
3062 5176 3335 5251 qualités,
3372 5176 3682 5244 maladies,
3719 5185 3777 5234 et
3807 5176 4122 5244 rémedies,
4160 5195 4194 5234 a
4226 5177 4284 5234 la
4316 5178 4487 5251 Haye

706 5273 881 5340 1734,
907 5272 969 5329 in
993 5272 1120 5340 fol.,
1148 5272 1253 5347 fig.

699 5369 815 5426 Col
838 5368 1062 5426 ritratto
1088 5369 1444 5426 dell’autore
1468 5368 1530 5425 in
1552 5368 1871 5443 principio,
1899 5387 1932 5426 e
1958 5368 2029 5426 61
2060 5369 2260 5426 tavole
2284 5368 2346 5425 in
2368 5387 2549 5426 rame.

473 5560 655 5617 4321.
689 5560 1096 5617 SIMONCELLI
1122 5560 1197 5617 de
1224 5561 1439 5617 Monte
1467 5559 1829 5627 Baldovino,
1859 5560 1907 5616 Il
1935 5559 2245 5627 Cesarino,
2276 5578 2504 5617 ovvero
2533 5560 2806 5617 dell’arte
2834 5559 2895 5617 di
2923 5560 3252 5627 cavalcare,
3283 5559 3547 5634 dialogo,
3577 5561 3888 5627 Mantova,
3920 5560 4183 5627 Osanna,
4221 5559 4374 5617 1625
4385 5608 4396 5627 ,
4426 5559 4488 5616 in

698 5656 736 5712 4
760 5655 877 5730 pic.

699 5752 815 5809 Col
847 5751 1240 5826 frontespizio
1273 5751 1549 5826 figurato.
1586 5752 1816 5823 Questo
1850 5760 2053 5809 autore
2086 5770 2235 5809 avea
2263 5751 2612 5826 pubblicato
2644 5752 2743 5809 nel
2782 5751 2938 5809 1616
2969 5751 3031 5808 in
3061 5751 3307 5809 Firenze
3338 5752 3596 5809 un’altra
3626 5770 3810 5826 opera
3839 5751 4133 5809 intitolata
4163 5752 4357 5809 l’Idea
4389 5751 4490 5809 del

691 5847 953 5921 prelato.
983 5848 1212 5919 Questo
1237 5856 1469 5905 trattato
1495 5848 1593 5905 del
1618 5848 1928 5905 cavalcare
1953 5848 1986 5905 e
2009 5847 2297 5922 piuttosto
2323 5856 2522 5905 esteso
2548 5848 2625 5905 da
2647 5866 2727 5905 un
2751 5847 3001 5915 erudito,
3029 5847 3140 5905 che
3165 5848 3242 5905 da
3264 5866 3345 5905 un
3367 5847 3596 5922 pratico
3622 5847 4037 5905 cavallerizzo.

473 6039 655 6097 4622.
705 6040 879 6097 SNAP
921 6040 1181 6107 Andrea,
1228 6039 1610 6097 L’anatomia
1652 6040 1750 6097 del
1795 6040 2031 6097 cavallo
2076 6058 2193 6097 con
2236 6040 2537 6097 un’esatta
2579 6039 2954 6097 descrizione
2998 6040 3158 6097 della
3203 6048 3493 6107 struttura,
3540 6058 3573 6097 e
3615 6039 3918 6097 relazione
3963 6040 4121 6097 delle
4168 6058 4272 6097 sue
4315 6039 4484 6114 parti,

697 6143 1141 6209 rappresentata
1163 6134 1225 6191 in
1248 6135 1327 6193 49
1353 6135 1571 6202 tavole,
1598 6135 1838 6192 Londra
1868 6134 2042 6202 1683,
2069 6134 2131 6191 in
2155 6134 2282 6202 fol.,
2309 6134 2371 6191 in
2395 6134 2601 6209 lingua
2623 6134 2873 6209 inglese.

698 6232 782 6288 Le
811 6230 1095 6288 incisioni
1127 6249 1277 6288 sono
1307 6239 1535 6288 trattate
1565 6249 1682 6288 con
1711 6249 1855 6305 gran
1886 6230 2141 6288 solerzia
2169 6230 2230 6288 di
2258 6230 2467 6288 bulino
2498 6231 2575 6288 da
2602 6232 2676 6288 N.
2709 6232 2912 6298 Yeats,
2945 6249 3044 6288 ma
3072 6231 3306 6305 l’opera
3334 6249 3507 6288 versa
3534 6230 3924 6288 interamente
3956 6230 4421 6298 sull’anatomia,
4454 6249 4487 6288 e

698 6326 760 6383 in
783 6327 948 6384 nulla
974 6326 1064 6384 sui
1089 6326 1446 6384 movimenti
1471 6326 1902 6384 dell’animale:
1932 6326 2265 6401 magnifico
2291 6327 2625 6401 esemplare
2649 6326 2711 6383 in
2736 6326 2896 6384 vitel.
2925 6327 3152 6384 dorato.

2171 6657 2347 6694 WWW.
2358 6637 2734 6710 memofonte.
2748 6639 2791 6694 il
