4958 7017
1981 864 2366 922 Fondazione
2390 864 2775 922 Memofonte
2800 865 2976 922 onlus

1390 960 1600 1018 Studio
1624 979 1731 1035 per
1754 960 2226 1018 l’elaborazione
2250 960 2632 1018 informatica
2655 961 2813 1018 delle
2838 960 2991 1018 fonti
3018 960 3571 1018 storico—artistiche

698 1247 1051 1322 Théologie,
1080 1266 1114 1305 a
1137 1248 1414 1322 Cologne
1446 1248 1621 1315 1724,
1648 1247 1710 1304 in
1741 1248 1831 1305 12.

473 1439 655 1498 4693.
683 1436 1031 1507 CHOMPRÉ,
1057 1439 1469 1497 Dictionnaire
1496 1440 1713 1514 abregé
1738 1440 1813 1497 de
1838 1440 1896 1497 la
1919 1439 2081 1497 fable
2104 1458 2257 1514 pour
2280 1439 2714 1514 l’intelligence
2739 1440 2845 1497 des
2869 1440 3079 1514 poétes
3105 1448 3163 1497 et
3186 1440 3292 1497 des
3317 1440 3614 1507 tableaux,
3641 1439 3804 1497 Paris
3837 1440 4012 1507 1798,
4039 1439 4101 1496 in
4132 1440 4222 1497 12.

473 1631 655 1690 4694.
683 1632 1101 1689 COGNIZIONE
1125 1632 1285 1689 della
1308 1631 1625 1706 mitologia
1646 1650 1753 1706 per
1776 1631 1875 1689 via
1898 1631 1959 1689 di
1984 1631 2229 1706 dialogo
2254 1632 2507 1689 tradotta
2530 1632 2690 1689 dalla
2712 1640 2873 1689 terza
2896 1631 3174 1689 edizione
3199 1631 3490 1699 francese,
3517 1633 3790 1689 Bassano
3823 1631 3998 1699 1795,
4025 1631 4087 1688 in
4118 1632 4207 1689 12.

473 1822 655 1881 4695.
686 1823 963 1880 COMITIS
992 1822 1243 1890 Natalis,
1272 1822 1695 1897 Mythologiae
1724 1822 1852 1880 sive
1880 1822 2355 1897 explicationum
2381 1822 2720 1880 fabularum
2746 1822 2847 1880 lib.
2877 1824 2934 1879 X
2961 1841 3103 1880 cum
3128 1822 3623 1897 locupletissimis
3651 1822 3971 1890 indicibus,
4001 1822 4274 1880 Venetiis
4310 1822 4485 1890 1568,

698 1918 760 1975 in
783 1919 839 1976 4.

701 2015 895 2072 Senza
917 2033 1099 2072 nome
1124 2014 1185 2072 di
1212 2023 1590 2089 stampatore,
1618 2014 1896 2072 edizione
1920 2014 1982 2071 in
2006 2014 2275 2072 caratteri
2300 2014 2560 2089 eleganti
2585 2033 2618 2072 e
2642 2014 3007 2072 nitidissimi.

473 2206 655 2265 4696.
683 2207 960 2264 COMITIS
987 2206 1237 2274 Natalis,
1264 2206 1687 2281 Mythologiae
1714 2206 1842 2264 sive
1867 2206 2287 2281 explicationis
2314 2206 2654 2264 fabularum
2676 2206 2811 2264 libri
2836 2207 3066 2264 decem.

697 2337 780 2341 —
802 2302 1119 2359 Accedunt
1142 2301 1444 2359 Linocerii
1468 2303 1787 2359 Musarum
1808 2301 2092 2376 Mytholo
2097 2301 2212 2376 gia,
2240 2310 2298 2359 et
2322 2301 2439 2359 alia
2462 2301 2714 2359 Antonii
2738 2301 2990 2359 Tritonii
3014 2301 3342 2369 Utinensis,
3369 2301 3597 2359 Patavii
3629 2301 3805 2369 1637,
3832 2301 3894 2358 in
3917 2302 3974 2369 4,
4002 2301 4277 2376 figurato.

473 2493 655 2552 4697.
683 2494 1205 2551 CONNOISSANCE
1229 2494 1304 2551 de
1329 2494 1387 2551 la
1410 2493 1803 2568 mythologie,
1829 2512 1936 2568 par
1959 2494 2286 2551 demandes
2312 2502 2370 2551 et
2391 2512 2712 2568 responses
2739 2494 3095 2568 augmentée
3120 2494 3195 2551 de
3219 2493 3381 2551 traits
3407 2493 3740 2561 d’histoire,
3768 2493 3922 2551 Lion
3953 2494 4128 2561 1782,
4155 2493 4217 2550 in
4248 2494 4338 2551 12.

479 2687 557 2760 [p.
588 2686 729 2755 320]

473 2876 655 2935 4698.
682 2878 1142 2944 DECLAUSTRE,
1169 2876 1521 2934 Dizionario
1546 2876 1921 2951 mitologico,
1951 2876 2190 2944 storico,
2216 2876 2459 2951 poetico
2484 2895 2571 2934 ec.
2599 2877 2855 2934 tradotto
2880 2877 2978 2934 dal
3003 2876 3293 2944 francese,
3321 2877 3440 2934 vol.
3469 2877 3526 2944 4,
3553 2876 3615 2933 in
3638 2877 3695 2944 4,
3722 2876 3993 2934 Venezia
4023 2876 4198 2944 1755,
4225 2876 4329 2951 fig.

700 2973 1104 3047 Quest’opera
1127 2973 1160 3030 è
1185 2973 1494 3030 corredata
1517 2972 1578 3030 di
1603 2973 1789 3030 molte
1813 2973 2013 3030 tavole
2039 2972 2100 3030 di
2123 2972 2391 3047 pessima
2415 2972 2795 3040 esecuzione,
2823 2991 2923 3030 ma
2946 2973 3002 3030 le
3027 2972 3250 3030 notizie
3278 2991 3428 3030 sono
3452 2973 3714 3030 raccolte
3740 2973 3898 3030 dalle
3923 2972 4188 3047 migliori
4213 2972 4384 3040 fonti,
4412 2973 4488 3030 ed

699 3069 732 3126 e
757 3069 991 3143 l’opera
1012 3068 1117 3143 più
1141 3077 1337 3126 estesa
1359 3068 1422 3125 in
1446 3077 1656 3143 questa
1679 3068 1943 3136 materia,
1971 3068 2117 3126 fatta
2141 3068 2663 3126 alfabeticamente
2687 3087 2794 3143 per
2817 3069 3080 3126 comodo
3106 3068 3268 3143 degli
3294 3068 3478 3126 artisti
3503 3087 3536 3126 e
3561 3069 3656 3126 de’
3691 3068 3960 3126 studiosi.

473 3260 655 3319 4699.
682 3262 930 3328 DOLCE,
957 3262 1041 3318 Le
1065 3260 1548 3318 trasformazioni
1572 3269 1740 3318 tratte
1765 3261 1842 3318 da
1866 3260 2110 3328 Ovidio,
2137 3260 2424 3328 Venezia,
2454 3260 2813 3328 Sansovino,
2848 3260 3023 3328 1568,
3050 3260 3112 3317 in
3135 3261 3191 3318 4.

698 3355 991 3413 Edizione
1016 3355 1077 3413 di
1102 3355 1356 3430 qualche
1379 3355 1608 3430 pregio,
1637 3356 1712 3413 ad
1736 3355 1879 3430 ogni
1904 3364 2080 3413 canto
2106 3356 2266 3413 della
2289 3356 2465 3430 quale
2492 3374 2642 3413 sono
2668 3356 2724 3413 le
2749 3356 2949 3413 tavole
2973 3355 3035 3412 in
3059 3356 3239 3430 legno
3265 3355 3326 3413 di
3351 3355 3657 3413 mediocre
3681 3355 3949 3430 intaglio.

473 3548 655 3605 4700.
682 3549 1053 3615 DRUMOND,
1082 3547 1353 3622 Oedipus
1371 3547 1651 3622 judaicus
1677 3556 1809 3615 etc.,
1837 3548 2093 3605 London
2124 3548 2299 3615 1811,
2326 3547 2388 3604 in
2415 3548 2468 3615 8,
2495 3566 2612 3605 con
2638 3547 2826 3605 sedici
2850 3548 3050 3605 tavole
3074 3547 3381 3622 intagliate
3405 3547 3468 3604 in
3492 3547 3782 3605 contorni.

700 3644 901 3718 Opera
953 3643 1445 3718 singolarissima,
1500 3643 1611 3701 che
1663 3662 1837 3701 versa
1889 3644 1979 3701 sul
2031 3644 2192 3701 culto
2243 3643 2550 3718 primitivo
2603 3643 2766 3718 degli
2819 3643 3040 3701 antichi
3090 3643 3320 3718 popoli,
3372 3643 3552 3718 piena
3602 3643 3663 3701 di
3714 3643 3950 3701 curiose
4002 3643 4275 3711 dottrine,
4328 3662 4487 3718 poco

699 3739 1068 3807 conosciuta,
1096 3758 1129 3797 e
1154 3739 1266 3797 che
1290 3758 1412 3797 non
1435 3739 1659 3797 trovasi
1683 3739 1746 3796 in
1770 3739 2158 3797 commercio.

473 3931 655 3988 4701.
690 3932 956 3998 DUPUIS,
993 3930 1242 4005 Origine
1275 3931 1350 3988 de
1382 3939 1517 3988 tous
1551 3931 1638 3988 les
1672 3931 1880 3998 cultes,
1916 3949 1996 3988 ou
2026 3930 2284 4005 religion
2316 3930 2696 3998 universelle,
2732 3931 2851 3988 vol.
2890 3931 2944 3998 3,
2979 3930 3041 3987 in
3072 3931 3129 3998 4,
3166 3949 3312 3988 avec
3345 3949 3425 3988 un
3458 3931 3624 3998 atlas,
3659 3930 3822 3988 Paris
3857 3949 3947 3988 an.
3983 3930 4289 3988 troisième
4322 3931 4397 3988 de
4430 3931 4488 3988 la

698 4026 1095 4101 République.

700 4123 901 4197 Opera
924 4122 1415 4197 profondissima,
1445 4141 1478 4180 e
1505 4122 1780 4180 dedicata
1806 4123 1923 4180 alla
1947 4122 2174 4197 moglie
2201 4123 2558 4180 dell’autore
2583 4141 2690 4197 per
2715 4141 2855 4180 aver
2882 4123 3110 4180 salvato
3138 4123 3256 4180 ella
3283 4131 3473 4180 stessa
3497 4122 3540 4179 il
3567 4122 3956 4180 manoscritto
3984 4122 4095 4180 che
4122 4122 4242 4197 egli
4269 4123 4488 4180 voleva

699 4237 1069 4293 consegnare
1115 4219 1230 4276 alle
1276 4218 1544 4286 fiamme,
1591 4218 1815 4276 irritato
1861 4218 1922 4276 di
1969 4219 2197 4293 sdegno
2245 4219 2448 4289 (come
2493 4218 2614 4293 egli
2659 4218 2821 4289 dice)
2868 4227 3076 4276 contro
3122 4219 3180 4276 la
3222 4218 3663 4276 indiscrezione
3709 4218 3770 4276 di
3816 4218 4014 4276 alcuni
4059 4218 4327 4286 letterati,
4375 4218 4487 4276 che

697 4314 1198 4389 perseguitavano
1224 4314 1321 4372 chi
1344 4314 1659 4372 rischiarar
1682 4315 1901 4372 voleva
1924 4314 2022 4372 coi
2047 4314 2195 4372 lumi
2219 4314 2263 4371 il
2286 4314 2530 4389 proprio
2558 4315 2781 4372 secolo.

473 4506 655 4563 4702.
692 4506 904 4563 GAMA
932 4507 1006 4563 D.
1042 4505 1310 4563 Antonio
1343 4507 1529 4573 Leon,
1566 4505 1791 4580 Saggio
1824 4505 2360 4573 dell’astronomia,
2395 4505 2766 4580 cronologia,
2801 4524 2834 4563 e
2866 4505 3183 4580 mitologia
3214 4505 3376 4580 degli
3409 4505 3631 4563 antichi
3663 4505 4006 4573 messicani,
4040 4506 4294 4563 tradotta
4324 4506 4486 4563 dallo

701 4602 1036 4676 spagnuolo
1062 4602 1139 4659 da
1161 4603 1235 4659 D.
1263 4601 1459 4659 Pietro
1486 4601 1795 4676 Giuseppe
1819 4603 2130 4676 Marquez,
2157 4603 2353 4659 Roma
2383 4602 2558 4669 1804,
2585 4601 2647 4658 in
2674 4602 2727 4669 8,
2755 4601 2859 4676 fig.

699 4698 834 4755 Con
858 4698 974 4755 due
1000 4716 1144 4772 gran
1167 4698 1368 4755 tavole
1392 4697 1454 4754 in
1476 4716 1659 4755 rame:
1690 4716 1874 4772 opera
1897 4697 2321 4772 doppiamente
2344 4697 2599 4772 riputata
2620 4716 2727 4772 per
2750 4698 3022 4765 l’autore,
3050 4716 3083 4755 e
3106 4698 3206 4772 pel
3230 4698 3568 4755 traduttore.

473 4890 655 4947 4703.
688 4890 1082 4957 GAUTRUCH,
1112 4890 1289 4947 Delle
1318 4889 1571 4947 divinità
1598 4889 1875 4947 favolose
1904 4889 2066 4964 degli
2096 4889 2335 4957 antichi,
2366 4890 2622 4947 tradotto
2651 4890 2749 4947 dal
2777 4889 3050 4947 francese
3078 4890 3155 4947 da
3181 4891 3255 4947 D.
3286 4891 3607 4947 Fortunato
3635 4890 3973 4957 Belmonte,
4004 4889 4276 4947 Venezia
4309 4890 4484 4957 1724,

698 4985 760 5042 in
791 4986 881 5043 12.

473 5177 655 5234 4704.
693 5177 933 5234 GENLIS
964 5177 1260 5244 madame,
1296 5178 1411 5234 Les
1446 5195 1807 5234 monumens
1839 5176 2151 5251 réligieux,
2187 5195 2267 5234 ou
2300 5176 2668 5251 description
2700 5176 2968 5251 critique,
3004 5185 3062 5234 et
3093 5176 3372 5234 detaillée
3405 5177 3511 5234 des
3545 5195 3905 5234 monumens
3938 5176 4250 5251 réligieux,
4286 5176 4388 5251 qui
4424 5195 4488 5234 se

698 5281 974 5330 trouvent
997 5273 1144 5330 dans
1170 5273 1477 5347 l’Europe,
1505 5281 1563 5330 et
1586 5273 1733 5330 dans
1760 5281 1952 5330 autres
1976 5272 2195 5347 parties
2221 5273 2301 5330 du
2325 5273 2566 5340 monde,
2593 5272 2756 5330 Paris
2789 5272 2964 5340 1815,
2991 5272 3053 5329 in
3080 5273 3132 5330 8.

700 5369 901 5443 Opera
938 5368 1137 5426 scritta
1172 5369 1270 5426 col
1310 5368 1572 5426 sussidio
1610 5368 1902 5426 d’incerte
1939 5368 2162 5426 notizie
2199 5387 2232 5426 e
2269 5368 2603 5436 tradizioni,
2643 5387 2676 5426 e
2717 5387 2897 5426 senza
2933 5368 3154 5426 critica.
3194 5368 3362 5426 Basti
3399 5368 3442 5425 il
3480 5368 3606 5426 dire
3643 5368 3755 5426 che
3792 5368 3848 5426 ci
3885 5387 4101 5426 manca
4134 5387 4241 5443 per
4277 5368 4406 5426 fino
4443 5368 4486 5425 il

699 5465 934 5539 Campo
962 5465 1145 5522 Santo
1171 5464 1232 5522 di
1256 5464 1409 5522 Pisa.

473 5655 655 5713 4705.
684 5656 1052 5713 GERBERON
1072 5655 1335 5723 Gabriel,
1362 5655 1686 5713 L’histoire
1711 5656 1786 5713 de
1811 5656 1869 5713 la
1890 5656 2037 5713 robe
2064 5674 2199 5713 sans
2230 5657 2308 5730 [p.
2339 5656 2480 5725 321]
2510 5664 2755 5713 couture
2780 5656 2855 5713 de
2879 5664 3079 5713 nostre
3106 5655 3398 5730 Seigneur
3420 5657 3450 5713 ]
3458 5704 3467 5713 .
3496 5655 3713 5723 Christ,
3740 5655 3903 5713 Paris
3936 5655 4110 5723 1677,
4137 5655 4199 5712 in
4230 5656 4320 5713 12.

701 5751 764 5809 Si
795 5752 948 5809 deve
979 5770 1289 5809 osservare
1323 5770 1386 5809 se
1418 5751 1556 5809 avvi
1587 5752 1645 5809 la
1676 5760 1908 5826 stampa
1936 5751 2245 5826 intagliata
2274 5752 2351 5809 da
2379 5751 2674 5809 Edelinck
2701 5760 3184 5826 rappresentante
3215 5752 3273 5809 la
3301 5751 3566 5826 Vergine
3597 5751 3709 5809 che
3740 5751 3898 5809 tiene
3928 5751 3991 5808 in
4021 5770 4201 5809 mano
4233 5752 4291 5809 la
4322 5770 4489 5809 sacra

699 5856 882 5905 veste.
911 5847 1175 5905 Libretto
1199 5866 1350 5915 raro,
1378 5848 1454 5905 ed
1478 5848 1768 5922 elegante,
1794 5847 2027 5922 ripieno
2053 5847 2114 5905 di
2139 5847 2375 5905 curiose
2399 5847 2639 5905 notizie.

473 6039 655 6097 4706.
684 6040 880 6097 GHINI
904 6039 1279 6107 Costantino,
1306 6040 1483 6097 Delle
1507 6039 1822 6114 immagini
1850 6058 2033 6107 sacre,
2061 6039 2347 6114 dialoghi,
2377 6039 2558 6097 Siena
2588 6039 2763 6107 1595,
2790 6039 2852 6096 in
2879 6040 2931 6097 8.

698 6135 1044 6209 L’operetta
1066 6153 1188 6192 non
1212 6135 1245 6192 e
1270 6153 1548 6192 comune:
1578 6135 1611 6192 e
1638 6134 1838 6192 scritta
1862 6153 1896 6192 a
1919 6134 2185 6192 maniera
2208 6134 2269 6192 di
2294 6134 2562 6209 dialoghi
2587 6153 2704 6192 con
2727 6134 2924 6209 poche
2948 6135 3148 6192 tavole
3172 6134 3234 6191 in
3258 6135 3438 6209 legno
3465 6134 3555 6192 fra
3577 6134 3620 6191 il
3644 6143 3816 6192 testo.

473 6327 655 6384 4707.
684 6327 1091 6384 GIACCHETTI
1113 6326 1378 6394 Ioannis,
1405 6326 1722 6384 Presbiteri
1749 6326 2000 6384 Serrani.

2171 6657 2347 6694 WWW.
2358 6637 2734 6710 memofonte.
2748 6639 2791 6694 il
