4958 7017
1981 864 2366 922 Fondazione
2390 864 2775 922 Memofonte
2800 865 2976 922 onlus

1390 960 1600 1018 Studio
1624 979 1731 1035 per
1754 960 2226 1018 l’elaborazione
2250 960 2632 1018 informatica
2655 961 2813 1018 delle
2838 960 2991 1018 fonti
3018 960 3571 1018 storico—artistiche

2329 1486 2864 1613 FESTE

1511 1779 1977 1860 INGRESSI,
2010 1779 2422 1860 TRIONFI,
2457 1779 3051 1847 SPETTACOLI
3079 1780 3137 1846 E
3165 1779 3676 1847 FUNERALI.

2347 2024 2611 2077 MDXIV

483 2123 690 2192 1368.
729 2125 1074 2192 ROSMINI
1101 2123 1340 2205 Carlo,
1379 2124 1679 2209 Quattro
1715 2123 2048 2213 opuscoli
2083 2123 2334 2192 inediti
2370 2123 2486 2192 del
2523 2123 2770 2192 secolo
2804 2125 2979 2192 XVI
3010 2123 3406 2213 pubblicati
3441 2123 3516 2191 in
3551 2123 3939 2192 occasione
3974 2123 4168 2213 degli
4202 2123 4487 2192 Eccelsi

709 2238 1047 2328 Sponsali
1077 2238 1445 2307 Trivulzio
1474 2238 1548 2306 in
1576 2238 1927 2320 Archinti,
1959 2238 2244 2307 Milano
2283 2239 2491 2320 1819,
2524 2238 2598 2306 in
2631 2239 2693 2307 8.

708 2349 920 2421 Questi
948 2368 1099 2407 sono
1126 2350 1401 2407 l’entrata
1428 2350 1676 2407 solenne
1701 2349 1764 2406 in
1788 2349 1984 2424 Parigi
2010 2349 2071 2407 di
2096 2349 2294 2407 Maria
2321 2350 2539 2407 sorella
2563 2350 2661 2407 del
2685 2368 2749 2407 re
2775 2349 3194 2424 d’Inghilterra
3218 2350 3394 2424 quale
3423 2368 3604 2424 sposa
3628 2349 3689 2407 di
3715 2349 3892 2424 Luigi
3917 2351 4030 2406 XII
4055 2349 4406 2407 incoronata
4431 2350 4486 2407 al

706 2446 744 2502 4
777 2446 1125 2503 Novembre
1165 2445 1339 2503 1514.
1375 2446 1423 2502 Il
1455 2446 1744 2503 Funerale
1777 2445 1838 2503 di
1871 2445 2047 2520 Luigi
2080 2447 2193 2502 XII
2225 2446 2323 2503 nel
2364 2446 2388 2502 1
2429 2446 2580 2503 Gen.
2624 2445 2798 2503 1515.
2834 2446 3137 2503 L’entrata
3167 2445 3230 2502 in
3262 2445 3458 2520 Parigi
3491 2445 3552 2503 di
3585 2447 3918 2503 Francesco
3951 2447 3976 2502 I
4010 2464 4044 2503 a
4083 2445 4152 2503 15
4188 2446 4486 2503 Febbraro

714 2541 888 2599 1515.
927 2543 1064 2599 Una
1099 2542 1305 2599 lettera
1342 2541 1541 2599 scritta
1576 2542 1674 2599 dal
1714 2541 2035 2616 segretario
2073 2541 2171 2599 dei
2208 2550 2439 2616 quattro
2477 2541 2696 2599 oratori
2732 2542 2892 2599 della
2926 2543 2980 2598 R
3014 2541 3364 2599 Veneziana
3402 2541 3618 2616 spediti
3656 2560 3690 2599 a
3724 2541 3960 2599 Milano
3996 2560 4103 2616 per
4138 2560 4389 2599 onorare
4425 2541 4487 2598 in

707 2638 1058 2712 quell’anno
1083 2637 1126 2694 il
1149 2656 1212 2695 re
1237 2637 1298 2695 di
1322 2637 1585 2695 Francia.

2303 2848 2655 2901 MDXXXV

487 2947 694 3017 1369.
738 2949 850 3016 De
889 2962 1371 3016 FELICISSIMO
1406 2947 1607 3016 Pauli
1648 2949 1742 3015 III
1780 2949 1980 3016 Pont.
2023 2949 2224 3016 Max.
2270 2947 2580 3016 adventu
2619 2947 2988 3016 Perusiam
3025 2947 3300 3016 Urbem
3340 2969 3421 3016 ac
3460 2947 3816 3037 praestitis
3858 2947 4168 3016 civitatis
4210 2947 4485 3016 officiis

707 3062 996 3131 libellus
1029 3062 1118 3131 ad
1146 3064 1323 3131 Rev.
1358 3062 1567 3131 Card.
1602 3062 2031 3131 Grimanuin
2059 3062 2362 3131 Umbri>X<
2396 3064 2749 3152 Legatura
2777 3062 3343 3152 di-gnissimum:
3379 3062 3453 3130 in
3481 3063 3558 3130 4-
3599 3062 3806 3131 1535.

2426 3308 2766 3361 MDXLVII

479 3408 686 3476 1370.
728 3409 830 3476 La
865 3409 1147 3476 POMPA
1178 3423 1536 3476 FUNEBRE
1568 3429 1607 3476 e
1644 3407 1712 3476 le
1750 3407 2044 3497 esequie
2082 3407 2200 3476 del
2238 3407 2356 3497 già
2391 3409 2498 3476 Re
2537 3407 3110 3476 Cristianissimo
3149 3407 3220 3476 di
3257 3407 3555 3476 Francia
3589 3409 3990 3476 Francesco
4029 3409 4078 3489 I,
4120 3407 4192 3476 di
4230 3418 4486 3497 questo

707 3544 946 3604 nome,
1023 3522 1097 3590 in
1170 3522 1502 3612 Vinegia,
1578 3544 1704 3612 per
1776 3522 1999 3591 Paolo
2074 3522 2466 3604 Gherardo,
2552 3522 2761 3604 1547,
2838 3522 2912 3590 in
2989 3523 3051 3591 8.
3128 3522 3594 3612 Aggiuntavi:
3673 3524 3776 3591 La
3849 3533 4117 3591 entrata
4189 3522 4306 3591 del
4379 3524 4486 3591 Re

708 3637 1281 3706 Cristianissimo
1325 3637 1587 3706 Enrico
1632 3639 1694 3705 II
1738 3637 1930 3706 nella
1973 3637 2142 3706 città
2185 3637 2257 3706 di
2302 3637 2552 3706 Reims
2599 3659 2638 3706 e
2682 3637 2751 3706 la
2796 3659 2924 3706 sua
2966 3637 3549 3719 incoronazione,
3597 3637 3671 3705 in
3715 3637 4048 3727 Vinegia,
4095 3659 4221 3727 per
4263 3637 4486 3706 Paolo

708 3752 1101 3821 Gherardo:
1138 3774 1177 3821 e
1206 3752 1280 3820 in
1309 3752 1481 3834 fine,
1514 3752 1588 3820 in
1623 3755 1924 3840 Vinegia
1945 3776 2087 3840 per
2117 3754 2413 3822 Garmin
2442 3752 2532 3821 de
2566 3755 2802 3834 Trino,
2844 3752 3052 3834 1547,
3085 3752 3159 3820 in
3192 3753 3254 3821 8.

709 3864 873 3921 Sono
919 3864 1035 3921 due
1080 3863 1358 3938 opuscoli
1401 3882 1508 3938 per
1551 3864 1609 3921 la
1650 3863 2002 3938 piccolezza
2045 3864 2205 3921 della
2248 3864 2378 3921 loro
2424 3863 2619 3921 forma
2662 3864 2792 3921 così
2837 3863 3003 3921 facili
3049 3882 3083 3921 a
3129 3863 3418 3921 smarrirsi
3463 3863 3575 3921 che
3620 3863 3949 3921 divennero
3993 3863 4125 3931 rari,
4173 3882 4206 3921 e
4253 3882 4487 3938 sempre

705 3959 1082 4017 riscontrami
1106 3959 1168 4016 in
1192 3959 1387 4034 questi
1412 3968 1470 4017 et
1494 3959 1623 4017 altri
1650 3959 1834 4017 simili
1857 3959 2133 4034 preziose
2158 3959 2450 4017 memorie
2477 3959 2752 4017 storiche.

2323 4171 2637 4223 MDXLIX

479 4271 686 4339 1371.
721 4272 823 4339 La
851 4285 1297 4339 MAGNIFICA
1322 4281 1391 4339 et
1418 4270 1848 4360 triumphale
1879 4281 2147 4339 entrata
2176 4270 2293 4339 del
2324 4270 2898 4339 Cristianissimo
2929 4272 3036 4339 Re
3067 4270 3139 4339 di
3168 4270 3465 4339 Francia
3494 4270 3810 4339 Henrico
3842 4272 3904 4338 II
3933 4270 4007 4338 in
4037 4270 4266 4339 Lione
4297 4270 4488 4339 colla

710 4407 838 4454 sua
880 4385 1228 4454 Sereniss.
1276 4386 1632 4454 Consorte
1676 4385 2080 4454 Chaterina:
2129 4385 2180 4453 li
2224 4386 2318 4453 22
2364 4385 2763 4454 Settembre
2814 4385 3021 4454 1548.
3070 4385 3284 4454 Colta
3325 4385 3776 4454 descrizione
3819 4385 4010 4454 della
4052 4385 4488 4454 Commedia

706 4500 998 4569 recitata
1026 4500 1218 4569 dalla
1244 4500 1530 4569 Nazion
1558 4500 1968 4569 Fiorentina
1997 4522 2037 4569 a
2063 4500 2400 4569 richiesta
2429 4500 2501 4569 di
2533 4501 2603 4569 S.
2636 4501 2942 4582 Maestà,
2975 4500 3225 4582 Lione,
3257 4522 3509 4590 presso
3539 4500 3857 4582 Rovillo,
3899 4500 4107 4582 1549,
4140 4500 4214 4568 in
4242 4501 4310 4582 4,
4343 4500 4469 4590 fig.

706 4611 786 4669 Vi
813 4612 982 4669 Sotto
1015 4611 1084 4669 15
1112 4612 1312 4669 tavole
1336 4611 1642 4686 intagliate
1666 4611 1729 4668 in
1753 4612 1951 4686 legno.

473 4828 566 4916 [p.
601 4827 772 4909 233]

2439 5072 2753 5124 MDXLIX

479 5172 686 5240 1372.
733 5172 1111 5240 CORNELII
1146 5172 1254 5253 C.,
1301 5171 1896 5261 Spectaculorum
1936 5171 2010 5239 in
2054 5171 2513 5261 susceptione
2554 5171 2867 5261 Philippi
2908 5171 3113 5261 Hisp.
3159 5171 3342 5240 Prin.
3387 5171 3559 5240 Divi
3602 5171 3846 5240 Caroli
3888 5173 3976 5240 V.
4023 5172 4232 5240 Caes.
4278 5171 4327 5240 f.
4375 5193 4483 5240 an.

716 5286 924 5368 1549,
958 5286 1419 5376 Antuerpiae,
1455 5286 1813 5355 editorum
1845 5297 2242 5376 apparatus:
2279 5308 2405 5376 per
2435 5286 2860 5355 Cornelium
2893 5286 3100 5355 scrib.
3137 5286 3554 5376 Grapheum
3585 5286 3740 5355 eius
3772 5286 3967 5355 urbis
4003 5286 4481 5355 secretarium.

706 5403 1007 5470 Excuss.
1040 5402 1207 5470 Ant.
1240 5423 1369 5491 pro
1399 5403 1605 5470 Petro
1634 5401 1942 5470 Alosten
1970 5401 2159 5491 typis
2189 5401 2485 5491 Aegidii
2515 5401 2927 5483 Disthemii,
2959 5402 3098 5470 An.
3141 5401 3349 5483 1550,
3381 5403 3581 5470 Men.
3614 5403 3650 5470 ]
3657 5423 3765 5470 an.
3799 5401 3873 5469 in
3902 5401 4029 5470 fol.

708 5513 937 5584 Questo
970 5513 1003 5570 e
1034 5531 1155 5570 uno
1188 5513 1283 5570 de’
1320 5512 1425 5587 più
1458 5512 1744 5587 singolari
1776 5512 1911 5570 libri
1943 5512 2004 5570 di
2036 5512 2188 5570 feste
2220 5531 2253 5570 e
2287 5512 2618 5587 spettacoli,
2653 5531 2769 5570 con
2800 5513 2878 5571 29
2911 5513 3111 5570 tavole
3142 5512 3448 5587 intagliate
3479 5512 3541 5569 in
3572 5513 3753 5587 legno
3786 5513 4279 5587 elegantemente.
4314 5514 4424 5570 Ma
4454 5513 4487 5570 e

706 5608 823 5665 tale
849 5608 907 5665 la
929 5607 1244 5665 ricchezza
1268 5607 1329 5665 di
1355 5608 1555 5682 quelle
1579 5607 2146 5682 rappresentazioni,
2176 5607 2337 5665 archi
2364 5626 2397 5665 e
2422 5607 2645 5675 trionfi,
2674 5607 2786 5665 che
2812 5607 3141 5665 enumerati
3167 5607 3229 5664 in
3255 5607 3380 5665 fine
3407 5608 3505 5665 del
3531 5608 3777 5665 volume
3804 5607 3887 5682 gli
3914 5607 4145 5665 artefici
4172 5607 4233 5665 di
4258 5616 4403 5665 tutte
4430 5608 4486 5665 le

706 5703 947 5761 nazioni
972 5703 1084 5761 che
1109 5703 1169 5761 vi
1194 5703 1662 5771 contribuirono,
1692 5703 1742 5761 si
1766 5712 2016 5761 trovano
2045 5703 2160 5762 895
2189 5703 2534 5778 falegnami,
2562 5704 2680 5761 233
2708 5703 2932 5771 Pittori,
2961 5703 3078 5762 598
3107 5703 3236 5761 altri
3262 5703 3510 5771 artefici,
3537 5703 3599 5760 in
3622 5712 3771 5761 tutto
3804 5703 3959 5761 1726
3985 5703 4206 5778 operai.

2380 5934 2580 5986 MDLI

491 6034 698 6102 1373.
737 6035 939 6102 VICO
968 6035 1186 6115 Enea,
1223 6033 1704 6123 Esposizione
1741 6055 1952 6123 sopra
1984 6033 2301 6123 l’effigie
2336 6044 2405 6102 et
2440 6044 2687 6115 statue,
2725 6033 2954 6115 motti,
2992 6033 3304 6123 imprese
3339 6055 3378 6102 e
3412 6033 3646 6123 figure
3679 6044 3887 6123 poste
3921 6033 4271 6102 nell’arco
4306 6033 4485 6102 fatto

709 6170 749 6217 a
780 6148 996 6217 Carlo
1029 6150 1096 6217 V
1129 6150 1236 6217 Re
1269 6148 1341 6217 di
1376 6149 1665 6238 Spagna
1697 6170 1736 6217 e
1769 6148 1860 6217 da
1892 6149 1962 6217 S.
1998 6150 2104 6217 M.
2140 6148 2463 6217 ricevuto
2496 6148 2570 6216 in
2602 6148 2901 6238 intaglio
2935 6148 3007 6217 di
3039 6170 3235 6217 rame
3267 6148 3518 6217 l’anno
3560 6148 3769 6230 1550,
3805 6148 4130 6217 Venezia
4169 6148 4377 6230 1551,
4413 6148 4487 6216 in

711 6264 774 6345 8,
806 6265 912 6332 M.
947 6264 1062 6333 97.

2171 6657 2347 6694 WWW.
2358 6637 2734 6710 memofonte.
2748 6639 2791 6694 il
