4958 7017
1981 864 2366 922 Fondazione
2390 838 2775 922 Memofonte
2800 865 2976 922 onlus

1390 960 1600 1018 Studio
1624 979 1731 1035 per
1754 960 2226 1018 l’elaborazione
2250 960 2632 1018 informatica
2655 961 2813 1018 delle
2838 960 2991 1018 fonti
3018 960 3571 1018 storico—artistiche

699 1248 834 1305 Con
859 1248 1071 1305 alcune
1095 1248 1296 1305 tavole
1320 1247 1382 1304 in
1404 1266 1586 1305 rame.

473 1440 655 1497 4774.
692 1441 1137 1497 DESCRIZIONE
1170 1440 1328 1497 delle
1360 1439 1576 1514 pitture
1611 1458 1645 1497 a
1678 1439 1876 1497 fresco
1911 1439 1972 1497 di
2006 1441 2170 1497 Luca
2204 1439 2514 1497 Giordano
2549 1439 2817 1497 esistenti
2851 1440 3009 1497 nelle
3042 1441 3112 1497 II.
3150 1441 3274 1497 RR.
3313 1439 3596 1507 Galleria,
3633 1458 3666 1497 e
3699 1439 4041 1497 Biblioteca
4072 1439 4484 1507 Riccardiana,

698 1535 944 1593 Firenze
976 1536 1151 1603 1819,
1178 1535 1240 1592 in
1267 1536 1320 1603 8,
1347 1535 1592 1593 italiano
1618 1554 1651 1593 e
1676 1535 1966 1603 francese,
1994 1536 2328 1610 esemplare
2352 1535 2414 1592 in
2438 1544 2598 1593 carta
2621 1535 2879 1593 distinta.

473 1726 655 1784 4775.
682 1728 996 1784 DISCORSI
1014 1726 1139 1784 letti
1164 1727 1324 1784 nella
1346 1728 1388 1784 I.
1416 1728 1485 1784 R.
1514 1726 1887 1784 Accademia
1910 1726 1971 1784 di
1995 1727 2168 1784 Belle
2192 1726 2322 1784 Arti
2346 1726 2409 1783 in
2432 1726 2704 1784 Venezia
2725 1745 2832 1801 per
2855 1727 2913 1784 la
2936 1726 3366 1784 distribuzione
3391 1727 3486 1784 de’
3517 1727 3703 1801 premj
3734 1727 4043 1784 dell’anno
4076 1727 4251 1794 1820,
4278 1726 4340 1783 in
4367 1727 4419 1784 8.

698 1824 765 1879 In
792 1831 1004 1897 questo
1033 1823 1366 1880 volumetto
1395 1822 1691 1880 contiensi
1720 1822 1987 1897 l’Elogio
2016 1823 2114 1880 del
2141 1822 2406 1880 Piranesi
2436 1822 2637 1880 scritto
2666 1823 3114 1880 dall’avvocato
3142 1822 3338 1880 Pietro
3366 1822 3561 1897 Biagi,
3592 1841 3625 1880 e
3652 1841 3732 1880 un
3758 1822 4050 1880 Discorso
4078 1822 4306 1880 teorico
4337 1823 4487 1880 sulle

697 1918 936 1993 piccole
968 1918 1300 1976 differenze
1332 1919 1430 1976 del
1464 1918 1668 1993 signor
1698 1918 1967 1976 Antonio
1999 1918 2217 1976 Diedo.
2252 1918 2703 1976 L’Accademia
2733 1920 2967 1976 Veneta
2996 1918 3073 1976 ha
3101 1937 3208 1993 per
3238 1927 3511 1976 costume
3543 1918 3905 1976 d’illustrare
3938 1919 4358 1976 annualmente
4390 1919 4488 1976 col

698 2033 911 2072 mezzo
949 2015 1098 2072 d’un
1134 2023 1367 2072 oratore
1404 2015 1460 2072 le
1496 2014 1788 2072 memorie
1825 2015 2013 2072 d’uno
2051 2014 2213 2089 degli
2251 2014 2473 2072 antichi
2511 2014 2695 2072 artisti
2733 2015 2893 2072 della
2930 2033 3036 2072 sua
3073 2015 3297 2082 scuola,
3335 2014 3623 2089 piuttosto
3661 2014 3773 2072 che
3810 2033 4028 2089 vagare
4065 2015 4163 2072 col
4202 2033 4487 2072 soccorso

699 2111 1187 2185 dell’eloquenza
1209 2110 1271 2167 in
1294 2119 1453 2168 tante
1477 2110 1673 2168 inutili
1697 2110 2037 2185 ripetizioni
2062 2110 2123 2168 di
2148 2129 2292 2168 cose
2317 2111 2475 2168 dette
2500 2129 2533 2168 e
2556 2110 2783 2168 ridette.

473 2301 655 2359 4776.
694 2303 1032 2359 DISCORSO
1067 2302 1210 2359 letto
1246 2302 1407 2359 nella
1441 2302 1664 2376 grande
1701 2302 1836 2359 aula
1870 2302 2064 2359 dell’I.
2103 2303 2172 2359 R.
2211 2302 2467 2359 Palazzo
2504 2302 2662 2359 delle
2700 2301 2952 2359 Scienze
2988 2302 3064 2359 ed
3099 2301 3229 2359 Arti
3264 2301 3327 2358 in
3362 2301 3687 2359 occasione
3723 2302 3883 2359 della
3917 2301 4348 2359 distribuzione
4384 2302 4480 2359 de’

697 2398 883 2472 premj
913 2398 1107 2455 nell’I.
1135 2399 1204 2455 R.
1233 2397 1605 2455 Accademia
1628 2398 1787 2455 delle
1811 2398 1984 2455 Belle
2008 2397 2138 2455 Arti
2163 2398 2371 2455 l’anno
2404 2398 2579 2465 1820,
2606 2397 2668 2454 in
2691 2397 2946 2465 Milano,
2973 2397 3035 2454 in
3062 2398 3114 2455 8.

700 2494 929 2565 Questo
955 2494 988 2551 e
1012 2512 1093 2551 un
1117 2493 1390 2551 discorso
1415 2493 1643 2551 teorico
1669 2494 1766 2551 del
1793 2493 1997 2568 signor
2019 2493 2353 2568 Fumagalli
2380 2493 2702 2568 segretario
2728 2493 2789 2551 di
2814 2493 3395 2568 quell’Accademia.

479 2687 557 2760 [p.
588 2686 729 2755 331]

473 2877 655 2934 4777.
701 2876 828 2934 The
871 2878 1264 2934 EXHIBITION
1306 2876 1378 2934 of
1415 2876 1514 2934 the
1557 2877 1752 2951 Royal
1796 2877 2149 2951 Accademy
2200 2877 2355 2935 1819
2400 2876 2498 2934 the
2542 2876 2681 2951 fifty
2726 2876 2873 2944 first,
2920 2877 3193 2944 London,
3239 2876 3302 2933 in
3344 2877 3400 2934 4.
3447 2876 3698 2934 Unitovi
3742 2876 3967 2934 British
4009 2876 4349 2934 Institution
4393 2876 4488 2934 for

697 2972 1041 3047 promoting
1065 2972 1164 3030 the
1189 2972 1314 3030 fine
1340 2981 1454 3030 arts
1479 2972 1542 3029 in
1565 2972 1664 3030 the
1689 2972 1999 3047 kingdom,
2027 2973 2283 3030 London
2314 2973 2489 3040 1819,
2516 2972 2578 3029 in
2601 2973 2657 3030 4.

473 3165 655 3222 4778.
683 3166 1106 3222 FRANCESCHI
1130 3164 1448 3232 Giacomo,
1477 3165 1619 3239 Igea
1643 3165 1738 3222 de’
1770 3164 1984 3239 Bagni,
2013 3183 2046 3222 e
2070 3164 2175 3239 più
2198 3164 2718 3239 particolarmente
2744 3164 2805 3222 di
2831 3164 3017 3239 quelli
3043 3164 3104 3222 di
3129 3166 3347 3232 Lucca,
3376 3164 3654 3222 edizione
3682 3165 3962 3232 seconda,
3990 3166 4192 3222 Lucca
4223 3165 4398 3232 1820,
4426 3164 4488 3221 in

702 3261 754 3318 8.

473 3452 655 3510 4779.
688 3452 1007 3509 GAZZERA
1028 3452 1352 3519 Costanzo,
1383 3453 1618 3509 Lettera
1645 3452 1700 3509 al
1728 3452 1796 3509 C.
1829 3451 2139 3526 Giuseppe
2166 3451 2417 3509 Franchi
2445 3451 2506 3509 di
2534 3453 2686 3509 Pont
2711 3451 2947 3509 intorno
2977 3452 3092 3509 alle
3120 3470 3302 3526 opere
3330 3451 3391 3509 di
3417 3451 3651 3526 pittura,
3682 3470 3715 3509 e
3743 3451 3804 3509 di
3834 3452 4093 3509 scultura
4119 3460 4361 3526 esposte
4388 3452 4487 3509 nel

698 3548 954 3605 Palazzo
980 3548 1140 3605 della
1162 3549 1231 3605 R.
1259 3547 1603 3605 Università
1626 3548 1863 3605 l’estate
1888 3548 1986 3605 del
2018 3548 2193 3615 1820,
2219 3547 2442 3605 Torino
2475 3548 2649 3615 1821,
2676 3547 2737 3604 in
2764 3548 2816 3605 8.

473 3740 655 3797 4780.
684 3740 1054 3797 GRAZIADEI
1076 3740 1309 3807 Ercole,
1336 3739 1629 3797 Discorso
1657 3758 1834 3814 sopra
1857 3740 1917 3797 lo
1944 3739 2140 3797 studio
2166 3740 2546 3807 dell’ornato,
2573 3741 2813 3797 Ferrara
2836 3739 2872 3797 6
2899 3739 3084 3814 aprile
3115 3740 3288 3797 1820.

701 3835 948 3910 Seguito
1000 3836 1077 3893 da
1127 3836 1275 3893 altro
1327 3835 1600 3893 discorso
1654 3854 1832 3910 sopra
1881 3836 1939 3893 la
1988 3835 2110 3893 vita
2160 3835 2221 3893 di
2271 3837 2628 3893 Benvenuto
2680 3835 2807 3893 Tisi
2858 3836 2935 3893 da
2985 3835 3299 3903 Garofolo,
3355 3844 3547 3893 stesso
3599 3836 3785 3910 luogo
3837 3836 3913 3893 ed
3964 3854 4138 3893 anno.
4192 3836 4240 3892 Il
4289 3835 4485 3910 primo

701 3930 1129 4005 specialmente
1154 3930 1215 3988 di
1240 3930 1435 4005 questi
1460 3930 1715 3988 discorsi
1741 3931 1774 3988 e
1797 3930 1979 4005 pieno
2005 3930 2066 3988 di
2089 3930 2423 3988 bellissime
2447 3930 2600 3988 idee.

473 4123 655 4180 4781.
684 4123 1036 4180 GUATTANI
1059 4122 1346 4190 Antonio,
1376 4122 1777 4197 Spiegazione
1802 4122 1863 4180 di
1887 4141 1968 4180 un
1990 4123 2172 4180 basso
2196 4122 2411 4180 rilievo
2437 4122 2825 4180 denominato
2850 4122 2870 4179 i
2894 4125 3073 4180 Fanti
3096 4125 3287 4180 scritti
3310 4123 3373 4180 di
3401 4124 3689 4190 Carrara,
3716 4124 3913 4180 Roma
3943 4123 4118 4190 1819,
4145 4122 4207 4179 in
4230 4123 4286 4180 4.

699 4219 834 4276 Con
858 4219 974 4276 due
998 4219 1199 4276 tavole
1224 4237 1257 4276 e
1281 4218 1324 4275 il
1349 4218 1743 4293 frontespizio
1769 4218 2045 4293 figurato.

473 4411 655 4468 4782.
691 4412 988 4468 HAYDON
1018 4412 1088 4468 B.
1124 4412 1193 4468 R.
1228 4410 1444 4485 pittore
1475 4410 1725 4485 inglese,
1762 4410 2047 4468 Giudizio
2081 4410 2179 4468 dei
2212 4410 2579 4468 conoscitori
2612 4411 2770 4468 delle
2801 4411 2974 4468 Belle
3006 4410 3136 4468 Arti
3169 4419 3516 4485 comparato
3550 4429 3667 4468 con
3699 4411 3902 4485 quello
3936 4410 4034 4468 dei
4064 4410 4394 4485 professori
4427 4410 4488 4468 di

699 4524 833 4563 esse
856 4505 1307 4563 relativamente
1333 4505 1388 4563 ai
1413 4505 1627 4563 marmi
1652 4505 1713 4563 di
1737 4506 1897 4563 Lord
1920 4505 2114 4580 Elgin,
2142 4506 2381 4563 Londra
2411 4506 2586 4573 1818,
2613 4505 2675 4562 in
2702 4506 2753 4563 8.

473 4698 655 4755 4783.
700 4699 997 4755 HAYDON
1035 4699 1105 4755 B.
1149 4699 1218 4755 R.
1261 4697 1478 4772 pittore
1518 4697 1768 4772 inglese,
1813 4697 2254 4772 Comparaison
2294 4706 2457 4755 entre
2499 4698 2557 4755 la
2595 4698 2712 4755 tète
2753 4698 2903 4755 d’un
2943 4698 3049 4755 des
3091 4697 3366 4755 chévaux
3406 4698 3481 4755 de
3522 4697 3750 4755 Venise
3791 4697 3893 4772 qui
3935 4697 4160 4755 etoient
4201 4716 4299 4755 sur
4338 4698 4486 4755 l’arc

698 4793 1055 4868 triomphale
1082 4794 1188 4851 des
1215 4793 1591 4861 Thuilléries,
1621 4802 1679 4851 et
1704 4794 1894 4868 qu’on
1920 4793 2006 4851 dit
2031 4802 2152 4851 etre
2179 4794 2254 4851 de
2280 4793 2563 4868 Lysippe,
2593 4802 2651 4851 et
2676 4794 2734 4851 la
2758 4794 2875 4851 tète
2902 4794 2982 4851 du
3008 4793 3220 4851 cheval
3247 4793 3494 4868 d’Elgin
3520 4794 3600 4851 du
3625 4793 3978 4861 Parthénon,
4007 4794 4275 4851 Londres
4310 4794 4485 4861 1818,

698 4889 760 4946 in
787 4890 839 4947 8.

699 4986 834 5043 Con
861 5004 979 5043 una
1004 4986 1207 5043 tavola
1234 4985 1650 5043 vivacemente
1677 4985 2001 5060 intagliata.
2035 4986 2199 5043 Sono
2229 4985 2474 5043 asserite
2501 4985 2564 5042 in
2591 4994 2802 5060 questa
2828 4985 3122 5043 memoria
3149 4986 3361 5043 alcune
3389 5004 3551 5053 cose,
3582 4985 3694 5043 che
3722 5004 3844 5043 non
3873 4986 4190 5043 sembrano
4220 4985 4483 5053 fondate,

698 5080 934 5138 intorno
959 5080 979 5137 i
1004 5080 1222 5138 cavalli
1247 5080 1308 5138 di
1332 5080 1618 5138 Venezia.

473 5273 655 5330 4784.
691 5274 988 5330 HAYDON
1018 5274 1088 5330 B.
1124 5274 1193 5330 R.
1228 5272 1444 5347 pittore
1476 5272 1726 5347 inglese,
1761 5274 1973 5330 Erreur
2004 5273 2079 5330 de
2111 5272 2389 5330 Visconti
2420 5272 2668 5330 relative
2702 5273 2736 5330 a
2767 5272 3018 5330 l’action
3050 5273 3125 5330 de
3158 5273 3216 5330 la
3249 5281 3437 5330 statue
3471 5273 3546 5330 de
3579 5272 3855 5340 l’Ilissus,
3891 5273 4039 5330 dans
4073 5273 4131 5330 la
4162 5272 4487 5330 collection

699 5368 945 5443 d’Elgin
970 5387 1044 5426 au
1067 5370 1358 5426 Museum
1380 5368 1789 5443 Britannique,
1816 5369 2006 5426 Lond.
2042 5369 2216 5436 1819,
2243 5368 2305 5425 in
2332 5369 2385 5436 8,
2413 5387 2530 5426 con
2553 5387 2671 5426 una
2693 5369 2911 5426 tavola.

473 5559 655 5617 4785.
683 5561 954 5617 HUGONI
977 5559 1324 5627 Hermanni,
1351 5559 1457 5617 Pia
1480 5559 1779 5617 desideria
1802 5559 2199 5627 emblematis,
2227 5559 2458 5634 elegiis,
2487 5568 2545 5617 et
2569 5559 2891 5617 affectibus
2919 5560 3022 5617 SS.
3050 5561 3290 5617 Patrum
3311 5559 3619 5627 illustrata,
3646 5560 3784 5617 Ant.
3820 5559 3995 5627 1628,
4022 5559 4084 5616 in
4115 5560 4206 5627 12,
4234 5559 4338 5634 fig.

699 5656 834 5713 Con
857 5655 934 5713 45
962 5656 1180 5723 tavole,
1208 5656 1357 5713 oltre
1381 5655 1424 5712 il
1449 5655 1842 5730 frontespizio
1867 5655 2177 5730 intagliato
2202 5655 2264 5712 in
2288 5656 2487 5730 legno.

473 5847 655 5905 4786.
685 5849 841 5904 IDEE
867 5848 1015 5905 d’un
1042 5856 1435 5905 monumento
1466 5866 1500 5905 a
1525 5849 1720 5905 Dante
1748 5847 2062 5922 Alighieri,
2093 5848 2297 5905 lettere
2330 5849 2408 5922 [p.
2442 5848 2583 5917 332]
2616 5848 2750 5915 due,
2781 5866 2814 5905 e
2841 5847 2903 5904 in
2931 5847 3264 5922 appendice
3292 5847 3559 5905 l’Edituo
3588 5848 3748 5905 della
3774 5847 3998 5905 Chiesa
4024 5847 4085 5905 di
4115 5848 4172 5905 S.
4204 5848 4399 5905 Croce
4426 5847 4488 5904 in

698 5943 962 6011 Firenze,
990 5944 1286 6018 opuscolo
1311 5962 1433 6001 non
1457 5943 1578 6001 mai
1601 5943 1970 6018 pubblicato,
1997 5943 2167 6001 Italia
2197 5944 2371 6011 1819,
2398 5943 2460 6000 in
2487 5944 2539 6001 8.

698 6039 926 6097 Vedesi
955 6039 1017 6096 in
1046 6048 1259 6114 questo
1290 6039 1526 6097 libretto
1557 6039 1668 6097 che
1697 6039 1740 6096 il
1770 6048 2162 6097 monumento
2194 6058 2228 6097 a
2255 6041 2450 6097 Dante
2481 6040 2650 6097 verrà
2678 6039 2841 6097 forse
2870 6039 3129 6097 inalzato
3158 6058 3265 6114 per
3295 6039 3558 6114 singolar
3584 6039 3934 6114 protezione
3964 6040 4113 6097 d’un
4141 6041 4485 6107 Mecenato,

699 6134 810 6192 che
848 6153 971 6192 non
1009 6134 1086 6192 ha
1123 6135 1331 6192 voluto
1372 6134 1562 6209 aprire
1600 6153 1680 6192 un
1720 6153 2035 6202 concorso,
2076 6153 2198 6192 non
2238 6135 2389 6202 solo,
2431 6135 2802 6192 escludendo
2842 6134 2925 6209 gli
2965 6134 3149 6192 artisti
3188 6153 3221 6192 e
3261 6135 3317 6192 le
3356 6134 3726 6192 Accademie
3766 6134 4043 6202 d’Itailia,
4085 6153 4185 6192 ma
4221 6153 4486 6209 neppure

697 6230 1106 6305 risvegliando
1132 6230 1562 6288 l’emulazione
1587 6230 1750 6305 degli
1777 6230 2021 6288 scultori
2045 6230 2294 6288 toscani.

473 6423 655 6480 4787.
689 6424 1046 6479 IMPERIALE
1078 6422 1319 6480 Giovan
1349 6422 1683 6490 Vincenzo,
1717 6424 1803 6480 La
1834 6423 2015 6480 Santa
2044 6424 2282 6490 Teresa,
2316 6422 2792 6497 componimenti
2823 6423 2899 6480 ed
2930 6422 3217 6480 emblemi
3249 6441 3366 6480 con
3396 6431 3522 6480 otto
3553 6423 3753 6480 tavole
3784 6422 3846 6479 in
3875 6441 4057 6490 rame,
4092 6441 4411 6497 compreso
4442 6422 4486 6479 il

2171 6657 2347 6694 WWW.
2358 6637 2734 6710 memofonte.
2748 6639 2791 6694 il
