4958 7017
1981 864 2366 922 Fondazione
2390 864 2775 922 Memofonte
2800 865 2976 922 onlus

1390 960 1600 1018 Studio
1624 979 1731 1035 per
1754 960 2226 1018 l’elaborazione
2250 960 2632 1018 informatica
2655 961 2813 1018 delle
2838 960 2991 1018 fonti
3018 960 3571 1018 storico—artistiche

471 1366 636 1435 260.
712 1367 917 1435 GORI
981 1367 1496 1448 GANDELLINI,
1569 1366 1861 1435 Notizie
1934 1366 2243 1435 storiche
2314 1366 2973 1456 degl’intagliatori,
3049 1366 3286 1448 Siene,
3360 1366 3505 1435 vol.
3582 1367 3647 1448 3,
3730 1367 3938 1448 1771,
4012 1366 4086 1434 in
4160 1367 4223 1448 8,
4298 1366 4489 1435 colla

713 1481 1269 1550 continuazione
1299 1481 1416 1550 del
1445 1483 1517 1550 P.
1552 1481 1641 1550 de
1669 1481 1998 1571 Angelis,
2031 1481 2175 1550 vol.
2218 1482 2326 1563 12,
2359 1481 2496 1571 leg.
2530 1481 2604 1549 in
2634 1481 2701 1563 6,
2736 1481 2954 1550 Siena
2982 1481 3099 1550 dal
3137 1482 3320 1550 1808
3355 1481 3421 1550 al
3459 1481 3666 1550 1816.

721 1593 948 1664 Questa
992 1592 1456 1650 continuazione
1500 1592 1688 1667 ripete
1733 1592 1863 1650 tutti
1910 1592 1993 1667 gli
2039 1592 2221 1650 errori
2267 1592 2429 1667 degli
2477 1592 2730 1650 scrittori
2778 1611 2812 1650 a
2856 1592 2939 1650 lui
2983 1592 3346 1667 precedenti,
3393 1592 3881 1650 riconfermando
3927 1592 3970 1649 il
4016 1592 4256 1660 cattivo,
4307 1611 4488 1650 senza

714 1688 1003 1763 scegliere
1027 1688 1070 1745 il
1093 1689 1299 1746 buono
1325 1689 1406 1746 od
1431 1697 1706 1763 apportar
1729 1689 1942 1746 alcuna
1965 1707 2167 1746 nuova
2190 1689 2271 1746 od
2294 1688 2438 1746 utile
2463 1688 2703 1746 notizia.

471 1903 636 1972 261.
671 1904 941 1972 GILPIN
963 1905 1352 1985 WILLIAM,
1384 1883 1592 1972 Éssai
1625 1925 1742 1972 sur
1769 1903 1874 1972 les
1906 1925 2266 1993 gravures,
2298 1903 2559 1972 traduit
2587 1903 2676 1972 de
2705 1903 3043 1993 l’anglais
3073 1925 3199 1993 par
3226 1903 3294 1972 le
3324 1905 3406 1972 B.
3441 1903 3531 1972 de
3560 1905 3668 1985 B.,
3702 1903 4003 1972 Breslau
4041 1904 4249 1985 1800,
4282 1903 4356 1971 in
4389 1904 4451 1972 8.

711 2016 797 2072 La
818 2014 1100 2089 periferia
1123 2033 1239 2072 ove
1266 2014 1316 2072 si
1342 2014 1627 2089 aggirano
1653 2023 1861 2089 queste
1886 2014 2299 2072 osservazioni
2324 2015 2357 2072 è
2382 2023 2840 2072 estremamente
2863 2014 3132 2072 ristretta.

477 2231 570 2319 [p.
603 2229 726 2312 45]

471 2459 636 2528 262.
679 2461 959 2528 HUBER
989 2475 1084 2527 ET
1114 2461 1348 2541 ROST,
1389 2459 1691 2528 Manuel
1730 2459 1856 2528 des
1897 2459 2191 2528 curieux
2231 2470 2300 2528 et
2337 2459 2463 2528 des
2504 2470 2856 2528 amateurs
2897 2459 2986 2528 de
3024 2459 3188 2528 l’art
3226 2481 3402 2528 avec
3440 2481 3581 2528 une
3619 2459 3859 2528 notice
3898 2459 4024 2528 des
4063 2459 4487 2549 principaux

713 2596 1072 2664 graveurs,
1105 2574 1317 2643 Zuric
1356 2575 1540 2644 1797
1574 2596 1614 2643 a
1650 2575 1859 2656 1804,
1892 2574 2036 2643 vol.
2074 2575 2137 2656 8,
2169 2574 2291 2643 rel.
2326 2576 2404 2642 In
2432 2575 2500 2656 4,
2533 2574 2607 2642 in
2645 2575 2752 2643 12.

717 2686 918 2760 Opera
941 2686 1018 2743 da
1040 2685 1258 2743 tenersi
1283 2704 1458 2743 come
1483 2704 1564 2743 un
1586 2685 1843 2743 ristretto
1869 2686 1964 2743 de’
1994 2685 2099 2760 più
2123 2685 2429 2760 grandiosi
2454 2685 2644 2743 lavori
2669 2685 2781 2743 che
2807 2685 3088 2743 abbiamo
3113 2685 3175 2742 in
3198 2686 3278 2743 tal
3304 2704 3539 2760 genere,
3567 2704 3667 2743 ma
3690 2685 3801 2743 che
3825 2685 3902 2743 ha
3925 2685 4180 2760 qualche
4203 2685 4431 2760 pregio.

471 2900 636 2969 263.
676 2902 997 2982 JANSEN,
1036 2900 1243 2969 Essai
1283 2922 1400 2969 sur
1434 2900 1773 2990 l’origine
1810 2900 1899 2969 de
1935 2900 2005 2969 la
2040 2922 2339 2990 gravure
2377 2922 2466 2969 en
2501 2900 2664 2969 bois
2703 2911 2772 2969 et
2807 2922 2896 2969 en
2931 2900 3127 2969 taille
3164 2900 3397 2969 douce
3434 2911 3503 2969 et
3540 2922 3657 2969 sur
3691 2900 3761 2969 la
3796 2900 4323 2969 connoissance
4360 2900 4486 2969 des

713 3026 1072 3105 estampes
1104 3015 1230 3084 des
1260 3017 1400 3084 XV
1432 3026 1501 3084 et
1527 3017 1702 3084 XVI
1734 3015 1975 3097 siècle,
2008 3015 2202 3084 Paris
2242 3016 2450 3097 1808,
2484 3016 2528 3083 2
2558 3015 2702 3084 vol.
2736 3015 2810 3083 in
2843 3016 2906 3097 8,
2939 3015 3065 3105 fig.

717 3127 918 3201 Opera
939 3126 1170 3201 ripiena
1193 3126 1254 3184 di
1279 3126 1625 3201 cognizioni
1651 3126 1841 3184 anche
1868 3126 2246 3201 sull’origine
2271 3127 2431 3184 della
2454 3126 2862 3184 fabricazione
2887 3127 3047 3184 della
3070 3135 3230 3184 carta
3253 3145 3286 3184 e
3313 3127 3463 3184 sulle
3486 3126 3678 3201 prime
3703 3135 3862 3184 carte
3887 3127 3964 3184 da
3987 3126 4226 3201 giuoco.

471 3340 636 3409 264.
674 3342 971 3409 MASINI
998 3342 1375 3409 LORENZO
1410 3351 1672 3409 veneto
1707 3340 2040 3422 incisore,
2079 3340 2680 3409 Considerazioni
2718 3362 2929 3430 sopra
2963 3340 3200 3409 alcuni
3238 3340 3718 3430 supplementi
3754 3362 3793 3409 e
3827 3351 3995 3409 note
4030 3340 4208 3409 d’un
4244 3351 4487 3409 autore

712 3455 1101 3524 fiorentino
1155 3455 1540 3524 traduttore
1595 3455 1713 3524 del
1770 3455 2089 3524 secondo
2143 3466 2422 3524 trattato
2478 3455 2669 3524 della
2725 3455 2942 3524 storia
2995 3455 3067 3524 di
3121 3455 3477 3537 Mariette,
3536 3455 3670 3524 che
3728 3477 3948 3545 segue
4002 3455 4070 3524 le
4123 3455 4487 3524 Memorie

713 3570 1351 3660 degl’intagliatori
1386 3570 1714 3639 moderni
1749 3570 1823 3638 in
1858 3592 2167 3660 gemme,
2206 3592 2345 3639 con
2379 3570 2449 3639 la
2482 3570 2999 3639 dissertazione
3034 3570 3212 3639 d’un
3246 3592 3486 3639 nuove
3521 3570 3920 3639 castelletto
3954 3592 4080 3660 per
4112 3570 4387 3639 incider
4419 3570 4487 3639 le

711 3685 935 3775 pietre
972 3685 1322 3767 orientali,
1362 3685 1688 3754 Venezia
1731 3685 1939 3767 1756,
1979 3685 2053 3753 in
2088 3686 2156 3767 4,
2197 3707 2336 3754 con
2372 3707 2515 3754 una
2548 3685 2792 3754 tavola
2826 3685 2900 3753 in
2935 3707 3131 3754 rame
3169 3685 3303 3754 che
3340 3685 3652 3775 esprime
3688 3685 3740 3753 il
3777 3685 4176 3754 castelletto
4214 3707 4253 3754 e
4290 3685 4486 3754 varie

712 3800 1029 3890 vignette
1061 3800 1366 3869 allusive
1397 3800 1537 3869 alla
1564 3800 1902 3869 maniera.

712 3911 970 3969 Curioso
996 3930 1029 3969 e
1054 3911 1322 3969 caustico
1348 3911 1519 3969 libro.

471 4126 636 4195 265.
676 4128 995 4194 MILIZIA
1030 4128 1453 4208 Francesco,
1494 4126 1708 4195 Della
1742 4126 2099 4195 incisione
2136 4126 2325 4195 delle
2364 4137 2665 4216 stampe;
2707 4126 3005 4195 articolo
3041 4137 3248 4195 tratto
3286 4126 3403 4195 dal
3440 4126 3863 4195 Dizionario
3901 4126 4090 4195 delle
4128 4126 4254 4195 arti
4292 4126 4487 4195 dello

715 4252 968 4323 stesso,
1002 4252 1306 4310 corretto
1337 4241 1427 4310 ed
1458 4241 1835 4310 arricchito
1866 4241 1938 4310 di
1968 4241 2257 4323 notizie,
2290 4243 2617 4310 Bassano
2656 4241 2865 4323 1796,
2902 4242 2964 4310 8.

471 4471 636 4540 266.
689 4472 1007 4540 OTTLEY
1047 4473 1415 4540 WILLIAM
1462 4473 1719 4561 Joung,
1769 4472 1888 4539 An
1935 4471 2235 4561 inquiris
2284 4471 2358 4539 in
2404 4482 2478 4540 to
2524 4471 2643 4540 the
2691 4471 2924 4561 origin
2973 4471 3112 4540 and
3160 4471 3355 4561 early
3400 4471 3676 4561 history
3723 4471 3808 4540 of
3850 4471 4244 4561 engraving
4290 4493 4487 4561 upon

713 4608 981 4676 copper
1029 4586 1168 4655 and
1215 4586 1289 4654 in
1337 4586 1556 4655 wood
1603 4586 1778 4655 with
1828 4608 1916 4655 an
1966 4597 2272 4655 account
2319 4586 2404 4655 of
2447 4608 2828 4676 engravers
2880 4586 3019 4655 and
3065 4586 3247 4655 their
3293 4586 3531 4655 works
3582 4586 3774 4655 from
3820 4586 3939 4655 the
3987 4586 4361 4655 invention
4410 4586 4495 4655 of

713 4701 1247 4791 calchography
1274 4701 1373 4791 by
1402 4703 1620 4770 Maso
1652 4701 2067 4791 Finiguerra
2095 4712 2169 4770 to
2200 4701 2319 4770 the
2349 4701 2524 4770 time
2556 4701 2641 4770 of
2663 4701 3169 4770 Marcantonio
3201 4701 3613 4783 Raimondi,
3647 4701 3954 4770 London
3994 4701 4202 4783 1816,
4237 4701 4381 4770 vol.
4418 4702 4484 4783 2,

711 4817 778 4885 4.

717 4928 918 5002 Opera
946 4927 1102 4985 assai
1133 4927 1432 4985 stimabile
1459 4946 1566 5002 per
1593 4928 1649 4985 le
1678 4936 1872 4985 estese
1901 4927 2249 5002 cognizioni
2278 4928 2376 4985 del
2405 4927 2748 4985 dottissimo
2779 4936 2982 4985 autore
3011 4946 3044 4985 e
3071 4946 3178 5002 per
3205 4928 3261 4985 le
3288 4927 3563 5002 preziose
3591 4928 3791 4985 tavole
3820 4928 4117 4985 collocate
4146 4927 4236 4985 fra
4262 4927 4305 4984 il
4333 4936 4486 4985 testo

712 5042 828 5081 ove
862 5042 1012 5081 sono
1044 5023 1064 5080 i
1082 5024 1194 5097 fac
1226 5023 1420 5081 simile
1453 5024 1611 5081 delle
1645 5023 1880 5081 antiche
1915 5032 2144 5098 stampe
2175 5023 2238 5080 in
2269 5024 2450 5098 legno
2483 5042 2516 5081 e
2547 5023 2609 5080 in
2639 5042 2803 5081 rame
2835 5024 2930 5081 de’
2967 5023 3073 5098 più
3104 5023 3387 5081 celebrati
3418 5023 3782 5098 intagliatori
3814 5042 3847 5081 e
3878 5023 3898 5080 i
3929 5023 4096 5081 nielli
4127 5023 4232 5098 più
4262 5023 4486 5098 insigni

711 5119 1151 5177 mirabilmente
1175 5119 1407 5177 imitati.

471 5333 636 5402 267.
682 5335 1093 5415 PAPILLON,
1138 5333 1373 5402 Traité
1413 5333 1811 5423 historique
1853 5344 1922 5402 et
1960 5333 2285 5423 pratique
2327 5333 2416 5402 de
2457 5333 2528 5402 la
2569 5355 2868 5423 gravure
2911 5355 3000 5402 en
3039 5333 3225 5415 bois,
3271 5355 3588 5423 ouvrage
3631 5333 3903 5402 enrichi
3946 5333 4072 5402 des
4114 5333 4276 5423 plus
4310 5333 4486 5423 jolis

712 5470 1101 5517 morceaux
1132 5448 1221 5517 de
1253 5470 1331 5517 sa
1359 5448 1850 5538 composition
1880 5459 1949 5517 et
1977 5448 2066 5517 de
2098 5470 2176 5517 sa
2205 5470 2525 5538 gravure,
2558 5448 2753 5517 Paris
2793 5448 3001 5530 1766,
3038 5449 3076 5517 8
3109 5448 3261 5538 fig.,
3295 5449 3339 5516 2
3369 5448 3513 5517 vol.

715 5560 978 5634 L’opera
1001 5560 1034 5617 è
1059 5559 1312 5634 copiosa
1335 5578 1368 5617 e
1393 5559 1696 5617 laboriosa
1718 5578 1751 5617 e
1776 5578 1893 5617 con
1917 5560 2102 5617 molte
2126 5560 2344 5627 tavole,
2372 5578 2472 5617 ma
2494 5578 2617 5617 non
2641 5560 2831 5617 molto
2857 5560 3059 5617 lodata
3080 5578 3186 5634 per
3209 5560 3267 5617 la
3292 5578 3398 5617 sua
3421 5568 3735 5617 esattezza.

477 5776 570 5864 [p.
603 5774 726 5857 46]

472 6048 522 6052 —
562 6006 853 6074 STRUTT
884 6004 1175 6092 Joseph,
1224 6004 1754 6092 Biographical
1793 6004 2251 6092 dictionnary
2294 6007 2716 6092 containing
2759 6028 2854 6073 an
2897 6004 3279 6073 historical
3319 6018 3634 6073 account
3674 6005 3763 6093 of
3789 6004 3893 6073 all
3935 6004 4050 6073 the
4094 6028 4487 6092 engravers

710 6119 985 6204 (vedilo
1015 6119 1123 6188 fra
1150 6119 1173 6187 i
1204 6119 1608 6204 dizionari).

475 6349 616 6418 268
663 6351 1000 6418 WELLER
1045 6349 1302 6439 Singer
1346 6349 1662 6431 Samuel,
1710 6349 2152 6418 Rescerches
2198 6349 2349 6418 into
2393 6349 2512 6418 the
2555 6349 2830 6439 history
2873 6349 2959 6418 of
2995 6371 3236 6439 payng
3281 6349 3470 6431 card,
3518 6349 3692 6418 with
3736 6349 4202 6418 illustrations
4249 6349 4334 6418 of
4370 6349 4488 6418 the

2171 6657 2347 6694 WWW.
2358 6637 2734 6710 memofonte.
2748 6639 2791 6694 it
