4958 7017
1981 864 2366 922 Fondazione
2390 864 2775 922 Memofonte
2800 865 2976 922 onlus

1390 960 1600 1018 Studio
1624 979 1731 1035 per
1754 960 2226 1018 l’elaborazione
2250 960 2632 1018 informatica
2655 961 2813 1018 delle
2838 960 2991 1018 fonti
3018 960 3571 1018 storico—artistiche

467 1347 682 1416 2451.
747 1349 1169 1416 PADOVANI
1220 1349 1421 1416 Joan.
1486 1347 1952 1429 Veronensis,
2016 1349 2128 1416 De
2191 1347 2636 1437 singularum
2694 1347 2990 1416 humani
3052 1347 3372 1437 corporis
3433 1347 3742 1437 partium
3804 1347 4484 1437 significationibus,

712 1464 1046 1531 Veronae
1084 1462 1292 1544 1689,
1325 1462 1399 1530 in
1427 1463 1495 1544 4,
1527 1484 1721 1552 parv.

711 1574 779 1630 L’
811 1573 1020 1631 ordine
1045 1592 1078 1631 e
1103 1574 1161 1631 la
1184 1573 1496 1631 chiarezza
1519 1573 1580 1631 di
1605 1582 1817 1648 questo
1843 1573 2079 1631 libretto
2105 1573 2348 1648 epiloga
2371 1574 2570 1648 quelle
2595 1573 2822 1631 diffuse
2847 1573 3093 1631 nozioni
3118 1573 3229 1631 che
3253 1573 3523 1631 trovatisi
3551 1592 3753 1648 sparse
3777 1573 3839 1630 in
3862 1582 4020 1631 tante
4046 1574 4190 1631 altre
4215 1592 4414 1648 opere.

479 1769 694 1838 2452.
735 1771 958 1837 PETIT
988 1769 1407 1838 Doux-Ciel
1442 1769 1821 1851 Anselmo,
1863 1769 2258 1859 Speculum
2292 1769 2954 1859 physionomicum.
2996 1769 3334 1859 Imprime
3372 1770 3412 1838 à
3446 1771 3785 1859 Langres,
3828 1791 3966 1838 aux
4004 1769 4357 1859 depenses
4396 1769 4486 1838 de

712 1884 1039 1966 l’auteur,
1081 1884 1289 1966 1648,
1322 1884 1396 1952 in
1429 1885 1491 1953 8.
1526 1884 1666 1953 Col
1694 1884 1963 1953 ritratto
1994 1884 2421 1953 dell’autore
2450 1884 2684 1953 inciso
2716 1884 2807 1953 da
2833 1886 3288 1953 Moncornet.

711 1996 974 2070 L’opera
1009 1996 1042 2053 è
1079 1995 1276 2053 divisa
1310 1995 1373 2052 in
1409 1996 1525 2053 due
1561 1995 1729 2070 parti.
1769 1997 1855 2053 La
1888 1995 2083 2070 prima
2118 1995 2179 2053 di
2217 1995 2564 2063 fisonomia,
2604 1996 2662 2053 la
2700 1996 2965 2053 seconda
3000 1995 3061 2053 di
3098 1995 3507 2053 chiromanzia
3543 2014 3660 2053 con
3696 1995 3951 2070 qualche
3988 1996 4191 2053 tavola
4225 1995 4288 2052 in
4322 2014 4487 2053 rame

712 2091 1020 2166 frapposta
1044 2092 1099 2149 al
1123 2100 1294 2149 testo.

479 2305 694 2374 2453.
732 2307 997 2374 PINTIO
1031 2307 1137 2374 M.
1175 2305 1420 2387 Paulo,
1457 2305 1878 2374 Fisonomia
1909 2305 2248 2374 naturale:
2287 2305 2603 2374 raccolta
2632 2305 3096 2374 brevemente
3130 2305 3221 2374 da
3255 2305 3354 2395 gli
3388 2305 3550 2374 libri
3585 2305 3657 2374 di
3693 2305 3958 2374 antichi
3993 2327 4032 2374 e
4066 2305 4394 2374 moderni
4429 2305 4486 2373 fi

719 2422 812 2510 [p.
845 2421 1018 2503 412]
1054 2420 1277 2489 losofi
1307 2431 1741 2489 novamente
1770 2442 2012 2489 messa
2039 2420 2113 2488 in
2142 2420 2325 2502 luce,
2358 2422 2614 2502 Roma,
2646 2442 2898 2510 presso
2928 2420 3306 2489 Vincenzo
3336 2420 3670 2502 Lucrino,
3712 2420 3920 2502 1555,
3953 2420 4027 2488 in
4060 2421 4122 2489 8.

714 2532 878 2589 Sono
905 2532 1117 2589 alcune
1142 2531 1337 2606 figure
1361 2531 1667 2606 intagliate
1691 2531 1754 2588 in
1778 2532 1958 2606 legno
1984 2531 2074 2589 fra
2096 2531 2139 2588 il
2163 2540 2335 2589 testo.

479 2746 694 2815 2454.
770 2748 1086 2815 PORTAE
1155 2748 1191 2815 ]
1201 2804 1212 2815 .
1288 2748 1493 2836 Bapt.
1568 2746 2052 2836 Neapolitani,
2127 2748 2239 2815 De
2310 2746 2625 2815 humana
2693 2746 3259 2836 physiognomia
3328 2746 3490 2815 libri
3562 2757 3865 2836 quatuor
3936 2746 4025 2815 ad
4094 2746 4487 2836 Aloysium

713 2861 1175 2930 Cardinalem
1202 2863 1603 2943 Estensem,
1636 2861 1804 2930 Vici
1833 2861 2228 2951 Acquensi,
2263 2861 2452 2951 apud
2479 2861 2769 2951 Joseph.
2804 2861 3225 2943 Cacchium,
3267 2861 3475 2943 1586,
3508 2861 3582 2929 in
3611 2861 3738 2930 fol.
3772 2861 3898 2951 fig.

711 2972 908 3030 Prima
945 2972 1223 3030 edizione
1262 2991 1295 3030 e
1332 2972 1600 3047 pregiata
1637 2972 1748 3030 che
1786 2972 1863 3030 ha
1899 2972 1942 3029 il
1980 2972 2192 3030 merito
2232 2973 2392 3030 della
2429 2972 2779 3030 freschezza
2816 2973 2974 3030 delle
3015 2981 3243 3047 stampe
3282 2973 3380 3030 col
3417 2972 3641 3030 ritratto
3681 2973 4037 3030 dell’autore
4076 2991 4109 3030 e
4148 2973 4351 3047 quello
4391 2973 4488 3030 del

712 3068 1031 3126 Cardinale
1056 3069 1265 3126 d’Este
1290 3087 1323 3126 e
1351 3068 1424 3126 85
1452 3069 1652 3126 tavole
1677 3068 1768 3126 fra
1790 3068 1833 3125 il
1857 3077 2010 3126 testo
2036 3069 2387 3143 dell’opera.

479 3264 694 3333 2455.
728 3266 1044 3333 PORTAE
1071 3266 1107 3333 ]
1117 3322 1128 3333 .
1162 3266 1366 3354 Bapt.
1399 3264 1884 3354 Neapolitani,
1917 3266 2029 3333 De
2057 3264 2373 3333 humana
2399 3264 2965 3354 physiognomia
2992 3264 3154 3333 libri
3184 3275 3507 3354 quatuor,
3539 3264 3845 3333 Ursellis
3885 3264 4093 3346 1601,
4126 3264 4200 3332 in
4233 3265 4296 3346 8,
4329 3264 4455 3354 fig.

712 3376 888 3433 Colle
912 3376 1112 3433 tavole
1136 3375 1199 3432 in
1223 3376 1403 3450 legno
1428 3375 1721 3450 impresse
1747 3375 1837 3433 fra
1859 3375 1902 3432 il
1926 3384 2097 3433 testo.

475 3570 690 3639 2456.
726 3572 1042 3639 PORTAE
1071 3572 1107 3639 ]
1117 3628 1128 3639 .
1164 3572 1369 3660 Bapt.
1404 3570 1889 3660 Neapolitani,
1924 3572 2036 3639 De
2067 3570 2382 3639 humana
2411 3570 2977 3660 physiognomia
3006 3570 3168 3639 libri
3203 3592 3352 3652 sex,
3387 3570 3461 3638 in
3492 3570 3753 3660 quibus
3787 3570 4083 3639 docetur
4113 3570 4487 3660 quomodo

714 3685 935 3754 animi
964 3696 1347 3775 propentes
1378 3685 1817 3754 naturalibus
1847 3685 2186 3754 remediis
2219 3685 2539 3775 ampesci
2568 3685 2871 3775 possint,
2903 3685 3215 3775 Neapoli
3254 3685 3462 3767 1602,
3495 3685 3569 3753 in
3598 3685 3725 3754 fol.
3759 3685 3885 3775 fig.

711 3798 778 3853 In
811 3796 936 3854 fine
969 3796 1193 3871 Napoli
1226 3797 1394 3870 apud
1428 3799 1815 3870 Tarquinium
1846 3799 2119 3870 Longum
2160 3796 2333 3854 1601.
2370 3798 2454 3854 Le
2487 3797 2687 3854 tavole
2724 3815 2874 3854 sono
2908 3796 2970 3853 in
3001 3805 3166 3871 parte
3200 3797 3400 3871 quelle
3434 3797 3594 3854 della
3624 3796 3819 3871 prima
3851 3796 4129 3854 edizione
4163 3815 4196 3854 e
4230 3796 4292 3853 in
4323 3805 4488 3871 parte

714 3911 864 3950 sono
892 3901 1038 3950 state
1064 3892 1346 3967 aggiunte
1371 3911 1547 3950 come
1571 3892 1634 3949 in
1656 3892 1973 3967 parecchie
1996 3892 2314 3967 posteriori
2339 3892 2620 3950 edizioni.

471 4088 686 4157 2457.
743 4090 1058 4157 PORTAE
1108 4090 1144 4157 ]
1154 4146 1165 4157 .
1222 4090 1426 4178 Bapt.
1482 4088 1966 4178 Neapolitani,
2022 4088 2236 4157 Della
2286 4088 2684 4157 fisonomia
2735 4088 3162 4170 dell’uomo,
3218 4088 3380 4157 libri
3436 4088 3560 4170 sei,
3615 4088 3919 4157 tradotta
3970 4088 4087 4157 dal
4139 4088 4362 4157 latino
4415 4088 4488 4156 in

712 4203 1007 4293 volgare
1037 4225 1076 4272 e
1108 4203 1547 4272 accresciuta
1575 4203 1647 4272 di
1677 4203 1932 4293 figure,
1965 4203 2233 4293 Napoli
2272 4203 2480 4285 1610,
2513 4203 2587 4271 in
2616 4203 2744 4272 fol.

711 4315 907 4372 Molte
934 4314 1128 4389 figure
1155 4314 1474 4382 d’uomini,
1504 4314 1819 4372 d’animali
1846 4333 1879 4372 e
1907 4314 2096 4372 anche
2123 4314 2415 4372 d’antichi
2442 4314 2817 4372 monumenti
2844 4314 3141 4389 veggonsi
3167 4314 3229 4371 in
3255 4323 3466 4389 questa
3489 4314 3793 4389 ristampa,
3824 4333 3858 4372 a
3883 4314 3980 4372 cui
4009 4314 4316 4372 servirono
4342 4315 4487 4389 però

712 4410 907 4485 logori
930 4410 1080 4468 rami
1105 4411 1265 4468 della
1288 4410 1566 4468 edizione
1589 4410 1798 4485 prima.

479 4605 694 4674 2458.
741 4607 1057 4674 PORTAE
1097 4607 1133 4674 ]
1143 4663 1154 4674 .
1201 4607 1405 4695 Bapt.
1453 4605 1937 4695 Neapolitani,
1983 4605 2197 4674 Della
2239 4605 2506 4674 celeste
2548 4605 2946 4674 fisonomia
2986 4605 3148 4674 libri
3194 4605 3297 4674 sei
3340 4605 3458 4674 nei
3501 4605 3718 4695 quali,
3763 4605 4095 4674 ribattuta
4135 4605 4205 4674 la
4246 4605 4489 4674 vanità

713 4720 1287 4810 dell’astrologia
1325 4720 1768 4810 giudiziaria,
1813 4720 1872 4789 si
1912 4720 2003 4789 da
2041 4742 2081 4789 a
2119 4742 2513 4789 conoscere
2550 4742 2677 4810 per
2714 4720 2782 4789 le
2821 4742 3037 4789 cause
3075 4720 3376 4789 naturali
3414 4731 3594 4789 tutto
3634 4720 3751 4789 ciò
3791 4720 3924 4789 che
3962 4720 4302 4810 l’aspetto
4342 4742 4381 4789 e
4419 4720 4487 4789 le

712 4835 1019 4904 fattezze
1049 4835 1242 4925 degli
1271 4835 1551 4904 uomini
1580 4857 1904 4925 possono
1937 4835 2372 4925 significare,
2405 4835 2697 4904 Padova
2734 4835 2942 4917 1616,
2975 4835 3049 4903 in
3077 4836 3145 4917 4,
3177 4835 3316 4925 pic.
3350 4835 3476 4925 fig.

712 4947 888 5004 Colle
913 4946 1108 5021 figure
1132 4946 1194 5003 in
1218 4947 1398 5021 legno
1425 4946 1515 5004 fra
1537 4946 1580 5003 il
1604 4955 1776 5004 testo.

467 5161 682 5231 2459.
717 5163 1033 5230 PORTAE
1061 5163 1097 5230 ]
1107 5219 1118 5230 .
1153 5163 1357 5251 Bapt.
1391 5161 1876 5251 Neapolitani,
1910 5161 2124 5230 Della
2152 5161 2551 5230 fisonomia
2580 5161 3006 5230 dell’uomo.
3040 5161 3486 5251 Aggiuntavi
3517 5161 3587 5230 la
3615 5161 4013 5230 fisonomia
4041 5161 4379 5243 naturale,
4414 5161 4486 5230 di

711 5276 1033 5366 Monsig.
1068 5276 1467 5366 Ingegneri,
1500 5276 1827 5345 Vicenza
1863 5276 2071 5358 1615,
2104 5276 2178 5344 in
2206 5277 2274 5358 4,
2307 5276 2433 5366 fig.

712 5388 888 5445 Colle
913 5387 1108 5462 figure
1132 5387 1194 5444 in
1218 5388 1398 5462 legno
1425 5387 1515 5445 fra
1537 5387 1580 5444 il
1604 5396 1777 5445 testo:
1807 5388 1956 5445 oltre
1980 5387 2023 5444 il
2046 5387 2270 5445 ritratto
2296 5388 2394 5445 del
2417 5389 2592 5445 Porta
2615 5406 2648 5445 e
2673 5388 2875 5462 quello
2901 5388 2999 5445 del
3024 5387 3306 5445 Cardinal
3331 5388 3557 5445 d’Este.

475 5583 690 5652 2460.
728 5585 1044 5652 PORTAE
1075 5585 1111 5652 ]
1121 5641 1132 5652 .
1170 5585 1374 5673 Bapt.
1411 5583 1896 5673 Neapolitani,
1933 5585 2036 5652 La
2067 5583 2465 5652 fisonomia
2498 5583 2903 5652 dell’uomo
2938 5605 2977 5652 e
3010 5583 3080 5652 la
3111 5583 3509 5652 fisonomia
3542 5583 3829 5665 celeste,
3866 5583 4028 5652 libri
4065 5583 4168 5652 sei
4201 5583 4487 5652 tradotti

712 5698 786 5766 in
839 5698 1154 5788 volgare.
1213 5698 1427 5767 Colla
1478 5698 1876 5767 fisonomia
1927 5698 2244 5767 naturale
2298 5698 2370 5767 di
2423 5698 2746 5788 Monsig.
2805 5698 3203 5788 Ingegneri,
3261 5698 3333 5767 di
3387 5698 3805 5780 Polemone,
3863 5698 3953 5767 ed
4004 5698 4484 5780 Adamanzio,

712 5813 1037 5882 Venezia
1073 5813 1281 5895 1652,
1314 5813 1388 5881 in
1421 5814 1484 5895 8,
1517 5813 1643 5903 fig.

711 5926 795 5982 Le
819 5925 1020 5982 tavole
1047 5943 1197 5982 sono
1222 5924 1284 5981 in
1306 5943 1471 5982 rame
1496 5924 1586 5982 fra
1608 5924 1651 5981 il
1675 5933 1847 5982 testo.
1877 5925 2107 5982 Grosso
2133 5925 2378 5982 volume
2403 5924 2464 5982 di
2489 5924 2656 5982 mille
2679 5924 2898 5999 pagine
2923 5924 3098 5982 circa.

481 6140 574 6228 [p.
607 6139 780 6221 413]

475 6349 690 6418 2461.
733 6351 1020 6431 PORTA,
1062 6349 1277 6418 Della
1319 6349 1941 6431 chirofisonomia,
1989 6371 2260 6418 ovvero
2305 6349 2377 6418 di
2421 6349 2664 6439 quella
2704 6360 2900 6439 parte
2944 6349 3391 6418 dell’umana
3433 6349 3850 6431 ﬁsonomia,
3898 6349 4031 6418 che
4076 6349 4486 6439 appartiene

2171 6657 2347 6694 WWW.
2358 6637 2734 6710 memofonte.
2748 6639 2791 6694 il
