4958 7017
1981 864 2366 922 Fondazione
2390 864 2775 922 Memofonte
2800 865 2976 922 onlus

1390 960 1600 1018 Studio
1624 979 1731 1035 per
1754 960 2226 1018 l’elaborazione
2250 960 2632 1018 informatica
2655 961 2813 1018 delle
2838 960 2991 1018 fonti
3018 960 3571 1018 storico—artistiche

476 1344 655 1402 3491.
686 1344 1052 1401 CATTANEO
1084 1344 1374 1411 Gaetano,
1410 1343 1840 1401 Osservazioni
1874 1362 2051 1418 sopra
2080 1362 2161 1401 un
2192 1343 2553 1401 frammento
2587 1343 2784 1401 antico
2817 1343 2878 1401 di
2908 1344 3137 1401 bronzo
3170 1343 3231 1401 di
3263 1362 3443 1418 greco
3476 1344 3683 1401 lavoro
3714 1352 4197 1418 rappresentante
4228 1345 4483 1411 Venere,

705 1439 1050 1514 pubblicate
1073 1458 1180 1514 per
1203 1440 1259 1497 le
1283 1458 1474 1497 nozze
1497 1439 1804 1497 Trivulzio
1829 1439 1891 1496 in
1914 1439 2206 1507 Archinti,
2233 1439 2470 1497 Milano
2503 1440 2678 1507 1819,
2705 1439 2766 1496 in
2790 1439 2895 1497 fol.
2924 1440 3039 1497 vel.

715 1536 1063 1610 Esemplare
1087 1535 1149 1592 in
1173 1544 1333 1593 carta
1357 1536 1579 1610 grande
1603 1535 1665 1592 in
1689 1554 1902 1593 mezzo
1927 1535 2094 1603 tinto,
2122 1554 2239 1593 con
2263 1536 2379 1593 due
2402 1535 2739 1593 bellissime
2763 1536 2963 1593 tavole
2987 1535 3293 1610 intagliate
3318 1535 3822 1593 dall’Anderloni.

476 1727 655 1785 3492.
701 1727 1141 1784 CAVALLERIIS
1185 1726 1393 1784 Johan.
1438 1726 1727 1801 Baptista,
1772 1726 2173 1801 Antiquarum
2215 1735 2540 1784 statuarum
2580 1726 2742 1784 urbis
2785 1728 3036 1784 Romae:
3081 1726 3329 1801 primus,
3374 1735 3432 1784 et
3476 1727 3774 1784 secundus
3817 1726 3984 1794 liber,
4029 1728 4261 1784 Romae
4311 1726 4485 1794 1585,

707 1831 940 1880 constat
962 1823 1078 1880 tab.
1114 1823 1246 1880 100.

701 1954 784 1958 —
806 1918 1063 1976 Accedit
1085 1918 1308 1986 tertius,
1336 1927 1394 1976 et
1417 1927 1657 1993 quartus
1683 1918 1851 1986 liber,
1878 1920 2109 1976 Romae
2141 1918 2316 1986 1594,
2343 1919 2580 1976 tabulae
2612 1919 2743 1976 100.

701 2050 784 2054 —
806 2015 923 2072 Nel
948 2014 1091 2072 fine:
1122 2014 1355 2072 accedit
1377 2014 1558 2072 Urbis
1583 2016 1816 2072 Romae
1841 2015 1916 2072 de
1941 2014 2296 2072 Cavalleriis
2323 2014 2525 2072 aeneis
2550 2014 2769 2072 tabulis
2793 2023 3267 2089 repraesentatae
3299 2014 3474 2082 1569,
3502 2023 3735 2072 constat
3758 2023 4052 2072 cartarum
4075 2014 4172 2082 50,
4199 2014 4261 2071 in
4284 2015 4340 2072 4.

702 2112 843 2168 Non
867 2111 900 2168 e
925 2110 1105 2168 facile
1129 2119 1362 2168 trovare
1387 2110 1707 2185 esemplari
1733 2110 2037 2185 completi,
2066 2110 2288 2168 freschi
2313 2129 2346 2168 e
2369 2111 2488 2168 ben
2512 2110 2850 2168 conservati
2875 2111 3033 2168 delle
3058 2111 3179 2168 200
3207 2119 3394 2168 statue
3419 2111 3517 2168 del
3542 2110 3861 2168 Cavalieri.

476 2302 655 2360 3493.
688 2302 1108 2369 CICOGNARA,
1140 2303 1374 2359 Lettera
1404 2302 1558 2359 sulla
1588 2310 1777 2359 statua
1803 2310 2287 2376 rappresentante
2317 2302 2375 2359 la
2402 2301 2678 2359 Polinnia
2706 2301 2767 2359 di
2796 2301 3064 2359 Antonio
3095 2302 3363 2369 Canova,
3395 2301 3667 2359 Venezia
3702 2302 3877 2369 1817,
3908 2301 3970 2358 in
4002 2302 4055 2369 8,
4088 2301 4214 2376 fig.,
4246 2303 4334 2359 M.
4375 2302 4481 2359 101

707 2416 824 2455 con
847 2416 966 2455 una
988 2398 1205 2455 tavola.

717 2494 946 2565 Questo
1003 2493 1240 2568 insigne
1297 2512 1528 2551 marmo
1586 2493 1651 2551 fu
1708 2493 1856 2551 fatto
1914 2493 2186 2568 eseguire
2243 2494 2401 2551 dalle
2457 2493 2773 2551 Provincie
2827 2495 3050 2551 Venete
3107 2512 3140 2551 e
3197 2494 3274 2551 da
3327 2493 3430 2551 noi
3485 2502 3824 2568 presentato
3881 2493 3943 2550 in
3998 2512 4179 2551 nome
4236 2493 4297 2551 di
4354 2512 4488 2551 esse

708 2589 1197 2664 all’Imperatrice
1222 2589 1283 2647 di
1303 2589 1561 2647 Austria.

476 2782 655 2840 3494.
687 2782 1107 2849 CICOGNARA,
1141 2781 1481 2856 Schleghel,
1513 2781 1870 2849 Mustoxidi,
1901 2782 2203 2849 Dandolo,
2235 2781 2493 2856 Ciampi,
2526 2781 2882 2839 Collezione
2911 2781 3259 2856 d’opuscoli
3287 2781 3525 2839 intorno
3556 2781 3611 2839 ai
3640 2781 3857 2839 cavalli
3886 2781 3947 2839 di
3978 2782 4035 2839 S.
4067 2783 4300 2839 Marco:
4336 2800 4486 2839 sono

707 2885 832 2934 otto
858 2876 1292 2944 dissertazioni,
1319 2878 1386 2933 In
1409 2876 1681 2934 Venezia
1704 2895 1737 2934 e
1761 2876 1823 2933 in
1846 2876 2110 2944 Firenze,
2137 2876 2200 2933 in
2223 2877 2468 2934 Padova
2491 2895 2524 2934 e
2548 2876 2610 2933 in
2633 2876 2944 2944 Varsavia,
2971 2878 3059 2934 M.
3088 2877 3185 2935 79.

715 2973 832 3030 Nel
875 2972 1050 3040 1815,
1087 2981 1314 3030 mentre
1350 2972 1567 3030 furono
1602 2972 1840 3030 rimessi
1877 2972 2184 3030 all’antica
2218 2973 2348 3030 loro
2387 2973 2529 3030 sede
2564 2972 2584 3029 i
2620 2981 2851 3047 quattro
2888 2972 3105 3030 cavalli
3139 2972 3345 3030 reduci
3381 2973 3458 3030 da
3491 2972 3705 3047 Parigi,
3742 2972 3845 3030 noi
3879 2972 4334 3047 pubblicammo
4370 2991 4489 3030 una

705 3069 888 3126 breve
919 3068 1213 3126 memoria
1242 3068 1353 3126 che
1385 3068 1483 3126 dai
1514 3069 1630 3126 due
1661 3068 1811 3126 dotti
1844 3068 2124 3143 Schlegel
2156 3087 2189 3126 e
2219 3068 2559 3126 Mustoxidi
2591 3068 2656 3126 fu
2687 3077 2976 3126 attaccata
3005 3087 3122 3126 con
3153 3068 3338 3136 forza,
3372 3068 3692 3126 volendosi
3724 3069 3801 3126 da
3830 3069 3960 3126 loro
3991 3068 4343 3143 impugnare
4374 3068 4486 3126 che

705 3173 1017 3239 potessero
1043 3183 1242 3222 essere
1267 3183 1451 3239 opera
1472 3183 1720 3222 romana
1744 3183 1777 3222 e
1802 3165 2065 3222 volendo
2091 3164 2465 3222 divinizzarli
2490 3183 2667 3222 come
2692 3164 2910 3222 esimio
2936 3165 3144 3222 lavoro
3170 3165 3330 3222 della
3354 3164 3588 3222 Grecia.

715 3262 814 3318 Un
845 3260 1196 3335 giovinetto,
1230 3260 1619 3318 discendente
1650 3261 1727 3318 da
1757 3260 2168 3335 quell’Enrico
2199 3261 2483 3318 Dandolo
2515 3260 2626 3318 che
2657 3260 2976 3335 conquistò
3008 3260 3495 3335 Costantinopoli
3526 3279 3559 3318 e
3590 3261 3813 3318 mandò
3844 3260 3864 3317 i
3895 3260 4112 3318 cavalli
4144 3279 4178 3318 a
4205 3260 4483 3328 Venezia,

707 3356 967 3413 credette
997 3355 1058 3413 di
1088 3374 1330 3430 esporre
1360 3356 1416 3413 le
1448 3374 1552 3413 sue
1582 3355 1856 3430 opinioni
1886 3355 1948 3412 in
1978 3355 2377 3430 opposizione
2407 3355 2505 3413 dei
2535 3356 2651 3413 due
2681 3355 2932 3413 letterati
2964 3355 3222 3413 suddetti
3252 3374 3285 3413 e
3315 3356 3413 3413 dal
3445 3356 3712 3413 secondo
3743 3355 3809 3413 fu
3838 3374 3960 3413 non
3992 3356 4124 3413 solo
4155 3355 4483 3423 confutato,

706 3470 806 3509 ma
830 3452 1034 3509 crudel
1065 3453 1143 3526 [p.
1179 3451 1315 3521 156]
1345 3460 1544 3509 mente
1570 3451 1790 3519 deriso;
1818 3470 1940 3509 non
1964 3460 2178 3526 tacque
2203 3451 2246 3508 il
2272 3451 2516 3526 giovine
2540 3451 2792 3526 patrizio
2819 3470 2852 3509 e
2879 3451 2928 3509 si
2956 3460 3337 3526 stamparono
3364 3452 3484 3526 varj
3517 3451 3717 3509 scritti.
3745 3451 3867 3509 Noi
3892 3451 4197 3509 crediamo
4223 3451 4284 3509 di
4310 3470 4486 3509 avere

708 3566 742 3605 a
767 3556 915 3605 tutto
942 3547 1203 3622 risposto
1231 3547 1293 3604 in
1319 3566 1437 3605 una
1462 3556 1604 3605 nota
1630 3548 1728 3605 del
1758 3548 1790 3605 3
1821 3556 1987 3605 tomo
2016 3548 2176 3605 della
2204 3547 2397 3605 Storia
2423 3548 2583 3605 della
2611 3548 2899 3615 Scultura,
2930 3548 2988 3605 la
3014 3548 3190 3622 quale
3217 3547 3279 3604 in
3306 3556 3509 3605 ottavo
3536 3547 3865 3622 riprodotta
3891 3547 3952 3605 di
3979 3556 4148 3605 trova
4174 3547 4276 3622 qui
4303 3547 4482 3605 unita.

706 3645 754 3700 E
778 3643 821 3700 il
848 3643 955 3718 sig.
984 3643 1225 3718 Ciampi
1250 3644 1327 3701 da
1347 3643 1633 3701 Varsavia
1657 3643 1948 3718 aggiunse
1974 3643 2163 3701 anche
2188 3644 2246 3701 la
2272 3662 2378 3701 sua
2402 3644 2517 3701 alle
2542 3652 2743 3701 nostre
2768 3643 3058 3718 opinioni.

476 3835 655 3894 3495.
687 3836 1087 3893 COCKERELL
1113 3835 1362 3893 Charles
1390 3836 1617 3893 Robert
1644 3835 1952 3893 architetto
1980 3835 2230 3910 inglese,
2260 3837 2540 3910 Progetto
2569 3835 2630 3893 di
2658 3835 3075 3893 collocazione
3103 3836 3261 3893 delle
3291 3844 3478 3893 statue
3507 3836 3667 3893 della
3693 3835 3968 3910 famiglia
3994 3835 4055 3893 di
4082 3835 4283 3893 Niobe
4313 3854 4490 3910 sopra

706 3930 749 3987 il
774 3930 1051 3988 frontone
1076 3931 1226 3988 d’un
1250 3930 1519 3998 edificio,
1546 3930 1608 3987 in
1633 3930 1738 3988 fol.
1766 3949 1944 3998 max.,
1979 3930 2154 3998 1816,
2181 3932 2269 3988 M.
2300 3930 2394 3988 85.

717 4027 946 4098 Questo
991 4026 1172 4084 unico
1218 4026 1412 4101 foglio
1458 4027 1815 4084 dall’autore
1859 4026 2053 4084 inciso
2099 4026 2376 4084 contiene
2420 4026 2728 4101 intagliata
2771 4026 2833 4083 in
2877 4026 3146 4084 caratteri
3191 4026 3413 4084 corsivi
3458 4026 4004 4101 l’interpretazione
4049 4027 4126 4084 da
4169 4026 4252 4084 lui
4297 4027 4486 4084 molto

705 4122 1262 4197 ragionevolmente
1286 4122 1628 4197 imaginata.

476 4314 655 4373 3496.
704 4315 1096 4372 COSTADONI
1135 4315 1450 4382 Anselmo,
1498 4314 1948 4372 Dissertazione
1996 4333 2173 4389 sopra
2215 4314 2524 4372 un’antica
2569 4323 2842 4372 statuetta
2885 4314 3164 4372 d’avorio
3208 4323 3691 4389 rappresentante
3736 4333 3816 4372 un
3859 4333 3922 4372 re
3968 4314 4161 4372 assiso
4207 4314 4269 4371 in
4313 4323 4486 4372 trono

707 4410 1054 4468 circondato
1080 4411 1238 4468 dalle
1263 4410 1508 4485 guardie
1533 4429 1650 4468 con
1673 4429 1754 4468 un
1778 4410 2019 4468 falcone
2043 4410 2105 4467 in
2129 4429 2329 4478 mano,
2356 4410 2627 4468 Venezia
2657 4410 2832 4478 1751,
2859 4410 2921 4467 in
2952 4411 3043 4478 12,
3071 4410 3197 4485 fig.,
3224 4412 3312 4468 M.
3341 4411 3438 4468 73.

476 4602 655 4660 3497.
689 4603 972 4659 DALTON
998 4601 1276 4669 Richard,
1311 4602 1368 4658 A
1399 4601 1724 4659 collection
1755 4601 1827 4659 of
1851 4610 2075 4676 twenty
2108 4601 2348 4676 antique
2382 4610 2601 4659 statues
2634 4602 2797 4659 draw
2829 4601 2979 4659 after
3008 4601 3107 4659 the
3139 4601 3394 4676 original
3426 4610 3536 4659 etc.
3571 4601 3633 4658 in
3663 4602 3813 4676 Italy
3845 4602 3961 4659 and
3992 4602 4295 4676 engraved
4325 4603 4482 4659 Mes.

706 4699 993 4765 Ravenet,
1022 4697 1336 4772 Grignion,
1362 4699 1641 4772 Wagner,
1668 4699 1870 4755 Baron
1894 4706 2026 4765 etc.,
2052 4697 2374 4772 published
2396 4698 2478 4772 by
2501 4697 2656 4755 John
2679 4698 2958 4772 Boydell,
2986 4698 3259 4765 London,
3294 4698 3469 4765 1770,
3496 4697 3558 4754 in
3582 4697 3687 4755 fol.

717 4794 942 4865 Queste
979 4794 1058 4851 20
1095 4794 1295 4851 tavole
1334 4812 1485 4851 sono
1523 4793 1584 4851 di
1621 4793 2021 4868 grandissima
2056 4793 2436 4851 dimensione
2473 4812 2506 4851 e
2543 4794 2599 4851 le
2639 4802 2868 4868 stampe
2905 4793 3104 4851 hanno
3142 4812 3260 4851 una
3295 4802 3455 4851 certa
3491 4793 3937 4868 appariscenza;
3977 4812 4076 4851 ma
4112 4812 4146 4851 a
4182 4812 4325 4851 vero
4363 4793 4488 4851 dire

706 4908 1002 4947 mancano
1029 4890 1127 4947 del
1153 4898 1436 4947 carattere
1462 4908 1495 4947 e
1520 4908 1642 4947 non
1667 4889 2013 4964 esprimono
2039 4908 2304 4964 neppure
2329 4889 2349 4946 i
2375 4889 2648 4947 contorni
2674 4889 2837 4964 degli
2863 4889 3141 4964 originali
3167 4890 3244 4947 da
3268 4889 3365 4947 cui
3391 4889 3697 4947 derivano:
3728 4889 3954 4964 oggetti
3980 4889 4041 4947 di
4067 4908 4234 4947 mero
4261 4890 4426 4947 lusso
4453 4908 4486 4947 e

707 4985 768 5043 di
793 4994 957 5060 grata
978 4985 1432 5043 reminiscenza.

476 5177 655 5235 3498.
682 5178 979 5234 DANIELE
1000 5176 1328 5251 Giuseppe,
1355 5176 1837 5251 Ragionamento
1862 5176 2099 5234 intorno
2126 5177 2201 5234 ad
2224 5176 2533 5234 un’antica
2558 5185 2747 5234 statua
2770 5176 2831 5234 di
2856 5176 3157 5234 Annibale
3182 5176 3572 5251 cartaginese,
3599 5176 3823 5251 Napoli
3855 5177 4029 5244 1781,
4056 5176 4118 5233 in
4141 5177 4197 5234 4.

710 5308 793 5312 —
820 5272 1191 5347 Aggiuntevi
1221 5273 1434 5330 alcune
1461 5272 1793 5330 riﬂessioni
1825 5291 2002 5347 sopra
2029 5272 2330 5330 Annibale
2359 5273 2522 5347 dopo
2552 5273 2610 5330 la
2635 5272 2922 5347 battaglia
2950 5272 3011 5330 di
3041 5273 3249 5330 Canne
3278 5273 3376 5330 del
3408 5272 3516 5347 sig.
3552 5272 3719 5330 Saint
3746 5273 4107 5340 Evremond,
4139 5272 4487 5330 traduzione

706 5368 931 5426 inedita
954 5369 1052 5426 del
1076 5368 1414 5443 Magalotti,
1441 5370 1529 5426 M.
1565 5369 1655 5426 10.

712 5465 847 5522 Con
870 5483 989 5522 una
1011 5465 1214 5522 tavola
1236 5464 1544 5539 intagliata
1566 5464 1629 5521 in
1651 5483 1816 5522 rame
1840 5464 1902 5521 in
1924 5464 2241 5539 principio.

476 5656 655 5714 3499.
686 5657 1128 5713 DESCRIPTION
1150 5656 1225 5713 de
1253 5656 1311 5713 la
1340 5664 1529 5713 statue
1557 5664 1830 5730 equestre
1858 5674 1974 5730 que
2003 5656 2061 5713 la
2087 5655 2467 5730 Compagnie
2496 5656 2602 5713 des
2630 5656 2806 5713 Indes
2836 5655 3172 5713 Orientales
3202 5656 3277 5713 de
3304 5657 3642 5713 Danemarc
3672 5674 3706 5713 a
3732 5656 4020 5713 consacré
4049 5656 4083 5713 a
4109 5656 4167 5713 la
4194 5655 4384 5730 gloire
4412 5656 4487 5713 de

706 5751 980 5809 Frederic
1005 5753 1080 5819 V,
1108 5751 1519 5826 Copenhague
1551 5752 1725 5819 1774,
1752 5751 1814 5808 in
1838 5751 1965 5819 fol.,
1993 5751 2098 5826 fig.

715 5849 782 5904 In
808 5848 1073 5915 tedesco,
1104 5848 1326 5905 danese
1354 5866 1387 5905 e
1416 5847 1706 5905 francese.
1738 5848 1915 5905 Nelle
1943 5848 1979 5906 9
2008 5848 2208 5905 tavole
2236 5866 2269 5905 e
2297 5848 2395 5905 nel
2423 5856 2576 5905 testo
2607 5847 2657 5905 si
2683 5848 2866 5905 rende
2894 5856 3074 5905 conto
3103 5848 3261 5905 delle
3289 5847 3604 5905 macchine
3632 5847 3744 5905 che
3772 5849 3860 5905 M.
3894 5848 4036 5922 Saly
4063 5847 4140 5905 ha
4167 5848 4487 5922 adoperate

706 5943 768 6000 in
792 5943 1374 6018 quest’operazione.

476 6134 655 6192 3500.
698 6136 1143 6192 DESCRIZIONE
1182 6135 1342 6192 della
1383 6143 1573 6192 statua
1611 6135 1761 6192 d’un
1798 6134 2158 6209 pugillatore
2198 6153 2231 6192 e
2271 6135 2352 6192 let
2395 6136 2473 6209 [p.
2525 6134 2795 6204 157]tera
2833 6134 2894 6192 di
2933 6134 3201 6192 Antonio
3242 6135 3494 6192 Canova
3533 6134 3769 6192 intorno
3810 6135 3868 6192 la
3909 6143 4099 6192 stessa
4140 6153 4246 6192 sua
4285 6153 4485 6209 opera,

706 6230 977 6288 Venezia
1007 6231 1182 6298 1802,
1209 6230 1271 6287 in
1298 6231 1351 6298 8,
1378 6232 1466 6288 M.
1502 6231 1633 6288 100.

476 6422 655 6480 3501.
700 6424 1204 6480 ELEGANTIORES
1251 6431 1475 6480 statuae
1520 6422 1796 6497 antiquae
1838 6422 1900 6479 in
1942 6422 2122 6480 variis
2164 6441 2552 6480 romanorum
2590 6422 2828 6497 palatiis
2873 6431 3228 6490 asservatae,
3273 6424 3524 6490 Romae,
3577 6422 3751 6490 1776,
3796 6441 3871 6480 ex
3912 6422 4069 6497 typis
4112 6422 4483 6490 Barbiellini,

2171 6657 2347 6694 WWW.
2358 6637 2734 6710 memofonte.
2748 6639 2791 6694 il
