4958 7017
1981 864 2366 922 Fondazione
2390 838 2775 922 Memofonte
2800 865 2976 922 onlus

1390 960 1600 1018 Studio
1624 979 1731 1035 per
1754 960 2226 1018 l’elaborazione
2250 960 2632 1018 informatica
2655 961 2813 1018 delle
2838 960 2991 1018 fonti
3018 960 3571 1018 storico—artistiche

474 1343 655 1402 2529.
682 1345 937 1400 LETTRE
963 1362 1061 1401 sur
1084 1344 1171 1401 les
1196 1343 1604 1418 hiérogliphes
1631 1379 1652 1384 —
1677 1345 1886 1401 Davus
1914 1362 2049 1401 sum
2071 1362 2194 1401 non
2219 1343 2510 1418 Oedipus,
2545 1344 2720 1411 1802,
2746 1343 2808 1400 in
2831 1344 2888 1411 4,
2915 1345 3003 1401 M.
3039 1344 3170 1401 104.

474 1535 655 1593 2530.
688 1537 942 1592 MAYER
970 1535 1164 1610 Luigi,
1197 1535 1405 1593 Views
1437 1535 1500 1592 in
1529 1537 1762 1610 Egypte
1793 1535 1953 1593 from
1980 1535 2079 1593 the
2110 1535 2365 1610 original
2396 1535 2678 1610 gravings
2709 1535 2771 1592 in
2800 1535 2899 1593 the
2928 1535 3283 1610 possession
3313 1535 3385 1593 of
3412 1535 3492 1593 sir
3520 1536 3746 1593 Robert
3774 1535 4027 1593 Ainslie.
4061 1536 4378 1610 Engraved
4406 1536 4487 1610 by

708 1632 824 1689 and
847 1632 1036 1689 under
1058 1631 1156 1689 the
1181 1631 1474 1689 direction
1498 1631 1570 1689 of
1587 1631 1851 1689 Thomas
1876 1631 2118 1699 Milton,
2146 1632 2402 1689 London
2433 1632 2608 1699 1801,
2635 1631 2697 1688 in
2721 1631 2848 1699 fol.,
2876 1631 2981 1706 fig.

710 1762 793 1766 —
815 1726 1209 1801 Aggiuntovi:
1238 1728 1374 1784 Vue
1399 1745 1474 1784 en
1497 1726 1795 1784 Palestine
1820 1727 2060 1801 d’après
2086 1727 2173 1784 les
2199 1726 2472 1784 desseins
2498 1726 2814 1801 originaux
2838 1727 2913 1784 de
2938 1728 3002 1784 L.
3030 1728 3262 1801 Mayer,
3289 1727 3546 1784 London
3577 1727 3751 1784 1804.

710 1858 793 1862 —
815 1824 950 1880 Vue
975 1823 1123 1880 dans
1149 1822 1441 1897 l’Empire
1467 1823 1771 1890 Ottoman,
1797 1822 2296 1897 principalément
2319 1823 2467 1880 dans
2493 1823 2551 1880 la
2574 1822 2949 1890 Caramanie,
2976 1823 3233 1880 London
3264 1823 3438 1880 1803.

700 1919 925 1990 Queste
956 1919 1072 1976 due
1102 1918 1367 1976 ulteriori
1397 1937 1579 1993 opere
1608 1918 1806 1976 hanno
1837 1919 1895 1976 la
1922 1918 2271 1976 traduzione
2302 1918 2575 1976 francese
2606 1937 2640 1976 a
2669 1918 2864 1976 fronte
2894 1919 2992 1976 del
3021 1927 3174 1976 testo
3204 1918 3457 1993 inglese;
3490 1919 3548 1976 la
3574 1918 3769 1993 prima
3797 1919 3955 1976 delle
3984 1927 4069 1976 tre
4099 1918 4377 1976 contiene
4406 1919 4484 1976 48

706 2015 926 2082 tavole;
959 2015 1017 2072 la
1047 2015 1311 2072 seconda
1338 2033 1413 2072 ne
1443 2014 1721 2072 contiene
1752 2015 1831 2071 24
1862 2033 1895 2072 e
1924 2015 1982 2072 la
2009 2023 2170 2072 terza
2198 2015 2294 2072 24.
2333 2016 2410 2089 [p.
2450 2015 2545 2084 11]
2580 2014 2936 2072 L’edizione
2966 2014 3027 2072 di
3057 2023 3265 2089 queste
3295 2033 3477 2089 opere
3507 2015 3540 2072 e
3570 2015 3668 2072 del
3695 2014 3986 2072 massimo
4019 2015 4338 2089 splendore
4368 2033 4401 2072 e
4431 2015 4487 2072 le

706 2111 906 2168 tavole
938 2111 1203 2168 colorate
1237 2129 1387 2168 sono
1420 2110 1481 2168 di
1511 2129 1629 2168 una
1659 2110 1915 2168 classica
1943 2111 2216 2168 bellezza
2246 2129 2279 2168 e
2310 2111 2427 2168 tale
2459 2110 2570 2168 che
2602 2110 3008 2185 equivalgono
3042 2129 3076 2168 a
3104 2111 3223 2168 ben
3254 2110 3467 2185 dipinti
3499 2110 3708 2185 quadri
3739 2111 3816 2168 da
3846 2110 4168 2185 gabinetto.
4203 2112 4485 2168 Nessuno

707 2206 878 2264 vinse
905 2225 1125 2264 ancora
1148 2206 1210 2263 in
1235 2215 1448 2281 questo
1475 2225 1693 2281 genere
1720 2207 1776 2264 le
1802 2225 1984 2281 opere
2009 2206 2244 2281 inglesi.
2273 2208 2359 2264 La
2384 2215 2544 2264 carta
2568 2206 2679 2264 che
2708 2207 2864 2264 servì
2891 2225 2925 2264 a
2949 2215 3158 2281 queste
3184 2206 3555 2281 magnifiche
3581 2206 3846 2264 edizioni
3870 2207 3992 2281 può
4020 2207 4487 2264 assolutamente

707 2301 1049 2376 equivalere
1075 2320 1109 2359 a
1132 2301 1354 2359 lamine
1379 2301 1678 2369 d’avorio;
1705 2310 1868 2359 tanto
1894 2302 1927 2359 e
1952 2310 2271 2376 compatta,
2299 2302 2512 2376 eguale
2537 2320 2570 2359 e
2595 2301 2868 2359 candida.

474 2493 655 2551 2531.
693 2495 963 2561 MAYER,
1000 2493 1207 2551 Views
1242 2493 1305 2550 in
1338 2493 1437 2551 the
1473 2502 1742 2551 ottoman
1776 2493 2123 2551 dominions
2158 2493 2221 2550 in
2254 2495 2511 2568 Europe,
2548 2493 2610 2550 in
2644 2493 2811 2561 Asia,
2850 2494 2966 2551 and
3002 2512 3172 2551 some
3207 2493 3279 2551 of
3307 2493 3405 2551 the
3440 2493 3914 2551 mediterranean
3947 2493 4193 2561 islands,
4231 2494 4488 2551 London

714 2590 888 2647 1810.

704 2686 905 2760 Opera
928 2685 989 2743 di
1013 2685 1225 2743 merito
1250 2686 1469 2760 uguale
1495 2686 1612 2743 alla
1633 2686 1992 2760 precedente
2017 2704 2134 2743 con
2158 2686 2231 2743 71
2262 2686 2479 2743 tavole.

474 2876 655 2934 2532.
684 2878 1019 2934 MEMORIA
1045 2895 1222 2951 sopra
1247 2877 1363 2934 due
1392 2885 1580 2934 statue
1607 2876 1801 2951 egizie
1828 2877 2107 2934 mandate
2133 2876 2195 2933 in
2221 2877 2383 2934 dono
2412 2877 2529 2934 alla
2556 2895 2662 2934 sua
2685 2876 2875 2951 patria
2900 2877 2977 2934 da
3003 2876 3243 2934 Giovan
3268 2876 3522 2934 Battista
3546 2876 3807 2934 Bolzoni
3833 2877 4175 2934 Padovano.
4205 2877 4488 2934 L’autore

707 2972 807 3030 eil
834 2972 941 3047 sig.
969 2974 1117 3030 Faer
1140 2991 1272 3047 gen.
1300 2972 1551 3047 inglese,
1578 2973 1823 3030 Padova
1853 2973 2028 3040 1819,
2055 2972 2117 3029 in
2144 2973 2197 3040 8,
2225 2972 2351 3047 fig.,
2378 2974 2466 3030 M.
2502 2973 2633 3030 102.

474 3164 655 3222 2533.
693 3166 1005 3222 MERCATI
1038 3164 1326 3232 Michele,
1366 3164 1865 3222 Considerazioni
1904 3183 2081 3239 sopra
2115 3164 2198 3239 gli
2235 3164 2651 3222 avvertimenti
2687 3165 2785 3222 del
2823 3164 2931 3239 sig.
2970 3164 3183 3222 Latino
3220 3164 3415 3222 Latini
3450 3164 3687 3222 intorno
3725 3165 3937 3222 alcune
3973 3183 4117 3222 cose
4155 3164 4353 3222 scritte
4388 3165 4486 3222 nel

707 3260 860 3318 libro
896 3260 1058 3335 degli
1093 3260 1389 3318 obelischi
1424 3260 1485 3318 di
1520 3262 1717 3318 Roma
1750 3260 2005 3318 insieme
2041 3279 2158 3318 con
2193 3260 2392 3318 alcuni
2429 3260 2830 3335 supplementi
2866 3261 2921 3318 al
2956 3260 3294 3318 medesimo
3330 3260 3502 3328 libro,
3539 3262 3754 3328 Roma,
3790 3279 3897 3335 per
3929 3260 4271 3318 Domenico
4306 3262 4482 3318 Basa.

714 3355 889 3423 1590,
915 3355 977 3412 in
1000 3356 1056 3413 4.

474 3547 655 3605 2534.
682 3549 994 3605 MERCATI
1016 3547 1304 3615 Michele,
1331 3547 1514 3622 Degli
1539 3547 1835 3605 obelischi
1860 3547 1921 3605 di
1945 3549 2161 3615 Roma;
2190 3548 2307 3605 alla
2332 3547 2560 3605 Santità
2583 3547 2644 3605 di
2671 3547 2830 3605 Sisto
2855 3549 2930 3615 V,
2957 3549 3170 3615 Roma,
3196 3566 3303 3622 per
3325 3547 3668 3605 Domenico
3693 3549 3870 3615 Basa,
3905 3547 4079 3615 1589,
4106 3547 4168 3604 in
4191 3548 4247 3605 4.

474 3739 655 3797 2535.
689 3741 934 3797 MILLIN
964 3739 1169 3797 Aubin
1200 3739 1403 3807 Louis,
1437 3739 1845 3814 Egyptiaques
1878 3758 1958 3797 ou
1987 3739 2211 3797 recueil
2243 3740 2318 3797 de
2350 3740 2641 3814 quelques
2674 3758 3034 3797 monumens
3067 3739 3381 3814 egyptiens
3413 3739 3650 3807 inedits,
3684 3739 3847 3797 Paris
3887 3739 4061 3807 1816,
4094 3739 4156 3796 in
4186 3740 4243 3807 4,
4278 3739 4363 3807 fi.,
4397 3741 4484 3797 M.

707 3837 804 3893 77.

701 3931 865 3988 Sono
898 3931 970 3987 12
995 3931 1195 3988 tavole
1218 3931 1337 3988 ben
1360 3930 1684 4005 intagliate,
1713 3949 1830 3988 con
1852 3930 2049 4005 poche
2072 3930 2291 4005 pagine
2316 3930 2797 3988 d’illustrazioni.

474 4122 655 4180 2536.
682 4124 981 4180 MURPHY
1003 4124 1201 4180 James
1227 4122 1533 4190 Cavanah,
1560 4122 1687 4180 The
1713 4122 1954 4180 arabian
1979 4122 2319 4197 antiquities
2345 4122 2417 4180 of
2437 4122 2639 4197 Spain,
2666 4123 2922 4180 London
2953 4122 3128 4190 1816,
3155 4122 3217 4179 in
3241 4122 3346 4180 fol.
3376 4123 3595 4190 atlant.,
3623 4122 3728 4197 fig.

704 4219 933 4290 Questo
980 4218 1133 4276 libro
1179 4218 1451 4293 eseguito
1497 4237 1615 4276 con
1659 4237 1778 4276 una
1821 4218 2287 4293 diligentissima
2330 4218 2691 4276 esecuzione
2737 4237 2770 4276 e
2814 4237 2895 4276 un
2939 4219 3106 4276 lusso
3151 4218 3453 4276 immenso
3499 4218 3560 4276 di
3604 4219 3806 4276 tavole
3850 4218 4174 4293 intagliate,
4220 4218 4408 4293 ripete
4453 4237 4486 4276 e

706 4314 1042 4389 moltiplica
1070 4333 1189 4372 una
1217 4314 1484 4389 quantità
1512 4314 1573 4372 di
1603 4314 1830 4372 minute
1859 4314 2010 4389 parti
2040 4333 2157 4372 con
2187 4323 2446 4372 estremo
2477 4314 2798 4389 dispendio
2829 4314 2991 4389 degli
3022 4314 3368 4389 acquirenti:
3405 4333 3439 4372 a
3467 4315 3856 4389 quest’opera
3884 4314 3945 4372 di
3974 4323 4136 4372 tanto
4167 4315 4334 4372 lusso
4365 4333 4487 4372 non

707 4410 1097 4485 corrisponde
1121 4429 1239 4468 una
1260 4410 1509 4468 relativa
1532 4410 1742 4468 utilità:
1771 4411 1971 4468 tavole
1996 4411 2093 4469 97.

474 4601 655 4659 2537.
682 4603 981 4659 MURPHY
1003 4603 1201 4659 James
1227 4601 1533 4669 Cavanah,
1560 4601 1687 4659 The
1711 4601 1939 4676 history
1963 4601 2036 4659 of
2053 4601 2151 4659 the
2175 4601 2571 4659 Mahometan
2595 4601 2822 4676 empire
2846 4601 2909 4658 in
2935 4601 3136 4676 Spain,
3164 4602 3420 4659 London
3451 4601 3627 4669 1816,
3654 4601 3716 4658 in
3739 4602 3795 4659 4.

704 4698 933 4769 Questo
959 4697 1112 4755 libro
1136 4698 1258 4772 può
1286 4697 1506 4755 servire
1531 4697 1592 4755 di
1616 4706 1770 4755 testo
1798 4697 2018 4755 storico
2045 4698 2162 4755 alla
2185 4698 2585 4772 grand’opera
2609 4697 2887 4755 atlantica
2910 4697 2971 4755 di
2996 4706 3208 4772 questo
3235 4706 3439 4755 autore
3466 4697 3838 4772 sopracitata.

474 4889 655 4947 2538.
706 4891 1029 4957 NIEBUHR,
1080 4891 1335 4964 Voyage
1384 4908 1459 4947 en
1507 4889 1730 4947 Arabie
1779 4898 1837 4947 et
1884 4908 1959 4947 en
2007 4890 2270 4947 d’autres
2318 4908 2468 4964 pays
2519 4889 2976 4957 circonvoisins,
3027 4889 3244 4947 traduit
3291 4890 3366 4947 de
3415 4890 3808 4957 l’Allemand,
3860 4890 3979 4947 vol.
4032 4890 4088 4957 2,
4139 4889 4201 4946 in
4248 4890 4305 4957 4,
4357 4889 4484 4964 fig.,

706 4986 1094 5043 Amsterdam
1123 4985 1297 5043 1776.

699 5081 834 5138 Con
865 5081 979 5137 124
1004 5081 1204 5138 tavole
1228 5080 1290 5137 in
1312 5099 1493 5138 rame.

479 5274 557 5347 [p-
593 5273 687 5342 12]

474 5464 655 5523 2539.
682 5466 1005 5532 NIEBUHR,
1032 5464 1418 5539 Description
1442 5465 1517 5522 de
1542 5464 1833 5532 l’Arabie,
1860 5465 2263 5532 Amsterdam,
2290 5464 2352 5521 in
2375 5465 2432 5532 4,
2460 5464 2565 5539 fig.

712 5560 847 5617 Con
871 5559 947 5617 25
975 5560 1175 5617 tavole
1199 5559 1261 5616 in
1283 5578 1465 5617 rame.

474 5751 655 5809 2540.
699 5753 1021 5819 NIEBUHR,
1065 5751 1315 5809 Recueil
1357 5752 1463 5809 des
1507 5751 1815 5826 questions
1856 5752 2187 5826 proposées
2231 5752 2265 5809 à
2304 5770 2420 5809 une
2464 5751 2689 5809 societé
2731 5752 2806 5809 de
2850 5760 3086 5809 savants
3129 5751 3231 5826 qui
3274 5751 3405 5809 font
3445 5752 3502 5809 le
3544 5770 3779 5826 voyage
3821 5752 3896 5809 de
3938 5751 4211 5809 l’Arabie
4251 5770 4358 5826 par
4397 5753 4484 5809 M.

706 5847 1049 5915 Michaelis,
1078 5866 1224 5905 avec
1249 5866 1330 5905 un
1354 5847 1565 5905 extrait
1588 5848 1663 5905 de
1688 5848 1746 5905 la
1769 5847 2136 5922 description
2160 5848 2235 5905 de
2267 5847 2569 5915 1’Arabie,
2596 5848 2984 5905 Amsterdam
3013 5848 3188 5915 1774,
3215 5847 3277 5904 in
3300 5848 3356 5905 4.

711 5945 778 6000 In
802 5943 996 6018 questi
1021 5952 1253 6018 quattro
1279 5943 1510 6001 volumi
1533 5943 1897 6001 riunisconsi
1922 5944 1978 6001 le
2003 5943 2268 6018 migliori
2292 5943 2515 6001 notizie
2538 5943 2819 6018 riguardo
2846 5944 2921 6001 ad
2944 5943 3087 6018 ogni
3112 5952 3503 6001 costumanza
3526 5943 3587 6001 di
3612 5943 3751 6018 quei
3775 5943 4004 6018 popoli.

474 6134 655 6192 2541.
682 6136 971 6192 NORDEN
993 6134 1310 6192 Frederich
1333 6134 1550 6202 Lewis,
1577 6135 1823 6192 Travels
1848 6134 1910 6191 in
1933 6136 2147 6209 Egypt,
2176 6135 2292 6192 and
2315 6134 2518 6192 Nubia
2540 6134 2602 6191 in
2625 6143 2727 6192 tuo
2753 6135 3049 6202 volumes,
3077 6135 3333 6192 London
3364 6134 3539 6202 1757,
3567 6135 3604 6191 2
3630 6135 3771 6202 vol.,
3798 6134 3860 6191 in
3884 6134 4011 6202 fol.,
4039 6134 4315 6209 figurato.

708 6231 1112 6305 Quest’opera
1135 6231 1389 6288 tradotta
1413 6231 1511 6288 dal
1536 6231 1758 6288 danese
1783 6230 1845 6287 in
1870 6230 1967 6288 cui
1993 6230 2059 6288 fu
2086 6230 2285 6288 scritta
2309 6249 2504 6288 venne
2528 6230 2875 6305 pubblicata
2898 6230 2960 6287 in
2984 6231 3223 6288 Londra
3246 6230 3308 6287 in
3332 6230 3565 6305 inglese
3591 6231 3689 6288 dal
3715 6231 3770 6288 d.
3799 6232 3970 6288 Peter
3991 6231 4428 6305 Tempelmann
4453 6249 4486 6288 e

707 6327 860 6384 deve
901 6326 1260 6401 riguardarsi
1303 6345 1480 6384 come
1523 6345 1641 6384 una
1683 6327 1841 6384 delle
1884 6326 2149 6401 migliori
2192 6345 2374 6401 opere
2417 6326 2528 6384 che
2571 6326 2771 6384 hanno
2813 6327 3139 6401 preceduto
3183 6327 3241 6384 la
3282 6327 3505 6401 grande
3548 6345 3581 6384 e
3624 6327 3926 6384 colossale
3969 6326 4382 6384 ultimamente
4424 6326 4487 6383 in

706 6422 969 6480 Francia.
997 6424 1174 6480 Tutto
1199 6422 1242 6479 il
1265 6422 1461 6497 primo
1487 6423 1733 6480 volume
1758 6423 1791 6480 e
1816 6431 2167 6480 consecrato
2194 6423 2249 6480 al
2273 6431 2445 6480 testo:
2474 6422 2517 6479 il
2544 6423 2810 6480 secondo
2837 6423 2952 6480 alle
2976 6423 3176 6480 tavole
3200 6422 3262 6479 in
3286 6441 3536 6480 numero
3562 6422 3623 6480 di
3655 6422 3787 6481 159.

2171 6657 2347 6694 WWW.
2358 6637 2734 6710 memofonte.
2748 6639 2791 6694 il
