4958 7017
1981 864 2366 922 Fondazione
2390 838 2775 922 Mernofonte
2800 865 2976 922 onlus

1390 960 1600 1018 Studio
1624 979 1731 1035 per
1754 960 2226 1018 l’elaborazione
2250 960 2632 1018 informatica
2655 961 2813 1018 delle
2838 960 2991 1018 fonti
3018 960 3571 1018 storico—artistiche

484 1247 778 1315 Scherfer,
803 1250 898 1305 De
924 1247 1235 1305 coloribus
1259 1247 1760 1315 accidentalibus,
1788 1248 1926 1306 209.

484 1391 907 1449 Scheuchzerii
931 1393 961 1449 ]
969 1440 978 1449 .
1006 1393 1149 1459 Jac.,
1175 1392 1422 1449 Phisica
1447 1411 1646 1459 sacra,
1674 1391 1854 1449 2106.

484 1535 907 1593 Scheuchzerii
931 1537 961 1593 ]
969 1584 978 1593 .
1006 1537 1149 1603 Jac.,
1174 1538 1399 1593 Itinera
1417 1555 1535 1609 per
1554 1535 1824 1593 Elvetiae
1849 1535 1966 1609 alp.
2000 1555 2108 1603 ec.,
2134 1536 2315 1594 4092.

484 1679 750 1737 Schiassi
774 1679 903 1747 Fil.,
928 1682 1396 1753 Ragionamenti
1419 1680 1461 1737 d
1473 1680 1800 1747 ’antichità,
1828 1679 2007 1738 2995.

484 1822 757 1880 Schibler
781 1822 918 1880 Gio.
948 1822 1139 1890 Giac.,
1167 1823 1612 1896 Schiagraphia
1637 1825 1786 1880 artis
1812 1825 2131 1896 tignariae,
2159 1822 2297 1881 959.

484 1966 773 2034 Schmidt,
798 1966 1049 2024 Recueil
1071 1967 1113 2024 d
1125 1968 1485 2040 ’antiquités,
1511 1967 1692 2025 4093.

484 2110 911 2185 Scioppalalba
933 2112 1021 2168 Jo.
1049 2112 1140 2178 B.,
1165 2113 1260 2168 De
1287 2110 1494 2168 tabula
1516 2113 1921 2178 Bessarionis,
1951 2111 2130 2168 3333.

484 2254 810 2329 Schlegelii
836 2254 1074 2322 Christ,
1099 2257 1194 2312 De
1219 2257 1475 2312 nummis
1500 2255 1785 2328 gothanis
1811 2266 1942 2322 etc.,
1969 2254 2149 2313 2996.

484 2397 944 2472 Schoettgenius
970 2397 1208 2465 Christ,
1233 2400 1328 2455 De
1355 2397 1623 2455 librariis
1649 2409 1707 2455 et
1729 2397 2082 2471 bibliopolis
2106 2400 2314 2471 antiq.,
2341 2397 2521 2455 4665.

482 2541 705 2599 Schola
727 2541 943 2599 Italica
967 2544 1388 2609 Picturaeetc.,
1417 2541 1595 2599 3453.

484 2685 857 2743 Schoonovii
881 2686 1056 2753 Flor.,
1082 2685 1478 2753 Emblemata,
1512 2685 1687 2753 1955,
1721 2685 1894 2744 1956.

484 2828 935 2886 Schoavianerii
962 2828 1185 2903 Steph.,
1210 2831 1305 2886 De
1333 2829 1651 2886 ruderibus
1673 2831 1965 2886 Laconici
1991 2849 2158 2896 rom.,
2188 2829 2366 2886 3880.

484 2972 704 3030 Schow
728 2972 884 3040 Nic.,
909 2975 1004 3030 De
1029 2993 1271 3030 nummo
1303 2972 1519 3046 Ulpiae
1543 2972 1884 3040 Pantaliae,
1911 2973 2091 3031 2997.

484 3116 806 3174 Schroterii
830 3118 964 3174 Ern.
992 3116 1167 3184 Frid.,
1192 3119 1287 3174 De
1310 3119 1553 3184 Lamiis,
1583 3117 1762 3174 3334.

484 3260 704 3318 Schulz
728 3262 884 3328 Ern.,
909 3263 1189 3318 Muniere
1214 3261 1289 3318 de
1314 3260 1630 3334 mélanger
1652 3272 1710 3318 et
1732 3280 2056 3334 composer
2078 3260 2165 3318 les
2190 3260 2491 3328 couleurs,
2519 3261 2658 3318 210.

484 3403 741 3461 Schulze
765 3403 981 3471 Enric,
1006 3406 1101 3461 De
1129 3423 1191 3461 re
1216 3403 1505 3461 athletica
1532 3415 1663 3471 etc.,
1698 3404 1871 3462 1794.

484 3547 990 3605 Schnrfleischius
1016 3549 1218 3615 Henr.,
1240 3548 1815 3605 Animadversiones
1842 3550 1900 3605 in
1929 3550 2038 3605 Titi
2059 3550 2212 3605 Livii
2237 3547 2444 3615 libros,
2474 3547 2653 3605 3335.

484 3691 810 3749 Schwarzii
836 3691 1074 3759 Christ,
1099 3694 1194 3749 De
1219 3711 1536 3749 sacrorum
1560 3692 1978 3759 detestatione,
2008 3692 2186 3749 3337.

484 3835 810 3893 Schwarzii
836 3835 1074 3903 Christ,
1099 3838 1194 3893 De
1220 3835 1517 3893 columnis
1539 3835 1842 3903 Herculis,
1872 3835 2051 3893 3336.

482 3980 732 4036 Science
760 3978 872 4050 (la)
898 3981 1175 4036 curieuse
1202 3980 1380 4036 traite'
1401 3979 1476 4036 de
1503 3979 1925 4052 chyromance,
1953 3978 2132 4036 2467.

484 4122 669 4180 Scilla
692 4123 926 4197 Agost,
951 4125 1037 4180 La
1063 4143 1221 4180 vana
1246 4122 1672 4196 speculazione
1697 4123 2027 4196 disingatta
2052 4122 2157 4180 dal
2179 4142 2379 4190 senso,
2409 4123 2587 4180 3338.

482 4266 913 4340 Scioglimento
938 4267 1001 4324 di
1023 4266 1320 4340 diﬂicoltà
1345 4266 1441 4324 sul
1462 4286 1703 4324 movere
1731 4269 1749 4324 i
1773 4266 1997 4324 cavalli
2020 4266 2126 4324 dal
2152 4266 2486 4338 Quirinale,
2516 4267 2694 4324 3881.

482 4412 774 4484 Scoperta
786 4411 948 4484 fatta
976 4413 1034 4468 in
1063 4413 1318 4474 Venezia
1343 4411 1406 4468 di
1428 4410 1635 4468 alcuni
1659 4413 1897 4468 cartoni
1920 4411 1983 4468 di
2003 4410 2303 4484 Rafaello,
2332 4410 2510 4468 3455.

484 4553 672 4611 Scotti
696 4554 875 4628 Aug.,
900 4553 1319 4617 Illustrazione
1344 4554 1618 4611 d’antico
1644 4573 1806 4621 vase,
1834 4554 2014 4612 2709.

484 4697 672 4755 Scotti
696 4697 907 4765 Mich,
932 4700 1027 4755 De
1045 4700 1479 4771 procreatione
1505 4698 1765 4755 hominis
1791 4709 1849 4755 et
1863 4698 2298 4771 phisionomia,
2325 4697 2506 4765 2468,
2533 4697 2713 4756 2469.

484 4841 672 4899 Scotti
696 4841 893 4909 Vinc.,
921 4841 1026 4899 Sul
1048 4842 1419 4915 distinguere
1446 4841 1505 4899 la
1533 4843 1720 4899 rarità
1745 4841 1903 4899 delle
1928 4841 2249 4915 medaglie,
2276 4842 2456 4900 2998.

484 4986 690 5043 Scotto
715 4986 922 5053 Andr.,
947 4988 1269 5043 Itinerario
1294 4985 1559 5053 d’Italia,
1586 4986 1767 5044 4149.

484 5129 690 5186 Scotto
715 5130 940 5196 Franc,
965 5131 1287 5186 Itinerario
1312 5128 1577 5196 d’Italia,
1604 5128 1786 5196 4150,
1813 5128 1993 5186 4151.

482 5274 820 5346 Scriptores
837 5273 1429 5346 physiognomoniae
1455 5284 1703 5340 veteres,
1731 5273 1912 5330 2470.

484 5416 759 5474 Scrofani
787 5417 944 5484 Sav.,
969 5419 1203 5474 Lettere
1228 5436 1298 5474 su
1323 5416 1530 5474 alcuni
1554 5419 1783 5490 oggetti
1806 5417 2024 5484 d’arte,
2054 5416 2232 5474 3555.

484 5559 718 5617 Sculltii
742 5561 944 5627 Dom.,
969 5562 1064 5617 De
1090 5559 1354 5633 collegio
1379 5559 1807 5633 gladiatorum,
1837 5559 2015 5617 3145.

482 5703 755 5761 Sculture
780 5703 881 5761 del
896 5703 1153 5777 palazzo
1178 5704 1241 5761 di
1269 5703 1422 5761 Villa
1445 5704 1776 5777 Borghese,
1806 5703 1984 5761 3556.

484 5847 820 5905 Sebastiani
844 5849 1051 5922 Leop.,
1076 5850 1472 5911 Descrizione
1497 5847 1598 5905 del
1619 5847 1880 5911 Palazzo
1905 5848 1968 5905 di
1995 5847 2358 5921 Caprarola,
2384 5848 2565 5906 4094.

482 5992 756 6049 Seconde
773 5994 975 6065 partie
1000 5992 1108 6049 des
1133 5993 1452 6049 curiosite's
1476 5992 1551 6049 de
1574 5994 1781 6059 Rome,
1811 5992 1988 6049 3883.

484 6135 764 6192 Secondo
789 6135 978 6202 Ferd.,
1003 6134 1186 6192 Della
1212 6137 1332 6192 vita
1350 6134 1644 6208 pubblica
1669 6135 1771 6192 de’
1800 6137 2052 6202 romani,
2087 6134 2260 6193 1795.

484 6279 764 6336 Secondo
791 6278 981 6346 Gius.,
1006 6278 1184 6336 Delle
1209 6279 1503 6336 antichità
1528 6279 1591 6336 di
1618 6280 1823 6352 Capri,
1851 6279 2031 6336 2710.

484 6422 727 6497 Seguin,
752 6422 1008 6480 Manuel
1030 6423 1521 6490 d’archite’cture,
1550 6422 1688 6480 660.

2171 6657 2347 6694 WWW.
2358 6637 2734 6710 memofonte.
2748 6639 2791 6694 it
