<?xml version="1.0" encoding="UTF-8"?>
<!DOCTYPE html PUBLIC "-//W3C//DTD XHTML 1.0 Transitional//EN" "http://www.w3.org/TR/xhtml1/DTD/xhtml1-transitional.dtd">
<html xmlns="http://www.w3.org/1999/xhtml" xml:lang="en" lang="en">
  <head>
    <title>
</title>
    <meta http-equiv="Content-Type" content="text/html;charset=utf-8" />
    <meta name="ocr-system" content="tesseract 3.04.00" />
    <meta name="ocr-capabilities" content="ocr_page ocr_carea ocr_par ocr_line ocrx_word" />
  </head>
  <body>
    <div class="ocr_page" id="page_1" title="image &quot;tess/page466.tif&quot;; bbox 0 0 4958 7017; ppageno 0">
      <div class="ocr_carea" id="block_1_1" title="bbox 2188 398 2776 748">
        <p class="ocr_par" dir="ltr" id="par_1_1" title="bbox 2188 398 2776 748">
          <span class="ocr_line" id="line_1_1" title="bbox 2188 398 2776 748; baseline 0 6269">
            <span class="ocrx_word" id="word_1_1" title="bbox 2188 398 2776 748; x_wconf 95" lang="ita" dir="ltr" xml:lang="ita"> </span>
          </span>
        </p>
      </div>
      <div class="ocr_carea" id="block_1_2" title="bbox 1390 838 3571 1035">
        <p class="ocr_par" dir="ltr" id="par_1_2" title="bbox 1390 838 3571 1035">
          <span class="ocr_line" id="line_1_2" title="bbox 1981 838 2976 922; baseline 0.001 -1">
            <span class="ocrx_word" id="word_1_2" title="bbox 1981 864 2366 922; x_wconf 80" lang="ita" dir="ltr" xml:lang="ita">Fondazione</span>
            <span class="ocrx_word" id="word_1_3" title="bbox 2390 838 2775 922; x_wconf 84" lang="ita" dir="ltr" xml:lang="ita">Memofonte</span>
            <span class="ocrx_word" id="word_1_4" title="bbox 2800 865 2976 922; x_wconf 86" lang="ita" dir="ltr" xml:lang="ita">onlus</span>
          </span>
          <span class="ocr_line" id="line_1_3" title="bbox 1390 960 3571 1035; baseline 0 -17">
            <span class="ocrx_word" id="word_1_5" title="bbox 1390 960 1600 1018; x_wconf 89" lang="ita" dir="ltr" xml:lang="ita">Studio</span>
            <span class="ocrx_word" id="word_1_6" title="bbox 1624 979 1731 1035; x_wconf 99" lang="ita" dir="ltr" xml:lang="ita">per</span>
            <span class="ocrx_word" id="word_1_7" title="bbox 1754 960 2226 1018; x_wconf 98" lang="ita" dir="ltr" xml:lang="ita">l’elaborazione</span>
            <span class="ocrx_word" id="word_1_8" title="bbox 2250 960 2632 1018; x_wconf 84" lang="ita" dir="ltr" xml:lang="ita">informatica</span>
            <span class="ocrx_word" id="word_1_9" title="bbox 2655 961 2813 1018; x_wconf 98" lang="ita" dir="ltr" xml:lang="ita">delle</span>
            <span class="ocrx_word" id="word_1_10" title="bbox 2838 960 2991 1018; x_wconf 84" lang="ita" dir="ltr" xml:lang="ita">fonti</span>
            <span class="ocrx_word" id="word_1_11" title="bbox 3018 960 3571 1018; x_wconf 97" lang="ita" dir="ltr" xml:lang="ita">storico—artistiche</span>
          </span>
        </p>
      </div>
      <div class="ocr_carea" id="block_1_3" title="bbox 472 1119 4264 1123">
        <p class="ocr_par" dir="ltr" id="par_1_3" title="bbox 472 1119 4264 1123">
          <span class="ocr_line" id="line_1_4" title="bbox 472 1119 4264 1123; baseline 0 0">
            <span class="ocrx_word" id="word_1_12" title="bbox 472 1119 4264 1123; x_wconf 95" lang="ita" dir="ltr" xml:lang="ita"> </span>
          </span>
        </p>
      </div>
      <div class="ocr_carea" id="block_1_4" title="bbox 703 1247 1403 1315">
        <p class="ocr_par" dir="ltr" id="par_1_4" title="bbox 703 1247 1403 1315">
          <span class="ocr_line" id="line_1_5" title="bbox 703 1247 1403 1315; baseline 0.001 -11">
            <span class="ocrx_word" id="word_1_13" title="bbox 703 1248 837 1315; x_wconf 99" lang="ita" xml:lang="ita">***,</span>
            <span class="ocrx_word" id="word_1_14" title="bbox 864 1247 1027 1305; x_wconf 91" lang="ita" dir="ltr" xml:lang="ita">Paris</span>
            <span class="ocrx_word" id="word_1_15" title="bbox 1060 1248 1235 1315; x_wconf 99" lang="ita" xml:lang="ita">1783,</span>
            <span class="ocrx_word" id="word_1_16" title="bbox 1262 1247 1324 1304; x_wconf 99" lang="ita" dir="ltr" xml:lang="ita">in</span>
            <span class="ocrx_word" id="word_1_17" title="bbox 1351 1248 1403 1305; x_wconf 87" lang="ita" xml:lang="ita">8.</span>
          </span>
        </p>
      </div>
      <div class="ocr_carea" id="block_1_5" title="bbox 473 1439 4486 1603">
        <p class="ocr_par" dir="ltr" id="par_1_5" title="bbox 473 1439 4486 1603">
          <span class="ocr_line" id="line_1_6" title="bbox 473 1439 4486 1514; baseline 0 -18">
            <span class="ocrx_word" id="word_1_18" title="bbox 473 1439 655 1498; x_wconf 89" lang="ita" xml:lang="ita">4496.</span>
            <span class="ocrx_word" id="word_1_19" title="bbox 684 1441 768 1497; x_wconf 97" lang="ita" dir="ltr" xml:lang="ita">Le</span>
            <span class="ocrx_word" id="word_1_20" title="bbox 793 1441 989 1497; x_wconf 91" lang="ita" dir="ltr" xml:lang="ita">BRUN</span>
            <span class="ocrx_word" id="word_1_21" title="bbox 1013 1440 1069 1497; x_wconf 99" lang="ita" dir="ltr" xml:lang="ita">le</span>
            <span class="ocrx_word" id="word_1_22" title="bbox 1094 1441 1298 1507; x_wconf 84" lang="ita" dir="ltr" xml:lang="ita">Jeune,</span>
            <span class="ocrx_word" id="word_1_23" title="bbox 1327 1440 1660 1514; x_wconf 82" lang="ita" dir="ltr" xml:lang="ita">Catalogue</span>
            <span class="ocrx_word" id="word_1_24" title="bbox 1686 1440 1872 1497; x_wconf 88" lang="ita" dir="ltr" xml:lang="ita">d’une</span>
            <span class="ocrx_word" id="word_1_25" title="bbox 1898 1439 2224 1497; x_wconf 87" lang="ita" dir="ltr" xml:lang="ita">collection</span>
            <span class="ocrx_word" id="word_1_26" title="bbox 2249 1440 2324 1497; x_wconf 99" lang="ita" dir="ltr" xml:lang="ita">de</span>
            <span class="ocrx_word" id="word_1_27" title="bbox 2350 1439 2622 1497; x_wconf 98" lang="ita" dir="ltr" xml:lang="ita">desseins</span>
            <span class="ocrx_word" id="word_1_28" title="bbox 2649 1440 2755 1497; x_wconf 98" lang="ita" dir="ltr" xml:lang="ita">des</span>
            <span class="ocrx_word" id="word_1_29" title="bbox 2782 1439 2926 1497; x_wconf 99" lang="ita" dir="ltr" xml:lang="ita">trois</span>
            <span class="ocrx_word" id="word_1_30" title="bbox 2953 1440 3175 1507; x_wconf 88" lang="ita" dir="ltr" xml:lang="ita">écoles,</span>
            <span class="ocrx_word" id="word_1_31" title="bbox 3205 1439 3529 1514; x_wconf 97" lang="ita" dir="ltr" xml:lang="ita">gouaches,</span>
            <span class="ocrx_word" id="word_1_32" title="bbox 3558 1448 3857 1514; x_wconf 88" lang="ita" dir="ltr" xml:lang="ita">estampes</span>
            <span class="ocrx_word" id="word_1_33" title="bbox 3885 1448 3995 1497; x_wconf 99" lang="ita" dir="ltr" xml:lang="ita">etc.</span>
            <span class="ocrx_word" id="word_1_34" title="bbox 4025 1440 4105 1497; x_wconf 98" lang="ita" dir="ltr" xml:lang="ita">du</span>
            <span class="ocrx_word" id="word_1_35" title="bbox 4131 1439 4387 1497; x_wconf 86" lang="ita" dir="ltr" xml:lang="ita">Cabinet</span>
            <span class="ocrx_word" id="word_1_36" title="bbox 4411 1440 4486 1497; x_wconf 99" lang="ita" dir="ltr" xml:lang="ita">de</span>
          </span>
          <span class="ocr_line" id="line_1_7" title="bbox 698 1535 1518 1603; baseline 0.001 -11">
            <span class="ocrx_word" id="word_1_37" title="bbox 698 1537 786 1593; x_wconf 93" lang="ita" dir="ltr" xml:lang="ita">M.</span>
            <span class="ocrx_word" id="word_1_38" title="bbox 819 1536 953 1603; x_wconf 90" lang="ita" xml:lang="ita">***,</span>
            <span class="ocrx_word" id="word_1_39" title="bbox 980 1535 1143 1593; x_wconf 91" lang="ita" dir="ltr" xml:lang="ita">Paris</span>
            <span class="ocrx_word" id="word_1_40" title="bbox 1176 1536 1350 1603; x_wconf 97" lang="ita" xml:lang="ita">1783,</span>
            <span class="ocrx_word" id="word_1_41" title="bbox 1377 1535 1439 1592; x_wconf 98" lang="ita" dir="ltr" xml:lang="ita">in</span>
            <span class="ocrx_word" id="word_1_42" title="bbox 1466 1536 1518 1593; x_wconf 88" lang="ita" xml:lang="ita">8.</span>
          </span>
        </p>
      </div>
      <div class="ocr_carea" id="block_1_6" title="bbox 473 1726 3445 1801">
        <p class="ocr_par" dir="ltr" id="par_1_6" title="bbox 473 1726 3445 1801">
          <span class="ocr_line" id="line_1_8" title="bbox 473 1726 3445 1801; baseline 0 -18">
            <span class="ocrx_word" id="word_1_43" title="bbox 473 1727 655 1785; x_wconf 89" lang="ita" xml:lang="ita">4497.</span>
            <span class="ocrx_word" id="word_1_44" title="bbox 683 1727 1097 1784; x_wconf 92" lang="ita" dir="ltr" xml:lang="ita">CATALOGUE</span>
            <span class="ocrx_word" id="word_1_45" title="bbox 1121 1727 1227 1784; x_wconf 98" lang="ita" dir="ltr" xml:lang="ita">des</span>
            <span class="ocrx_word" id="word_1_46" title="bbox 1252 1727 1532 1784; x_wconf 76" lang="ita" dir="ltr" xml:lang="ita">tableaux</span>
            <span class="ocrx_word" id="word_1_47" title="bbox 1556 1727 1631 1784; x_wconf 99" lang="ita" dir="ltr" xml:lang="ita">de</span>
            <span class="ocrx_word" id="word_1_48" title="bbox 1656 1726 2006 1784; x_wconf 83" lang="ita" dir="ltr" xml:lang="ita">differentes</span>
            <span class="ocrx_word" id="word_1_49" title="bbox 2032 1727 2254 1794; x_wconf 88" lang="ita" dir="ltr" xml:lang="ita">écoles,</span>
            <span class="ocrx_word" id="word_1_50" title="bbox 2283 1726 2606 1801; x_wconf 97" lang="ita" dir="ltr" xml:lang="ita">gouaches,</span>
            <span class="ocrx_word" id="word_1_51" title="bbox 2634 1726 2889 1794; x_wconf 98" lang="ita" dir="ltr" xml:lang="ita">dessins,</span>
            <span class="ocrx_word" id="word_1_52" title="bbox 2917 1735 3049 1794; x_wconf 99" lang="ita" dir="ltr" xml:lang="ita">etc.,</span>
            <span class="ocrx_word" id="word_1_53" title="bbox 3076 1726 3239 1784; x_wconf 91" lang="ita" dir="ltr" xml:lang="ita">Paris</span>
            <span class="ocrx_word" id="word_1_54" title="bbox 3272 1727 3445 1784; x_wconf 97" lang="ita" xml:lang="ita">1783.</span>
          </span>
        </p>
      </div>
      <div class="ocr_carea" id="block_1_7" title="bbox 473 1918 4487 2082">
        <p class="ocr_par" dir="ltr" id="par_1_7" title="bbox 473 1918 4487 2082">
          <span class="ocr_line" id="line_1_9" title="bbox 473 1918 4487 1993; baseline 0 -18">
            <span class="ocrx_word" id="word_1_55" title="bbox 473 1919 655 1977; x_wconf 89" lang="ita" xml:lang="ita">4498.</span>
            <span class="ocrx_word" id="word_1_56" title="bbox 684 1919 1132 1976; x_wconf 90" lang="ita" dir="ltr" xml:lang="ita">CATALOGUES</span>
            <span class="ocrx_word" id="word_1_57" title="bbox 1160 1919 1266 1976; x_wconf 98" lang="ita" dir="ltr" xml:lang="ita">des</span>
            <span class="ocrx_word" id="word_1_58" title="bbox 1293 1918 1472 1976; x_wconf 80" lang="ita" dir="ltr" xml:lang="ita">livres</span>
            <span class="ocrx_word" id="word_1_59" title="bbox 1500 1918 1693 1986; x_wconf 96" lang="ita" dir="ltr" xml:lang="ita">latins,</span>
            <span class="ocrx_word" id="word_1_60" title="bbox 1722 1918 1999 1993; x_wconf 76" lang="ita" dir="ltr" xml:lang="ita">francais,</span>
            <span class="ocrx_word" id="word_1_61" title="bbox 2027 1918 2282 1986; x_wconf 89" lang="ita" dir="ltr" xml:lang="ita">italiens,</span>
            <span class="ocrx_word" id="word_1_62" title="bbox 2311 1927 2369 1976; x_wconf 99" lang="ita" dir="ltr" xml:lang="ita">et</span>
            <span class="ocrx_word" id="word_1_63" title="bbox 2393 1919 2758 1993; x_wconf 97" lang="ita" dir="ltr" xml:lang="ita">espagnolos</span>
            <span class="ocrx_word" id="word_1_64" title="bbox 2785 1927 2895 1976; x_wconf 99" lang="ita" dir="ltr" xml:lang="ita">etc.</span>
            <span class="ocrx_word" id="word_1_65" title="bbox 2923 1937 3262 1993; x_wconf 98" lang="ita" dir="ltr" xml:lang="ita">provenans</span>
            <span class="ocrx_word" id="word_1_66" title="bbox 3289 1919 3369 1976; x_wconf 98" lang="ita" dir="ltr" xml:lang="ita">du</span>
            <span class="ocrx_word" id="word_1_67" title="bbox 3394 1918 3651 1976; x_wconf 90" lang="ita" dir="ltr" xml:lang="ita">Cabinet</span>
            <span class="ocrx_word" id="word_1_68" title="bbox 3675 1919 3750 1976; x_wconf 99" lang="ita" dir="ltr" xml:lang="ita">de</span>
            <span class="ocrx_word" id="word_1_69" title="bbox 3775 1920 3863 1976; x_wconf 93" lang="ita" dir="ltr" xml:lang="ita">M.</span>
            <span class="ocrx_word" id="word_1_70" title="bbox 3892 1920 3934 1976; x_wconf 90" lang="ita" dir="ltr" xml:lang="ita">I.</span>
            <span class="ocrx_word" id="word_1_71" title="bbox 3967 1919 4100 1986; x_wconf 99" lang="ita" xml:lang="ita">***,</span>
            <span class="ocrx_word" id="word_1_72" title="bbox 4128 1918 4310 1986; x_wconf 91" lang="ita" dir="ltr" xml:lang="ita">Paris,</span>
            <span class="ocrx_word" id="word_1_73" title="bbox 4339 1918 4487 1976; x_wconf 85" lang="ita" dir="ltr" xml:lang="ita">chez</span>
          </span>
          <span class="ocr_line" id="line_1_10" title="bbox 698 2014 1317 2082; baseline 0.002 -11">
            <span class="ocrx_word" id="word_1_74" title="bbox 698 2014 939 2082; x_wconf 93" lang="ita" dir="ltr" xml:lang="ita">Molini,</span>
            <span class="ocrx_word" id="word_1_75" title="bbox 974 2015 1149 2082; x_wconf 99" lang="ita" xml:lang="ita">1783,</span>
            <span class="ocrx_word" id="word_1_76" title="bbox 1176 2014 1238 2071; x_wconf 99" lang="ita" dir="ltr" xml:lang="ita">in</span>
            <span class="ocrx_word" id="word_1_77" title="bbox 1265 2015 1317 2072; x_wconf 99" lang="ita" xml:lang="ita">8.</span>
          </span>
        </p>
      </div>
      <div class="ocr_carea" id="block_1_8" title="bbox 473 2206 4489 2369">
        <p class="ocr_par" dir="ltr" id="par_1_8" title="bbox 473 2206 4489 2369">
          <span class="ocr_line" id="line_1_11" title="bbox 473 2206 4489 2281; baseline 0 -18">
            <span class="ocrx_word" id="word_1_78" title="bbox 473 2207 655 2265; x_wconf 99" lang="ita" xml:lang="ita">4499.</span>
            <span class="ocrx_word" id="word_1_79" title="bbox 692 2207 1065 2264; x_wconf 92" lang="ita" dir="ltr" xml:lang="ita">CATALOGO</span>
            <span class="ocrx_word" id="word_1_80" title="bbox 1097 2206 1195 2264; x_wconf 99" lang="ita" dir="ltr" xml:lang="ita">dei</span>
            <span class="ocrx_word" id="word_1_81" title="bbox 1229 2206 1456 2281; x_wconf 80" lang="ita" dir="ltr" xml:lang="ita">quadri,</span>
            <span class="ocrx_word" id="word_1_82" title="bbox 1493 2225 1526 2264; x_wconf 99" lang="ita" dir="ltr" xml:lang="ita">e</span>
            <span class="ocrx_word" id="word_1_83" title="bbox 1557 2206 1772 2281; x_wconf 91" lang="ita" dir="ltr" xml:lang="ita">pitture</span>
            <span class="ocrx_word" id="word_1_84" title="bbox 1806 2207 1904 2264; x_wconf 99" lang="ita" dir="ltr" xml:lang="ita">del</span>
            <span class="ocrx_word" id="word_1_85" title="bbox 1935 2207 2187 2281; x_wconf 90" lang="ita" dir="ltr" xml:lang="ita">palazzo</span>
            <span class="ocrx_word" id="word_1_86" title="bbox 2221 2207 2501 2264; x_wconf 98" lang="ita" dir="ltr" xml:lang="ita">Colonna</span>
            <span class="ocrx_word" id="word_1_87" title="bbox 2533 2206 3065 2264; x_wconf 97" lang="ita" dir="ltr" xml:lang="ita">coll’indicazione</span>
            <span class="ocrx_word" id="word_1_88" title="bbox 3099 2206 3197 2264; x_wconf 99" lang="ita" dir="ltr" xml:lang="ita">dei</span>
            <span class="ocrx_word" id="word_1_89" title="bbox 3230 2207 3360 2264; x_wconf 99" lang="ita" dir="ltr" xml:lang="ita">loro</span>
            <span class="ocrx_word" id="word_1_90" title="bbox 3395 2206 3604 2274; x_wconf 96" lang="ita" dir="ltr" xml:lang="ita">autori,</span>
            <span class="ocrx_word" id="word_1_91" title="bbox 3640 2206 3838 2264; x_wconf 98" lang="ita" dir="ltr" xml:lang="ita">diviso</span>
            <span class="ocrx_word" id="word_1_92" title="bbox 3871 2206 3934 2263; x_wconf 99" lang="ita" dir="ltr" xml:lang="ita">in</span>
            <span class="ocrx_word" id="word_1_93" title="bbox 3969 2206 4055 2264; x_wconf 98" lang="ita" dir="ltr" xml:lang="ita">sei</span>
            <span class="ocrx_word" id="word_1_94" title="bbox 4087 2206 4256 2281; x_wconf 84" lang="ita" dir="ltr" xml:lang="ita">partì,</span>
            <span class="ocrx_word" id="word_1_95" title="bbox 4291 2208 4489 2264; x_wconf 88" lang="ita" dir="ltr" xml:lang="ita">Roma</span>
          </span>
          <span class="ocr_line" id="line_1_12" title="bbox 706 2301 1048 2369; baseline -0.003 -10">
            <span class="ocrx_word" id="word_1_96" title="bbox 706 2302 881 2369; x_wconf 95" lang="ita" xml:lang="ita">1783,</span>
            <span class="ocrx_word" id="word_1_97" title="bbox 907 2301 969 2358; x_wconf 97" lang="ita" dir="ltr" xml:lang="ita">in</span>
            <span class="ocrx_word" id="word_1_98" title="bbox 992 2302 1048 2359; x_wconf 99" lang="ita" xml:lang="ita">4.</span>
          </span>
        </p>
      </div>
      <div class="ocr_carea" id="block_1_9" title="bbox 473 2493 4485 2657">
        <p class="ocr_par" dir="ltr" id="par_1_9" title="bbox 473 2493 4485 2657">
          <span class="ocr_line" id="line_1_13" title="bbox 473 2493 4485 2568; baseline 0 -17">
            <span class="ocrx_word" id="word_1_99" title="bbox 473 2493 655 2551; x_wconf 89" lang="ita" xml:lang="ita">4500.</span>
            <span class="ocrx_word" id="word_1_100" title="bbox 694 2495 936 2551; x_wconf 92" lang="ita" dir="ltr" xml:lang="ita">HAYOT</span>
            <span class="ocrx_word" id="word_1_101" title="bbox 970 2494 1045 2551; x_wconf 99" lang="ita" dir="ltr" xml:lang="ita">de</span>
            <span class="ocrx_word" id="word_1_102" title="bbox 1080 2494 1377 2568; x_wconf 87" lang="ita" dir="ltr" xml:lang="ita">Longpré,</span>
            <span class="ocrx_word" id="word_1_103" title="bbox 1416 2494 1748 2568; x_wconf 82" lang="ita" dir="ltr" xml:lang="ita">Catalogue</span>
            <span class="ocrx_word" id="word_1_104" title="bbox 1784 2494 1890 2551; x_wconf 98" lang="ita" dir="ltr" xml:lang="ita">des</span>
            <span class="ocrx_word" id="word_1_105" title="bbox 1926 2494 2223 2561; x_wconf 76" lang="ita" dir="ltr" xml:lang="ita">tableaux,</span>
            <span class="ocrx_word" id="word_1_106" title="bbox 2264 2494 2614 2568; x_wconf 98" lang="ita" dir="ltr" xml:lang="ita">sculptures,</span>
            <span class="ocrx_word" id="word_1_107" title="bbox 2653 2493 2925 2551; x_wconf 98" lang="ita" dir="ltr" xml:lang="ita">desseins</span>
            <span class="ocrx_word" id="word_1_108" title="bbox 2962 2502 3072 2551; x_wconf 99" lang="ita" dir="ltr" xml:lang="ita">etc.</span>
            <span class="ocrx_word" id="word_1_109" title="bbox 3112 2494 3187 2551; x_wconf 99" lang="ita" dir="ltr" xml:lang="ita">de</span>
            <span class="ocrx_word" id="word_1_110" title="bbox 3223 2494 3281 2551; x_wconf 98" lang="ita" dir="ltr" xml:lang="ita">la</span>
            <span class="ocrx_word" id="word_1_111" title="bbox 3317 2493 3667 2551; x_wconf 98" lang="ita" dir="ltr" xml:lang="ita">succession</span>
            <span class="ocrx_word" id="word_1_112" title="bbox 3702 2494 3777 2551; x_wconf 99" lang="ita" dir="ltr" xml:lang="ita">de</span>
            <span class="ocrx_word" id="word_1_113" title="bbox 3812 2495 3900 2551; x_wconf 93" lang="ita" dir="ltr" xml:lang="ita">M.</span>
            <span class="ocrx_word" id="word_1_114" title="bbox 3939 2495 4023 2551; x_wconf 97" lang="ita" dir="ltr" xml:lang="ita">Le</span>
            <span class="ocrx_word" id="word_1_115" title="bbox 4058 2495 4179 2551; x_wconf 97" lang="ita" dir="ltr" xml:lang="ita">Bas</span>
            <span class="ocrx_word" id="word_1_116" title="bbox 4216 2512 4485 2568; x_wconf 98" lang="ita" dir="ltr" xml:lang="ita">graveur,</span>
          </span>
          <span class="ocr_line" id="line_1_14" title="bbox 698 2589 1735 2657; baseline 0 -10">
            <span class="ocrx_word" id="word_1_117" title="bbox 698 2589 880 2657; x_wconf 91" lang="ita" dir="ltr" xml:lang="ita">Paris,</span>
            <span class="ocrx_word" id="word_1_118" title="bbox 915 2590 1089 2657; x_wconf 97" lang="ita" xml:lang="ita">1783,</span>
            <span class="ocrx_word" id="word_1_119" title="bbox 1117 2589 1265 2647; x_wconf 88" lang="ita" dir="ltr" xml:lang="ita">chez</span>
            <span class="ocrx_word" id="word_1_120" title="bbox 1289 2589 1566 2657; x_wconf 84" lang="ita" dir="ltr" xml:lang="ita">Joullain,</span>
            <span class="ocrx_word" id="word_1_121" title="bbox 1593 2589 1656 2646; x_wconf 99" lang="ita" dir="ltr" xml:lang="ita">in</span>
            <span class="ocrx_word" id="word_1_122" title="bbox 1683 2590 1735 2647; x_wconf 99" lang="ita" xml:lang="ita">8.</span>
          </span>
        </p>
      </div>
      <div class="ocr_carea" id="block_1_10" title="bbox 473 2781 4487 3143">
        <p class="ocr_par" dir="ltr" id="par_1_10" title="bbox 473 2781 4487 3143">
          <span class="ocr_line" id="line_1_15" title="bbox 473 2781 4487 2856; baseline 0 -17">
            <span class="ocrx_word" id="word_1_123" title="bbox 473 2781 655 2839; x_wconf 89" lang="ita" xml:lang="ita">4501.</span>
            <span class="ocrx_word" id="word_1_124" title="bbox 711 2783 1053 2849; x_wconf 84" lang="ita" dir="ltr" xml:lang="ita">JOULLAIN,</span>
            <span class="ocrx_word" id="word_1_125" title="bbox 1110 2782 1443 2856; x_wconf 83" lang="ita" dir="ltr" xml:lang="ita">Catalogue</span>
            <span class="ocrx_word" id="word_1_126" title="bbox 1498 2782 1604 2839; x_wconf 98" lang="ita" dir="ltr" xml:lang="ita">des</span>
            <span class="ocrx_word" id="word_1_127" title="bbox 1658 2782 1954 2849; x_wconf 76" lang="ita" dir="ltr" xml:lang="ita">tableaux,</span>
            <span class="ocrx_word" id="word_1_128" title="bbox 2013 2782 2362 2856; x_wconf 96" lang="ita" dir="ltr" xml:lang="ita">sculptures,</span>
            <span class="ocrx_word" id="word_1_129" title="bbox 2419 2781 2710 2849; x_wconf 98" lang="ita" dir="ltr" xml:lang="ita">desseins,</span>
            <span class="ocrx_word" id="word_1_130" title="bbox 2767 2790 3067 2856; x_wconf 88" lang="ita" dir="ltr" xml:lang="ita">estampes</span>
            <span class="ocrx_word" id="word_1_131" title="bbox 3120 2800 3459 2856; x_wconf 98" lang="ita" dir="ltr" xml:lang="ita">provenans</span>
            <span class="ocrx_word" id="word_1_132" title="bbox 3515 2782 3590 2839; x_wconf 99" lang="ita" dir="ltr" xml:lang="ita">de</span>
            <span class="ocrx_word" id="word_1_133" title="bbox 3644 2782 3702 2839; x_wconf 98" lang="ita" dir="ltr" xml:lang="ita">la</span>
            <span class="ocrx_word" id="word_1_134" title="bbox 3756 2781 4105 2839; x_wconf 98" lang="ita" dir="ltr" xml:lang="ita">succession</span>
            <span class="ocrx_word" id="word_1_135" title="bbox 4158 2782 4233 2839; x_wconf 99" lang="ita" dir="ltr" xml:lang="ita">de</span>
            <span class="ocrx_word" id="word_1_136" title="bbox 4286 2783 4374 2839; x_wconf 93" lang="ita" dir="ltr" xml:lang="ita">M.</span>
            <span class="ocrx_word" id="word_1_137" title="bbox 4432 2782 4487 2839; x_wconf 99" lang="ita" dir="ltr" xml:lang="ita">le</span>
          </span>
          <span class="ocr_line" id="line_1_16" title="bbox 697 2876 1643 2951; baseline 0 -17">
            <span class="ocrx_word" id="word_1_138" title="bbox 697 2877 1078 2951; x_wconf 75" lang="ita" dir="ltr" xml:lang="ita">basgràveur,</span>
            <span class="ocrx_word" id="word_1_139" title="bbox 1105 2876 1268 2934; x_wconf 91" lang="ita" dir="ltr" xml:lang="ita">Paris</span>
            <span class="ocrx_word" id="word_1_140" title="bbox 1301 2877 1475 2944; x_wconf 97" lang="ita" xml:lang="ita">1783,</span>
            <span class="ocrx_word" id="word_1_141" title="bbox 1502 2876 1564 2933; x_wconf 98" lang="ita" dir="ltr" xml:lang="ita">in</span>
            <span class="ocrx_word" id="word_1_142" title="bbox 1591 2877 1643 2934; x_wconf 99" lang="ita" xml:lang="ita">8.</span>
          </span>
          <span class="ocr_line" id="line_1_17" title="bbox 697 2972 2567 3047; baseline 0 -17">
            <span class="ocrx_word" id="word_1_143" title="bbox 697 3008 780 3012; x_wconf 98" lang="ita" xml:lang="ita">
              <strong>—</strong>
            </span>
            <span class="ocrx_word" id="word_1_144" title="bbox 802 2973 1069 3030; x_wconf 87" lang="ita" dir="ltr" xml:lang="ita">Précedu</span>
            <span class="ocrx_word" id="word_1_145" title="bbox 1093 2973 1168 3030; x_wconf 99" lang="ita" dir="ltr" xml:lang="ita">de</span>
            <span class="ocrx_word" id="word_1_146" title="bbox 1193 2973 1419 3047; x_wconf 87" lang="ita" dir="ltr" xml:lang="ita">l’éloge</span>
            <span class="ocrx_word" id="word_1_147" title="bbox 1443 2972 1773 3047; x_wconf 89" lang="ita" dir="ltr" xml:lang="ita">historique</span>
            <span class="ocrx_word" id="word_1_148" title="bbox 1798 2973 1873 3030; x_wconf 99" lang="ita" dir="ltr" xml:lang="ita">de</span>
            <span class="ocrx_word" id="word_1_149" title="bbox 1898 2981 1993 3030; x_wconf 99" lang="ita" dir="ltr" xml:lang="ita">cet</span>
            <span class="ocrx_word" id="word_1_150" title="bbox 2016 2973 2283 3047; x_wconf 75" lang="ita" dir="ltr" xml:lang="ita">gràveur.</span>
            <span class="ocrx_word" id="word_1_151" title="bbox 2317 2974 2395 3047; x_wconf 90" lang="ita" dir="ltr" xml:lang="ita">[p.</span>
            <span class="ocrx_word" id="word_1_152" title="bbox 2426 2973 2567 3042; x_wconf 91" lang="ita" xml:lang="ita">301]</span>
          </span>
          <span class="ocr_line" id="line_1_18" title="bbox 700 3068 3482 3143; baseline 0 -17">
            <span class="ocrx_word" id="word_1_153" title="bbox 700 3069 797 3126; x_wconf 92" lang="ita" dir="ltr" xml:lang="ita">On</span>
            <span class="ocrx_word" id="word_1_154" title="bbox 821 3088 859 3143; x_wconf 86" lang="ita" dir="ltr" xml:lang="ita">y</span>
            <span class="ocrx_word" id="word_1_155" title="bbox 882 3077 1092 3126; x_wconf 85" lang="ita" dir="ltr" xml:lang="ita">trouve</span>
            <span class="ocrx_word" id="word_1_156" title="bbox 1118 3069 1233 3126; x_wconf 83" lang="ita" dir="ltr" xml:lang="ita">ala</span>
            <span class="ocrx_word" id="word_1_157" title="bbox 1256 3068 1345 3125; x_wconf 84" lang="ita" dir="ltr" xml:lang="ita">fin</span>
            <span class="ocrx_word" id="word_1_158" title="bbox 1369 3069 1427 3126; x_wconf 98" lang="ita" dir="ltr" xml:lang="ita">la</span>
            <span class="ocrx_word" id="word_1_159" title="bbox 1450 3068 1585 3126; x_wconf 98" lang="ita" dir="ltr" xml:lang="ita">liste</span>
            <span class="ocrx_word" id="word_1_160" title="bbox 1610 3069 1716 3126; x_wconf 98" lang="ita" dir="ltr" xml:lang="ita">des</span>
            <span class="ocrx_word" id="word_1_161" title="bbox 1743 3069 2089 3143; x_wconf 88" lang="ita" dir="ltr" xml:lang="ita">catalogues</span>
            <span class="ocrx_word" id="word_1_162" title="bbox 2115 3068 2258 3126; x_wconf 84" lang="ita" dir="ltr" xml:lang="ita">faite</span>
            <span class="ocrx_word" id="word_1_163" title="bbox 2281 3087 2388 3143; x_wconf 97" lang="ita" dir="ltr" xml:lang="ita">par</span>
            <span class="ocrx_word" id="word_1_164" title="bbox 2410 3070 2470 3126; x_wconf 91" lang="ita" dir="ltr" xml:lang="ita">F.</span>
            <span class="ocrx_word" id="word_1_165" title="bbox 2499 3069 2567 3126; x_wconf 99" lang="ita" dir="ltr" xml:lang="ita">C.</span>
            <span class="ocrx_word" id="word_1_166" title="bbox 2595 3068 2857 3126; x_wconf 84" lang="ita" dir="ltr" xml:lang="ita">Joullain</span>
            <span class="ocrx_word" id="word_1_167" title="bbox 2883 3069 3029 3136; x_wconf 99" lang="ita" dir="ltr" xml:lang="ita">seul,</span>
            <span class="ocrx_word" id="word_1_168" title="bbox 3057 3077 3115 3126; x_wconf 99" lang="ita" dir="ltr" xml:lang="ita">et</span>
            <span class="ocrx_word" id="word_1_169" title="bbox 3138 3087 3213 3126; x_wconf 99" lang="ita" dir="ltr" xml:lang="ita">en</span>
            <span class="ocrx_word" id="word_1_170" title="bbox 3240 3068 3482 3126; x_wconf 87" lang="ita" dir="ltr" xml:lang="ita">société.</span>
          </span>
        </p>
      </div>
      <div class="ocr_carea" id="block_1_11" title="bbox 473 3260 3653 3430">
        <p class="ocr_par" dir="ltr" id="par_1_11" title="bbox 473 3260 3653 3430">
          <span class="ocr_line" id="line_1_19" title="bbox 473 3260 3653 3335; baseline 0 -17">
            <span class="ocrx_word" id="word_1_171" title="bbox 473 3260 655 3318; x_wconf 88" lang="ita" xml:lang="ita">4502.</span>
            <span class="ocrx_word" id="word_1_172" title="bbox 682 3262 975 3328; x_wconf 89" lang="ita" dir="ltr" xml:lang="ita">PAILLET,</span>
            <span class="ocrx_word" id="word_1_173" title="bbox 1002 3260 1267 3328; x_wconf 84" lang="ita" dir="ltr" xml:lang="ita">Joulliot,</span>
            <span class="ocrx_word" id="word_1_174" title="bbox 1295 3269 1353 3318; x_wconf 99" lang="ita" dir="ltr" xml:lang="ita">et</span>
            <span class="ocrx_word" id="word_1_175" title="bbox 1375 3260 1695 3328; x_wconf 85" lang="ita" dir="ltr" xml:lang="ita">Dufresne,</span>
            <span class="ocrx_word" id="word_1_176" title="bbox 1723 3261 2056 3335; x_wconf 98" lang="ita" dir="ltr" xml:lang="ita">Catalogue</span>
            <span class="ocrx_word" id="word_1_177" title="bbox 2081 3261 2161 3318; x_wconf 98" lang="ita" dir="ltr" xml:lang="ita">du</span>
            <span class="ocrx_word" id="word_1_178" title="bbox 2186 3260 2442 3318; x_wconf 98" lang="ita" dir="ltr" xml:lang="ita">Cabinet</span>
            <span class="ocrx_word" id="word_1_179" title="bbox 2466 3261 2541 3318; x_wconf 99" lang="ita" dir="ltr" xml:lang="ita">de</span>
            <span class="ocrx_word" id="word_1_180" title="bbox 2565 3262 2653 3318; x_wconf 99" lang="ita" dir="ltr" xml:lang="ita">M.</span>
            <span class="ocrx_word" id="word_1_181" title="bbox 2682 3260 3088 3328; x_wconf 84" lang="ita" dir="ltr" xml:lang="ita">d’Arincourt,</span>
            <span class="ocrx_word" id="word_1_182" title="bbox 3115 3260 3278 3318; x_wconf 91" lang="ita" dir="ltr" xml:lang="ita">Paris</span>
            <span class="ocrx_word" id="word_1_183" title="bbox 3311 3261 3485 3328; x_wconf 97" lang="ita" xml:lang="ita">1783,</span>
            <span class="ocrx_word" id="word_1_184" title="bbox 3512 3260 3574 3317; x_wconf 98" lang="ita" dir="ltr" xml:lang="ita">in</span>
            <span class="ocrx_word" id="word_1_185" title="bbox 3601 3261 3653 3318; x_wconf 99" lang="ita" xml:lang="ita">8.</span>
          </span>
          <span class="ocr_line" id="line_1_20" title="bbox 699 3355 2178 3430; baseline 0 -17">
            <span class="ocrx_word" id="word_1_186" title="bbox 699 3356 877 3413; x_wconf 97" lang="ita" dir="ltr" xml:lang="ita">Colla</span>
            <span class="ocrx_word" id="word_1_187" title="bbox 900 3355 1143 3413; x_wconf 97" lang="ita" dir="ltr" xml:lang="ita">vendita</span>
            <span class="ocrx_word" id="word_1_188" title="bbox 1166 3355 1328 3430; x_wconf 98" lang="ita" dir="ltr" xml:lang="ita">degli</span>
            <span class="ocrx_word" id="word_1_189" title="bbox 1353 3355 1580 3430; x_wconf 98" lang="ita" dir="ltr" xml:lang="ita">oggetti</span>
            <span class="ocrx_word" id="word_1_190" title="bbox 1605 3355 1666 3413; x_wconf 99" lang="ita" dir="ltr" xml:lang="ita">di</span>
            <span class="ocrx_word" id="word_1_191" title="bbox 1694 3355 1875 3413; x_wconf 98" lang="ita" dir="ltr" xml:lang="ita">storia</span>
            <span class="ocrx_word" id="word_1_192" title="bbox 1897 3356 2178 3413; x_wconf 97" lang="ita" dir="ltr" xml:lang="ita">naturale.</span>
          </span>
        </p>
      </div>
      <div class="ocr_carea" id="block_1_12" title="bbox 473 3547 4486 3711">
        <p class="ocr_par" dir="ltr" id="par_1_12" title="bbox 473 3547 4486 3711">
          <span class="ocr_line" id="line_1_21" title="bbox 473 3547 4486 3622; baseline 0 -17">
            <span class="ocrx_word" id="word_1_193" title="bbox 473 3547 655 3605; x_wconf 99" lang="ita" xml:lang="ita">4503.</span>
            <span class="ocrx_word" id="word_1_194" title="bbox 683 3549 976 3615; x_wconf 89" lang="ita" dir="ltr" xml:lang="ita">PAILLET,</span>
            <span class="ocrx_word" id="word_1_195" title="bbox 1005 3548 1338 3622; x_wconf 98" lang="ita" dir="ltr" xml:lang="ita">Catalogue</span>
            <span class="ocrx_word" id="word_1_196" title="bbox 1362 3547 1642 3605; x_wconf 87" lang="ita" dir="ltr" xml:lang="ita">raisonné</span>
            <span class="ocrx_word" id="word_1_197" title="bbox 1668 3548 1774 3605; x_wconf 98" lang="ita" dir="ltr" xml:lang="ita">des</span>
            <span class="ocrx_word" id="word_1_198" title="bbox 1800 3548 2097 3615; x_wconf 97" lang="ita" dir="ltr" xml:lang="ita">tableaux,</span>
            <span class="ocrx_word" id="word_1_199" title="bbox 2126 3547 2417 3615; x_wconf 98" lang="ita" dir="ltr" xml:lang="ita">desseins,</span>
            <span class="ocrx_word" id="word_1_200" title="bbox 2446 3547 2548 3622; x_wconf 99" lang="ita" dir="ltr" xml:lang="ita">qui</span>
            <span class="ocrx_word" id="word_1_201" title="bbox 2574 3547 2956 3622; x_wconf 88" lang="ita" dir="ltr" xml:lang="ita">composaint</span>
            <span class="ocrx_word" id="word_1_202" title="bbox 2980 3548 3038 3605; x_wconf 98" lang="ita" dir="ltr" xml:lang="ita">la</span>
            <span class="ocrx_word" id="word_1_203" title="bbox 3063 3547 3303 3605; x_wconf 87" lang="ita" dir="ltr" xml:lang="ita">Galerie</span>
            <span class="ocrx_word" id="word_1_204" title="bbox 3329 3548 3409 3605; x_wconf 98" lang="ita" dir="ltr" xml:lang="ita">du</span>
            <span class="ocrx_word" id="word_1_205" title="bbox 3434 3548 3693 3622; x_wconf 88" lang="ita" dir="ltr" xml:lang="ita">Compte</span>
            <span class="ocrx_word" id="word_1_206" title="bbox 3721 3547 3997 3605; x_wconf 89" lang="ita" dir="ltr" xml:lang="ita">Soderini</span>
            <span class="ocrx_word" id="word_1_207" title="bbox 4024 3548 4058 3605; x_wconf 84" lang="ita" dir="ltr" xml:lang="ita">a</span>
            <span class="ocrx_word" id="word_1_208" title="bbox 4081 3549 4295 3615; x_wconf 88" lang="ita" dir="ltr" xml:lang="ita">Rome,</span>
            <span class="ocrx_word" id="word_1_209" title="bbox 4323 3547 4486 3605; x_wconf 91" lang="ita" dir="ltr" xml:lang="ita">Paris</span>
          </span>
          <span class="ocr_line" id="line_1_22" title="bbox 706 3643 1048 3711; baseline 0.003 -11">
            <span class="ocrx_word" id="word_1_210" title="bbox 706 3644 881 3711; x_wconf 96" lang="ita" xml:lang="ita">1783,</span>
            <span class="ocrx_word" id="word_1_211" title="bbox 907 3643 969 3700; x_wconf 97" lang="ita" dir="ltr" xml:lang="ita">in</span>
            <span class="ocrx_word" id="word_1_212" title="bbox 996 3644 1048 3701; x_wconf 99" lang="ita" xml:lang="ita">8.</span>
          </span>
        </p>
      </div>
      <div class="ocr_carea" id="block_1_13" title="bbox 473 3835 3609 3910">
        <p class="ocr_par" dir="ltr" id="par_1_13" title="bbox 473 3835 3609 3910">
          <span class="ocr_line" id="line_1_23" title="bbox 473 3835 3609 3910; baseline 0 -17">
            <span class="ocrx_word" id="word_1_213" title="bbox 473 3835 655 3893; x_wconf 99" lang="ita" xml:lang="ita">4504.</span>
            <span class="ocrx_word" id="word_1_214" title="bbox 682 3837 901 3903; x_wconf 92" lang="ita" dir="ltr" xml:lang="ita">REMY,</span>
            <span class="ocrx_word" id="word_1_215" title="bbox 929 3836 1261 3910; x_wconf 98" lang="ita" dir="ltr" xml:lang="ita">Catalogue</span>
            <span class="ocrx_word" id="word_1_216" title="bbox 1286 3836 1392 3893; x_wconf 98" lang="ita" dir="ltr" xml:lang="ita">des</span>
            <span class="ocrx_word" id="word_1_217" title="bbox 1417 3836 1697 3893; x_wconf 97" lang="ita" dir="ltr" xml:lang="ita">tableaux</span>
            <span class="ocrx_word" id="word_1_218" title="bbox 1721 3836 1796 3893; x_wconf 99" lang="ita" dir="ltr" xml:lang="ita">de</span>
            <span class="ocrx_word" id="word_1_219" title="bbox 1820 3837 1908 3893; x_wconf 99" lang="ita" dir="ltr" xml:lang="ita">M.</span>
            <span class="ocrx_word" id="word_1_220" title="bbox 1936 3836 2154 3893; x_wconf 91" lang="ita" dir="ltr" xml:lang="ita">Vassal</span>
            <span class="ocrx_word" id="word_1_221" title="bbox 2179 3836 2254 3893; x_wconf 99" lang="ita" dir="ltr" xml:lang="ita">de</span>
            <span class="ocrx_word" id="word_1_222" title="bbox 2281 3835 2683 3903; x_wconf 90" lang="ita" dir="ltr" xml:lang="ita">Saint-Ubert,</span>
            <span class="ocrx_word" id="word_1_223" title="bbox 2710 3835 2873 3893; x_wconf 91" lang="ita" dir="ltr" xml:lang="ita">Paris</span>
            <span class="ocrx_word" id="word_1_224" title="bbox 2906 3836 3079 3903; x_wconf 96" lang="ita" xml:lang="ita">1783,</span>
            <span class="ocrx_word" id="word_1_225" title="bbox 3106 3835 3168 3892; x_wconf 98" lang="ita" dir="ltr" xml:lang="ita">in</span>
            <span class="ocrx_word" id="word_1_226" title="bbox 3195 3836 3248 3903; x_wconf 96" lang="ita" xml:lang="ita">8,</span>
            <span class="ocrx_word" id="word_1_227" title="bbox 3276 3838 3375 3893; x_wconf 83" lang="ita" dir="ltr" xml:lang="ita">coi</span>
            <span class="ocrx_word" id="word_1_228" title="bbox 3391 3838 3609 3909; x_wconf 77" lang="ita" dir="ltr" xml:lang="ita">prezzi.</span>
          </span>
        </p>
      </div>
      <div class="ocr_carea" id="block_1_14" title="bbox 473 4027 3939 4197">
        <p class="ocr_par" dir="ltr" id="par_1_14" title="bbox 473 4027 3939 4197">
          <span class="ocr_line" id="line_1_24" title="bbox 2199 4027 2760 4084; baseline 0 -1">
            <span class="ocrx_word" id="word_1_229" title="bbox 2199 4027 2760 4084; x_wconf 89" lang="ita" dir="ltr" xml:lang="ita">MDCCLXXXIV</span>
          </span>
          <span class="ocr_line" id="line_1_25" title="bbox 473 4122 3939 4197; baseline 0 -17">
            <span class="ocrx_word" id="word_1_230" title="bbox 473 4122 655 4180; x_wconf 99" lang="ita" xml:lang="ita">4505.</span>
            <span class="ocrx_word" id="word_1_231" title="bbox 682 4124 932 4190; x_wconf 91" lang="ita" dir="ltr" xml:lang="ita">BASAN,</span>
            <span class="ocrx_word" id="word_1_232" title="bbox 961 4123 1294 4197; x_wconf 98" lang="ita" dir="ltr" xml:lang="ita">Catalogue</span>
            <span class="ocrx_word" id="word_1_233" title="bbox 1319 4123 1425 4180; x_wconf 98" lang="ita" dir="ltr" xml:lang="ita">des</span>
            <span class="ocrx_word" id="word_1_234" title="bbox 1450 4123 1747 4190; x_wconf 97" lang="ita" dir="ltr" xml:lang="ita">tableaux,</span>
            <span class="ocrx_word" id="word_1_235" title="bbox 1775 4122 2048 4180; x_wconf 99" lang="ita" dir="ltr" xml:lang="ita">desseins</span>
            <span class="ocrx_word" id="word_1_236" title="bbox 2074 4131 2184 4180; x_wconf 99" lang="ita" dir="ltr" xml:lang="ita">etc.</span>
            <span class="ocrx_word" id="word_1_237" title="bbox 2213 4123 2293 4180; x_wconf 98" lang="ita" dir="ltr" xml:lang="ita">du</span>
            <span class="ocrx_word" id="word_1_238" title="bbox 2317 4122 2574 4180; x_wconf 97" lang="ita" dir="ltr" xml:lang="ita">Cabinet</span>
            <span class="ocrx_word" id="word_1_239" title="bbox 2597 4123 2672 4180; x_wconf 99" lang="ita" dir="ltr" xml:lang="ita">de</span>
            <span class="ocrx_word" id="word_1_240" title="bbox 2696 4124 2784 4180; x_wconf 99" lang="ita" dir="ltr" xml:lang="ita">M.</span>
            <span class="ocrx_word" id="word_1_241" title="bbox 2811 4122 3012 4190; x_wconf 89" lang="ita" dir="ltr" xml:lang="ita">Wille,</span>
            <span class="ocrx_word" id="word_1_242" title="bbox 3039 4122 3202 4180; x_wconf 91" lang="ita" dir="ltr" xml:lang="ita">Paris</span>
            <span class="ocrx_word" id="word_1_243" title="bbox 3235 4123 3409 4190; x_wconf 96" lang="ita" xml:lang="ita">1784,</span>
            <span class="ocrx_word" id="word_1_244" title="bbox 3436 4122 3497 4179; x_wconf 98" lang="ita" dir="ltr" xml:lang="ita">in</span>
            <span class="ocrx_word" id="word_1_245" title="bbox 3524 4123 3577 4190; x_wconf 96" lang="ita" xml:lang="ita">8,</span>
            <span class="ocrx_word" id="word_1_246" title="bbox 3605 4125 3704 4180; x_wconf 83" lang="ita" dir="ltr" xml:lang="ita">coi</span>
            <span class="ocrx_word" id="word_1_247" title="bbox 3720 4125 3939 4196; x_wconf 77" lang="ita" dir="ltr" xml:lang="ita">prezzi.</span>
          </span>
        </p>
      </div>
      <div class="ocr_carea" id="block_1_15" title="bbox 473 4314 4488 4478">
        <p class="ocr_par" dir="ltr" id="par_1_15" title="bbox 473 4314 4488 4478">
          <span class="ocr_line" id="line_1_26" title="bbox 473 4314 4488 4389; baseline 0 -17">
            <span class="ocrx_word" id="word_1_248" title="bbox 473 4314 655 4372; x_wconf 91" lang="ita" xml:lang="ita">4506.</span>
            <span class="ocrx_word" id="word_1_249" title="bbox 686 4316 770 4372; x_wconf 97" lang="ita" dir="ltr" xml:lang="ita">Le</span>
            <span class="ocrx_word" id="word_1_250" title="bbox 797 4316 1009 4382; x_wconf 91" lang="ita" dir="ltr" xml:lang="ita">BRUN,</span>
            <span class="ocrx_word" id="word_1_251" title="bbox 1040 4315 1372 4389; x_wconf 98" lang="ita" dir="ltr" xml:lang="ita">Catalogue</span>
            <span class="ocrx_word" id="word_1_252" title="bbox 1400 4315 1586 4372; x_wconf 92" lang="ita" dir="ltr" xml:lang="ita">d’une</span>
            <span class="ocrx_word" id="word_1_253" title="bbox 1613 4315 1773 4372; x_wconf 99" lang="ita" dir="ltr" xml:lang="ita">belle</span>
            <span class="ocrx_word" id="word_1_254" title="bbox 1801 4314 2126 4372; x_wconf 87" lang="ita" dir="ltr" xml:lang="ita">collection</span>
            <span class="ocrx_word" id="word_1_255" title="bbox 2154 4315 2229 4372; x_wconf 99" lang="ita" dir="ltr" xml:lang="ita">de</span>
            <span class="ocrx_word" id="word_1_256" title="bbox 2256 4315 2552 4382; x_wconf 97" lang="ita" dir="ltr" xml:lang="ita">tableaux,</span>
            <span class="ocrx_word" id="word_1_257" title="bbox 2583 4314 2875 4382; x_wconf 96" lang="ita" dir="ltr" xml:lang="ita">desseins,</span>
            <span class="ocrx_word" id="word_1_258" title="bbox 2906 4315 3189 4382; x_wconf 87" lang="ita" dir="ltr" xml:lang="ita">marbres,</span>
            <span class="ocrx_word" id="word_1_259" title="bbox 3218 4315 3494 4382; x_wconf 98" lang="ita" dir="ltr" xml:lang="ita">bronzes,</span>
            <span class="ocrx_word" id="word_1_260" title="bbox 3525 4323 3635 4372; x_wconf 99" lang="ita" dir="ltr" xml:lang="ita">etc.</span>
            <span class="ocrx_word" id="word_1_261" title="bbox 3667 4315 3747 4372; x_wconf 98" lang="ita" dir="ltr" xml:lang="ita">du</span>
            <span class="ocrx_word" id="word_1_262" title="bbox 3775 4314 4032 4372; x_wconf 97" lang="ita" dir="ltr" xml:lang="ita">Cabinet</span>
            <span class="ocrx_word" id="word_1_263" title="bbox 4058 4315 4138 4372; x_wconf 98" lang="ita" dir="ltr" xml:lang="ita">du</span>
            <span class="ocrx_word" id="word_1_264" title="bbox 4166 4315 4384 4372; x_wconf 88" lang="ita" dir="ltr" xml:lang="ita">Comte</span>
            <span class="ocrx_word" id="word_1_265" title="bbox 4412 4315 4488 4372; x_wconf 99" lang="ita" dir="ltr" xml:lang="ita">de</span>
          </span>
          <span class="ocr_line" id="line_1_27" title="bbox 698 4410 1518 4478; baseline -0.001 -10">
            <span class="ocrx_word" id="word_1_266" title="bbox 698 4410 953 4478; x_wconf 92" lang="ita" dir="ltr" xml:lang="ita">Dubois,</span>
            <span class="ocrx_word" id="word_1_267" title="bbox 980 4410 1143 4468; x_wconf 91" lang="ita" dir="ltr" xml:lang="ita">Paris</span>
            <span class="ocrx_word" id="word_1_268" title="bbox 1176 4411 1350 4478; x_wconf 97" lang="ita" xml:lang="ita">1784,</span>
            <span class="ocrx_word" id="word_1_269" title="bbox 1377 4410 1439 4467; x_wconf 98" lang="ita" dir="ltr" xml:lang="ita">in</span>
            <span class="ocrx_word" id="word_1_270" title="bbox 1466 4411 1518 4468; x_wconf 99" lang="ita" xml:lang="ita">8.</span>
          </span>
        </p>
      </div>
      <div class="ocr_carea" id="block_1_16" title="bbox 473 4601 4487 4765">
        <p class="ocr_par" dir="ltr" id="par_1_16" title="bbox 473 4601 4487 4765">
          <span class="ocr_line" id="line_1_28" title="bbox 473 4601 4487 4676; baseline 0 -17">
            <span class="ocrx_word" id="word_1_271" title="bbox 473 4601 655 4659; x_wconf 97" lang="ita" xml:lang="ita">4507.</span>
            <span class="ocrx_word" id="word_1_272" title="bbox 682 4603 959 4658; x_wconf 90" lang="ita" dir="ltr" xml:lang="ita">PAILLET</span>
            <span class="ocrx_word" id="word_1_273" title="bbox 983 4610 1041 4659; x_wconf 99" lang="ita" dir="ltr" xml:lang="ita">et</span>
            <span class="ocrx_word" id="word_1_274" title="bbox 1063 4601 1287 4669; x_wconf 84" lang="ita" dir="ltr" xml:lang="ita">Julliot,</span>
            <span class="ocrx_word" id="word_1_275" title="bbox 1315 4602 1649 4676; x_wconf 98" lang="ita" dir="ltr" xml:lang="ita">Catalogue</span>
            <span class="ocrx_word" id="word_1_276" title="bbox 1674 4602 1780 4659; x_wconf 98" lang="ita" dir="ltr" xml:lang="ita">des</span>
            <span class="ocrx_word" id="word_1_277" title="bbox 1806 4602 2103 4669; x_wconf 97" lang="ita" dir="ltr" xml:lang="ita">tableaux,</span>
            <span class="ocrx_word" id="word_1_278" title="bbox 2132 4620 2326 4669; x_wconf 97" lang="ita" dir="ltr" xml:lang="ita">vases,</span>
            <span class="ocrx_word" id="word_1_279" title="bbox 2355 4601 2581 4676; x_wconf 84" lang="ita" dir="ltr" xml:lang="ita">figures</span>
            <span class="ocrx_word" id="word_1_280" title="bbox 2607 4602 2682 4659; x_wconf 99" lang="ita" dir="ltr" xml:lang="ita">de</span>
            <span class="ocrx_word" id="word_1_281" title="bbox 2707 4602 2957 4669; x_wconf 87" lang="ita" dir="ltr" xml:lang="ita">marbre,</span>
            <span class="ocrx_word" id="word_1_282" title="bbox 2983 4602 3258 4669; x_wconf 98" lang="ita" dir="ltr" xml:lang="ita">bronzes,</span>
            <span class="ocrx_word" id="word_1_283" title="bbox 3286 4610 3396 4659; x_wconf 99" lang="ita" dir="ltr" xml:lang="ita">etc.</span>
            <span class="ocrx_word" id="word_1_284" title="bbox 3425 4602 3596 4659; x_wconf 85" lang="ita" dir="ltr" xml:lang="ita">Avec</span>
            <span class="ocrx_word" id="word_1_285" title="bbox 3622 4620 3702 4659; x_wconf 99" lang="ita" dir="ltr" xml:lang="ita">un</span>
            <span class="ocrx_word" id="word_1_286" title="bbox 3729 4602 4109 4676; x_wconf 88" lang="ita" dir="ltr" xml:lang="ita">supplement</span>
            <span class="ocrx_word" id="word_1_287" title="bbox 4133 4602 4167 4659; x_wconf 84" lang="ita" dir="ltr" xml:lang="ita">a</span>
            <span class="ocrx_word" id="word_1_288" title="bbox 4191 4602 4249 4659; x_wconf 98" lang="ita" dir="ltr" xml:lang="ita">la</span>
            <span class="ocrx_word" id="word_1_289" title="bbox 4273 4601 4379 4669; x_wconf 84" lang="ita" dir="ltr" xml:lang="ita">fin,</span>
            <span class="ocrx_word" id="word_1_290" title="bbox 4407 4602 4487 4659; x_wconf 98" lang="ita" dir="ltr" xml:lang="ita">du</span>
          </span>
          <span class="ocr_line" id="line_1_29" title="bbox 699 4697 2204 4765; baseline -0.001 -10">
            <span class="ocrx_word" id="word_1_291" title="bbox 699 4697 955 4755; x_wconf 98" lang="ita" dir="ltr" xml:lang="ita">Cabinet</span>
            <span class="ocrx_word" id="word_1_292" title="bbox 978 4698 1058 4755; x_wconf 98" lang="ita" dir="ltr" xml:lang="ita">du</span>
            <span class="ocrx_word" id="word_1_293" title="bbox 1083 4698 1300 4755; x_wconf 88" lang="ita" dir="ltr" xml:lang="ita">Comte</span>
            <span class="ocrx_word" id="word_1_294" title="bbox 1325 4698 1400 4755; x_wconf 99" lang="ita" dir="ltr" xml:lang="ita">de</span>
            <span class="ocrx_word" id="word_1_295" title="bbox 1424 4698 1638 4765; x_wconf 96" lang="ita" dir="ltr" xml:lang="ita">Merle,</span>
            <span class="ocrx_word" id="word_1_296" title="bbox 1665 4697 1828 4755; x_wconf 91" lang="ita" dir="ltr" xml:lang="ita">Paris</span>
            <span class="ocrx_word" id="word_1_297" title="bbox 1861 4698 2036 4765; x_wconf 98" lang="ita" xml:lang="ita">1784,</span>
            <span class="ocrx_word" id="word_1_298" title="bbox 2063 4697 2125 4754; x_wconf 98" lang="ita" dir="ltr" xml:lang="ita">in</span>
            <span class="ocrx_word" id="word_1_299" title="bbox 2152 4698 2204 4755; x_wconf 99" lang="ita" xml:lang="ita">8.</span>
          </span>
        </p>
      </div>
      <div class="ocr_carea" id="block_1_17" title="bbox 473 4889 4485 5059">
        <p class="ocr_par" dir="ltr" id="par_1_17" title="bbox 473 4889 4485 5059">
          <span class="ocr_line" id="line_1_30" title="bbox 473 4889 4485 4964; baseline 0 -17">
            <span class="ocrx_word" id="word_1_300" title="bbox 473 4889 655 4947; x_wconf 99" lang="ita" xml:lang="ita">4508.</span>
            <span class="ocrx_word" id="word_1_301" title="bbox 682 4891 960 4946; x_wconf 90" lang="ita" dir="ltr" xml:lang="ita">PAILLET</span>
            <span class="ocrx_word" id="word_1_302" title="bbox 984 4898 1042 4947; x_wconf 99" lang="ita" dir="ltr" xml:lang="ita">et</span>
            <span class="ocrx_word" id="word_1_303" title="bbox 1065 4889 1288 4957; x_wconf 84" lang="ita" dir="ltr" xml:lang="ita">Julliot,</span>
            <span class="ocrx_word" id="word_1_304" title="bbox 1317 4890 1650 4964; x_wconf 98" lang="ita" dir="ltr" xml:lang="ita">Catalogue</span>
            <span class="ocrx_word" id="word_1_305" title="bbox 1676 4890 1782 4947; x_wconf 98" lang="ita" dir="ltr" xml:lang="ita">des</span>
            <span class="ocrx_word" id="word_1_306" title="bbox 1808 4890 2104 4957; x_wconf 97" lang="ita" dir="ltr" xml:lang="ita">tableaux,</span>
            <span class="ocrx_word" id="word_1_307" title="bbox 2131 4890 2406 4957; x_wconf 98" lang="ita" dir="ltr" xml:lang="ita">bronzes,</span>
            <span class="ocrx_word" id="word_1_308" title="bbox 2435 4908 2629 4957; x_wconf 97" lang="ita" dir="ltr" xml:lang="ita">vases,</span>
            <span class="ocrx_word" id="word_1_309" title="bbox 2658 4898 2768 4947; x_wconf 99" lang="ita" dir="ltr" xml:lang="ita">etc.</span>
            <span class="ocrx_word" id="word_1_310" title="bbox 2798 4890 2878 4947; x_wconf 98" lang="ita" dir="ltr" xml:lang="ita">du</span>
            <span class="ocrx_word" id="word_1_311" title="bbox 2903 4889 3159 4947; x_wconf 98" lang="ita" dir="ltr" xml:lang="ita">Cabinet</span>
            <span class="ocrx_word" id="word_1_312" title="bbox 3183 4890 3258 4947; x_wconf 99" lang="ita" dir="ltr" xml:lang="ita">de</span>
            <span class="ocrx_word" id="word_1_313" title="bbox 3283 4891 3371 4947; x_wconf 99" lang="ita" dir="ltr" xml:lang="ita">M.</span>
            <span class="ocrx_word" id="word_1_314" title="bbox 3401 4890 3476 4947; x_wconf 99" lang="ita" dir="ltr" xml:lang="ita">de</span>
            <span class="ocrx_word" id="word_1_315" title="bbox 3499 4889 3916 4957; x_wconf 99" lang="ita" dir="ltr" xml:lang="ita">Montriblont,</span>
            <span class="ocrx_word" id="word_1_316" title="bbox 3944 4889 4107 4947; x_wconf 91" lang="ita" dir="ltr" xml:lang="ita">Paris</span>
            <span class="ocrx_word" id="word_1_317" title="bbox 4141 4890 4315 4957; x_wconf 97" lang="ita" xml:lang="ita">1784,</span>
            <span class="ocrx_word" id="word_1_318" title="bbox 4343 4889 4405 4946; x_wconf 98" lang="ita" dir="ltr" xml:lang="ita">in</span>
            <span class="ocrx_word" id="word_1_319" title="bbox 4433 4890 4485 4957; x_wconf 96" lang="ita" xml:lang="ita">8,</span>
          </span>
          <span class="ocr_line" id="line_1_31" title="bbox 699 4988 1033 5059; baseline 0 -16">
            <span class="ocrx_word" id="word_1_320" title="bbox 699 4988 798 5043; x_wconf 84" lang="ita" dir="ltr" xml:lang="ita">coi</span>
            <span class="ocrx_word" id="word_1_321" title="bbox 814 4988 1033 5059; x_wconf 78" lang="ita" dir="ltr" xml:lang="ita">prezzi.</span>
          </span>
        </p>
      </div>
      <div class="ocr_carea" id="block_1_18" title="bbox 473 5176 4488 5539">
        <p class="ocr_par" dir="ltr" id="par_1_18" title="bbox 473 5176 4488 5539">
          <span class="ocr_line" id="line_1_32" title="bbox 473 5176 4069 5251; baseline 0 -18">
            <span class="ocrx_word" id="word_1_322" title="bbox 473 5176 655 5235; x_wconf 99" lang="ita" xml:lang="ita">4509.</span>
            <span class="ocrx_word" id="word_1_323" title="bbox 682 5178 975 5244; x_wconf 89" lang="ita" dir="ltr" xml:lang="ita">PAILLET,</span>
            <span class="ocrx_word" id="word_1_324" title="bbox 1003 5177 1337 5251; x_wconf 98" lang="ita" dir="ltr" xml:lang="ita">Catalogue</span>
            <span class="ocrx_word" id="word_1_325" title="bbox 1362 5177 1468 5234; x_wconf 98" lang="ita" dir="ltr" xml:lang="ita">des</span>
            <span class="ocrx_word" id="word_1_326" title="bbox 1493 5177 1789 5244; x_wconf 97" lang="ita" dir="ltr" xml:lang="ita">tableaux,</span>
            <span class="ocrx_word" id="word_1_327" title="bbox 1817 5176 2109 5244; x_wconf 96" lang="ita" dir="ltr" xml:lang="ita">desseins,</span>
            <span class="ocrx_word" id="word_1_328" title="bbox 2137 5185 2456 5251; x_wconf 88" lang="ita" dir="ltr" xml:lang="ita">estampes,</span>
            <span class="ocrx_word" id="word_1_329" title="bbox 2485 5185 2595 5234; x_wconf 99" lang="ita" dir="ltr" xml:lang="ita">etc.</span>
            <span class="ocrx_word" id="word_1_330" title="bbox 2624 5177 2704 5234; x_wconf 98" lang="ita" dir="ltr" xml:lang="ita">du</span>
            <span class="ocrx_word" id="word_1_331" title="bbox 2728 5176 2984 5234; x_wconf 98" lang="ita" dir="ltr" xml:lang="ita">Cabinet</span>
            <span class="ocrx_word" id="word_1_332" title="bbox 3007 5177 3082 5234; x_wconf 99" lang="ita" dir="ltr" xml:lang="ita">de</span>
            <span class="ocrx_word" id="word_1_333" title="bbox 3106 5178 3194 5234; x_wconf 99" lang="ita" dir="ltr" xml:lang="ita">M.</span>
            <span class="ocrx_word" id="word_1_334" title="bbox 3223 5177 3298 5234; x_wconf 99" lang="ita" dir="ltr" xml:lang="ita">de</span>
            <span class="ocrx_word" id="word_1_335" title="bbox 3322 5176 3504 5251; x_wconf 88" lang="ita" dir="ltr" xml:lang="ita">Billy,</span>
            <span class="ocrx_word" id="word_1_336" title="bbox 3531 5176 3694 5234; x_wconf 91" lang="ita" dir="ltr" xml:lang="ita">Paris</span>
            <span class="ocrx_word" id="word_1_337" title="bbox 3727 5177 3901 5244; x_wconf 97" lang="ita" xml:lang="ita">1784,</span>
            <span class="ocrx_word" id="word_1_338" title="bbox 3928 5176 3990 5233; x_wconf 98" lang="ita" dir="ltr" xml:lang="ita">in</span>
            <span class="ocrx_word" id="word_1_339" title="bbox 4017 5177 4069 5234; x_wconf 99" lang="ita" xml:lang="ita">8.</span>
          </span>
          <span class="ocr_line" id="line_1_33" title="bbox 2213 5369 2746 5426; baseline 0 -1">
            <span class="ocrx_word" id="word_1_340" title="bbox 2213 5369 2746 5426; x_wconf 89" lang="ita" dir="ltr" xml:lang="ita">MDCCLXXXV</span>
          </span>
          <span class="ocr_line" id="line_1_34" title="bbox 473 5464 4488 5539; baseline 0 -17">
            <span class="ocrx_word" id="word_1_341" title="bbox 473 5464 655 5522; x_wconf 96" lang="ita" xml:lang="ita">4510.</span>
            <span class="ocrx_word" id="word_1_342" title="bbox 685 5466 769 5522; x_wconf 97" lang="ita" dir="ltr" xml:lang="ita">Le</span>
            <span class="ocrx_word" id="word_1_343" title="bbox 795 5466 1007 5532; x_wconf 92" lang="ita" dir="ltr" xml:lang="ita">BRUN,</span>
            <span class="ocrx_word" id="word_1_344" title="bbox 1037 5465 1370 5539; x_wconf 98" lang="ita" dir="ltr" xml:lang="ita">Catalogue</span>
            <span class="ocrx_word" id="word_1_345" title="bbox 1397 5465 1504 5522; x_wconf 98" lang="ita" dir="ltr" xml:lang="ita">des</span>
            <span class="ocrx_word" id="word_1_346" title="bbox 1531 5465 1811 5522; x_wconf 97" lang="ita" dir="ltr" xml:lang="ita">tableaux</span>
            <span class="ocrx_word" id="word_1_347" title="bbox 1837 5464 2092 5532; x_wconf 97" lang="ita" dir="ltr" xml:lang="ita">italiens,</span>
            <span class="ocrx_word" id="word_1_348" title="bbox 2123 5464 2442 5532; x_wconf 84" lang="ita" dir="ltr" xml:lang="ita">flamands,</span>
            <span class="ocrx_word" id="word_1_349" title="bbox 2472 5464 2810 5522; x_wconf 97" lang="ita" dir="ltr" xml:lang="ita">hollandais</span>
            <span class="ocrx_word" id="word_1_350" title="bbox 2838 5473 2896 5522; x_wconf 99" lang="ita" dir="ltr" xml:lang="ita">et</span>
            <span class="ocrx_word" id="word_1_351" title="bbox 2922 5464 3199 5539; x_wconf 76" lang="ita" dir="ltr" xml:lang="ita">francais,</span>
            <span class="ocrx_word" id="word_1_352" title="bbox 3230 5464 3522 5532; x_wconf 96" lang="ita" dir="ltr" xml:lang="ita">desseins,</span>
            <span class="ocrx_word" id="word_1_353" title="bbox 3552 5473 3871 5539; x_wconf 88" lang="ita" dir="ltr" xml:lang="ita">estampes,</span>
            <span class="ocrx_word" id="word_1_354" title="bbox 3900 5465 4175 5532; x_wconf 98" lang="ita" dir="ltr" xml:lang="ita">bronzes,</span>
            <span class="ocrx_word" id="word_1_355" title="bbox 4206 5483 4400 5532; x_wconf 97" lang="ita" dir="ltr" xml:lang="ita">vases,</span>
            <span class="ocrx_word" id="word_1_356" title="bbox 4430 5473 4488 5522; x_wconf 99" lang="ita" dir="ltr" xml:lang="ita">et</span>
          </span>
        </p>
      </div>
      <div class="ocr_carea" id="block_1_19" title="bbox 698 5559 2495 5634">
        <p class="ocr_par" dir="ltr" id="par_1_19" title="bbox 698 5559 2495 5634">
          <span class="ocr_line" id="line_1_35" title="bbox 698 5559 2495 5634; baseline 0 -17">
            <span class="ocrx_word" id="word_1_357" title="bbox 698 5560 971 5617; x_wconf 88" lang="ita" dir="ltr" xml:lang="ita">meubles</span>
            <span class="ocrx_word" id="word_1_358" title="bbox 997 5560 1077 5617; x_wconf 98" lang="ita" dir="ltr" xml:lang="ita">du</span>
            <span class="ocrx_word" id="word_1_359" title="bbox 1101 5559 1358 5617; x_wconf 97" lang="ita" dir="ltr" xml:lang="ita">Cabinet</span>
            <span class="ocrx_word" id="word_1_360" title="bbox 1381 5560 1456 5617; x_wconf 99" lang="ita" dir="ltr" xml:lang="ita">de</span>
            <span class="ocrx_word" id="word_1_361" title="bbox 1480 5561 1568 5617; x_wconf 99" lang="ita" dir="ltr" xml:lang="ita">M.</span>
            <span class="ocrx_word" id="word_1_362" title="bbox 1598 5559 1930 5634; x_wconf 85" lang="ita" dir="ltr" xml:lang="ita">Godefroy,</span>
            <span class="ocrx_word" id="word_1_363" title="bbox 1957 5559 2120 5617; x_wconf 91" lang="ita" dir="ltr" xml:lang="ita">Paris</span>
            <span class="ocrx_word" id="word_1_364" title="bbox 2153 5559 2327 5627; x_wconf 96" lang="ita" xml:lang="ita">1785,</span>
            <span class="ocrx_word" id="word_1_365" title="bbox 2354 5559 2416 5616; x_wconf 98" lang="ita" dir="ltr" xml:lang="ita">in</span>
            <span class="ocrx_word" id="word_1_366" title="bbox 2443 5560 2495 5617; x_wconf 99" lang="ita" xml:lang="ita">8.</span>
          </span>
        </p>
      </div>
      <div class="ocr_carea" id="block_1_20" title="bbox 473 5751 4488 5922">
        <p class="ocr_par" dir="ltr" id="par_1_20" title="bbox 473 5751 4488 5922">
          <span class="ocr_line" id="line_1_36" title="bbox 473 5751 4488 5826; baseline 0 -17">
            <span class="ocrx_word" id="word_1_367" title="bbox 473 5751 655 5809; x_wconf 96" lang="ita" xml:lang="ita">4511.</span>
            <span class="ocrx_word" id="word_1_368" title="bbox 695 5753 779 5809; x_wconf 97" lang="ita" dir="ltr" xml:lang="ita">Le</span>
            <span class="ocrx_word" id="word_1_369" title="bbox 816 5753 1028 5819; x_wconf 99" lang="ita" dir="ltr" xml:lang="ita">BRUN,</span>
            <span class="ocrx_word" id="word_1_370" title="bbox 1069 5752 1401 5826; x_wconf 98" lang="ita" dir="ltr" xml:lang="ita">Catalogue</span>
            <span class="ocrx_word" id="word_1_371" title="bbox 1439 5752 1545 5809; x_wconf 98" lang="ita" dir="ltr" xml:lang="ita">des</span>
            <span class="ocrx_word" id="word_1_372" title="bbox 1583 5752 1862 5809; x_wconf 97" lang="ita" dir="ltr" xml:lang="ita">tableaux</span>
            <span class="ocrx_word" id="word_1_373" title="bbox 1899 5752 2005 5809; x_wconf 98" lang="ita" dir="ltr" xml:lang="ita">des</span>
            <span class="ocrx_word" id="word_1_374" title="bbox 2044 5752 2247 5809; x_wconf 87" lang="ita" dir="ltr" xml:lang="ita">écoles</span>
            <span class="ocrx_word" id="word_1_375" title="bbox 2286 5751 2541 5819; x_wconf 90" lang="ita" dir="ltr" xml:lang="ita">d’Italie,</span>
            <span class="ocrx_word" id="word_1_376" title="bbox 2582 5752 2657 5809; x_wconf 99" lang="ita" dir="ltr" xml:lang="ita">de</span>
            <span class="ocrx_word" id="word_1_377" title="bbox 2694 5752 2945 5809; x_wconf 91" lang="ita" dir="ltr" xml:lang="ita">Flandre</span>
            <span class="ocrx_word" id="word_1_378" title="bbox 2983 5760 3041 5809; x_wconf 99" lang="ita" dir="ltr" xml:lang="ita">et</span>
            <span class="ocrx_word" id="word_1_379" title="bbox 3077 5752 3152 5809; x_wconf 99" lang="ita" dir="ltr" xml:lang="ita">de</span>
            <span class="ocrx_word" id="word_1_380" title="bbox 3188 5753 3411 5809; x_wconf 91" lang="ita" dir="ltr" xml:lang="ita">France</span>
            <span class="ocrx_word" id="word_1_381" title="bbox 3449 5752 3528 5809; x_wconf 98" lang="ita" dir="ltr" xml:lang="ita">du</span>
            <span class="ocrx_word" id="word_1_382" title="bbox 3565 5751 3822 5809; x_wconf 97" lang="ita" dir="ltr" xml:lang="ita">Cabinet</span>
            <span class="ocrx_word" id="word_1_383" title="bbox 3858 5752 3933 5809; x_wconf 99" lang="ita" dir="ltr" xml:lang="ita">de</span>
            <span class="ocrx_word" id="word_1_384" title="bbox 3970 5753 4058 5809; x_wconf 99" lang="ita" dir="ltr" xml:lang="ita">M.</span>
            <span class="ocrx_word" id="word_1_385" title="bbox 4100 5752 4156 5809; x_wconf 99" lang="ita" dir="ltr" xml:lang="ita">le</span>
            <span class="ocrx_word" id="word_1_386" title="bbox 4193 5751 4375 5809; x_wconf 98" lang="ita" dir="ltr" xml:lang="ita">Bailli</span>
            <span class="ocrx_word" id="word_1_387" title="bbox 4413 5752 4488 5809; x_wconf 99" lang="ita" dir="ltr" xml:lang="ita">de</span>
          </span>
          <span class="ocr_line" id="line_1_37" title="bbox 698 5847 3726 5922; baseline 0 -17">
            <span class="ocrx_word" id="word_1_388" title="bbox 698 5847 1004 5915; x_wconf 96" lang="ita" dir="ltr" xml:lang="ita">Bretteuil,</span>
            <span class="ocrx_word" id="word_1_389" title="bbox 1031 5847 1194 5905; x_wconf 91" lang="ita" dir="ltr" xml:lang="ita">Paris</span>
            <span class="ocrx_word" id="word_1_390" title="bbox 1227 5847 1379 5905; x_wconf 96" lang="ita" xml:lang="ita">1785</span>
            <span class="ocrx_word" id="word_1_391" title="bbox 1390 5896 1401 5915; x_wconf 99" lang="ita" xml:lang="ita">,</span>
            <span class="ocrx_word" id="word_1_392" title="bbox 1428 5847 1490 5904; x_wconf 98" lang="ita" dir="ltr" xml:lang="ita">in</span>
            <span class="ocrx_word" id="word_1_393" title="bbox 1517 5848 1570 5915; x_wconf 96" lang="ita" xml:lang="ita">8,</span>
            <span class="ocrx_word" id="word_1_394" title="bbox 1599 5866 1745 5905; x_wconf 97" lang="ita" dir="ltr" xml:lang="ita">avec</span>
            <span class="ocrx_word" id="word_1_395" title="bbox 1771 5848 1827 5905; x_wconf 99" lang="ita" dir="ltr" xml:lang="ita">le</span>
            <span class="ocrx_word" id="word_1_396" title="bbox 1854 5848 2233 5922; x_wconf 87" lang="ita" dir="ltr" xml:lang="ita">supplément</span>
            <span class="ocrx_word" id="word_1_397" title="bbox 2257 5866 2332 5905; x_wconf 97" lang="ita" dir="ltr" xml:lang="ita">au</span>
            <span class="ocrx_word" id="word_1_398" title="bbox 2356 5847 2442 5905; x_wconf 98" lang="ita" dir="ltr" xml:lang="ita">dit</span>
            <span class="ocrx_word" id="word_1_399" title="bbox 2465 5848 2798 5922; x_wconf 97" lang="ita" dir="ltr" xml:lang="ita">catalogue,</span>
            <span class="ocrx_word" id="word_1_400" title="bbox 2825 5847 2988 5905; x_wconf 91" lang="ita" dir="ltr" xml:lang="ita">Paris</span>
            <span class="ocrx_word" id="word_1_401" title="bbox 3021 5847 3195 5915; x_wconf 90" lang="ita" xml:lang="ita">1786,</span>
            <span class="ocrx_word" id="word_1_402" title="bbox 3222 5847 3284 5904; x_wconf 98" lang="ita" dir="ltr" xml:lang="ita">in</span>
            <span class="ocrx_word" id="word_1_403" title="bbox 3311 5848 3364 5915; x_wconf 96" lang="ita" xml:lang="ita">8,</span>
            <span class="ocrx_word" id="word_1_404" title="bbox 3392 5850 3491 5905; x_wconf 83" lang="ita" dir="ltr" xml:lang="ita">coi</span>
            <span class="ocrx_word" id="word_1_405" title="bbox 3507 5850 3726 5921; x_wconf 97" lang="ita" dir="ltr" xml:lang="ita">prezzi.</span>
          </span>
        </p>
      </div>
      <div class="ocr_carea" id="block_1_21" title="bbox 473 6039 4485 6202">
        <p class="ocr_par" dir="ltr" id="par_1_21" title="bbox 473 6039 4485 6202">
          <span class="ocr_line" id="line_1_38" title="bbox 473 6039 4485 6114; baseline 0 -18">
            <span class="ocrx_word" id="word_1_406" title="bbox 473 6039 655 6097; x_wconf 88" lang="ita" xml:lang="ita">4512.</span>
            <span class="ocrx_word" id="word_1_407" title="bbox 686 6040 1059 6097; x_wconf 92" lang="ita" dir="ltr" xml:lang="ita">CATALOGO</span>
            <span class="ocrx_word" id="word_1_408" title="bbox 1086 6039 1147 6097; x_wconf 99" lang="ita" dir="ltr" xml:lang="ita">di</span>
            <span class="ocrx_word" id="word_1_409" title="bbox 1175 6039 1384 6114; x_wconf 92" lang="ita" dir="ltr" xml:lang="ita">quadri</span>
            <span class="ocrx_word" id="word_1_410" title="bbox 1410 6039 1569 6114; x_wconf 99" lang="ita" dir="ltr" xml:lang="ita">posti</span>
            <span class="ocrx_word" id="word_1_411" title="bbox 1596 6039 1658 6096; x_wconf 98" lang="ita" dir="ltr" xml:lang="ita">in</span>
            <span class="ocrx_word" id="word_1_412" title="bbox 1686 6039 1928 6097; x_wconf 97" lang="ita" dir="ltr" xml:lang="ita">vendita</span>
            <span class="ocrx_word" id="word_1_413" title="bbox 1955 6058 1989 6097; x_wconf 97" lang="ita" dir="ltr" xml:lang="ita">a</span>
            <span class="ocrx_word" id="word_1_414" title="bbox 2014 6039 2286 6097; x_wconf 91" lang="ita" dir="ltr" xml:lang="ita">Venezia</span>
            <span class="ocrx_word" id="word_1_415" title="bbox 2311 6040 2409 6097; x_wconf 99" lang="ita" dir="ltr" xml:lang="ita">nel</span>
            <span class="ocrx_word" id="word_1_416" title="bbox 2444 6039 2619 6097; x_wconf 97" lang="ita" xml:lang="ita">1785.</span>
            <span class="ocrx_word" id="word_1_417" title="bbox 2652 6039 2956 6097; x_wconf 92" lang="ita" dir="ltr" xml:lang="ita">Giudicati</span>
            <span class="ocrx_word" id="word_1_418" title="bbox 2984 6040 3061 6097; x_wconf 98" lang="ita" dir="ltr" xml:lang="ita">da</span>
            <span class="ocrx_word" id="word_1_419" title="bbox 3086 6039 3427 6097; x_wconf 88" lang="ita" dir="ltr" xml:lang="ita">Domenico</span>
            <span class="ocrx_word" id="word_1_420" title="bbox 3456 6039 3776 6114; x_wconf 96" lang="ita" dir="ltr" xml:lang="ita">Magiotto,</span>
            <span class="ocrx_word" id="word_1_421" title="bbox 3807 6058 3840 6097; x_wconf 99" lang="ita" dir="ltr" xml:lang="ita">e</span>
            <span class="ocrx_word" id="word_1_422" title="bbox 3868 6040 3945 6097; x_wconf 98" lang="ita" dir="ltr" xml:lang="ita">da</span>
            <span class="ocrx_word" id="word_1_423" title="bbox 3970 6039 4207 6097; x_wconf 93" lang="ita" dir="ltr" xml:lang="ita">Davide</span>
            <span class="ocrx_word" id="word_1_424" title="bbox 4234 6039 4485 6107; x_wconf 91" lang="ita" dir="ltr" xml:lang="ita">Fossati,</span>
          </span>
          <span class="ocr_line" id="line_1_39" title="bbox 698 6134 1081 6202; baseline 0.003 -11">
            <span class="ocrx_word" id="word_1_425" title="bbox 698 6134 760 6191; x_wconf 99" lang="ita" dir="ltr" xml:lang="ita">in</span>
            <span class="ocrx_word" id="word_1_426" title="bbox 787 6135 840 6202; x_wconf 99" lang="ita" xml:lang="ita">8,</span>
            <span class="ocrx_word" id="word_1_427" title="bbox 867 6136 955 6192; x_wconf 99" lang="ita" dir="ltr" xml:lang="ita">M.</span>
            <span class="ocrx_word" id="word_1_428" title="bbox 985 6134 1081 6192; x_wconf 99" lang="ita" xml:lang="ita">53.</span>
          </span>
        </p>
      </div>
      <div class="ocr_carea" id="block_1_22" title="bbox 473 6326 4487 6490">
        <p class="ocr_par" dir="ltr" id="par_1_22" title="bbox 473 6326 4487 6490">
          <span class="ocr_line" id="line_1_40" title="bbox 473 6326 4487 6401; baseline 0 -17">
            <span class="ocrx_word" id="word_1_429" title="bbox 473 6326 655 6384; x_wconf 97" lang="ita" xml:lang="ita">4513.</span>
            <span class="ocrx_word" id="word_1_430" title="bbox 697 6327 1111 6384; x_wconf 92" lang="ita" dir="ltr" xml:lang="ita">CATALOGUE</span>
            <span class="ocrx_word" id="word_1_431" title="bbox 1149 6327 1335 6384; x_wconf 98" lang="ita" dir="ltr" xml:lang="ita">d’une</span>
            <span class="ocrx_word" id="word_1_432" title="bbox 1373 6327 1735 6384; x_wconf 88" lang="ita" dir="ltr" xml:lang="ita">nombreuse</span>
            <span class="ocrx_word" id="word_1_433" title="bbox 1774 6326 2100 6384; x_wconf 87" lang="ita" dir="ltr" xml:lang="ita">collection</span>
            <span class="ocrx_word" id="word_1_434" title="bbox 2138 6327 2213 6384; x_wconf 99" lang="ita" dir="ltr" xml:lang="ita">de</span>
            <span class="ocrx_word" id="word_1_435" title="bbox 2251 6335 2310 6384; x_wconf 98" lang="ita" dir="ltr" xml:lang="ita">ta</span>
            <span class="ocrx_word" id="word_1_436" title="bbox 2352 6328 2430 6401; x_wconf 90" lang="ita" dir="ltr" xml:lang="ita">[p.</span>
            <span class="ocrx_word" id="word_1_437" title="bbox 2474 6327 2616 6396; x_wconf 91" lang="ita" xml:lang="ita">302]</span>
            <span class="ocrx_word" id="word_1_438" title="bbox 2658 6327 2895 6394; x_wconf 96" lang="ita" dir="ltr" xml:lang="ita">bleaux,</span>
            <span class="ocrx_word" id="word_1_439" title="bbox 2937 6326 3228 6394; x_wconf 98" lang="ita" dir="ltr" xml:lang="ita">desseins,</span>
            <span class="ocrx_word" id="word_1_440" title="bbox 3270 6335 3571 6401; x_wconf 88" lang="ita" dir="ltr" xml:lang="ita">estampes</span>
            <span class="ocrx_word" id="word_1_441" title="bbox 3613 6345 3753 6384; x_wconf 98" lang="ita" dir="ltr" xml:lang="ita">sous</span>
            <span class="ocrx_word" id="word_1_442" title="bbox 3794 6345 3961 6384; x_wconf 99" lang="ita" dir="ltr" xml:lang="ita">verre</span>
            <span class="ocrx_word" id="word_1_443" title="bbox 4000 6327 4080 6384; x_wconf 98" lang="ita" dir="ltr" xml:lang="ita">du</span>
            <span class="ocrx_word" id="word_1_444" title="bbox 4118 6326 4374 6384; x_wconf 98" lang="ita" dir="ltr" xml:lang="ita">Cabinet</span>
            <span class="ocrx_word" id="word_1_445" title="bbox 4411 6327 4487 6384; x_wconf 99" lang="ita" dir="ltr" xml:lang="ita">de</span>
          </span>
          <span class="ocr_line" id="line_1_41" title="bbox 698 6422 1904 6490; baseline 0 -10">
            <span class="ocrx_word" id="word_1_446" title="bbox 698 6424 901 6480; x_wconf 99" lang="ita" dir="ltr" xml:lang="ita">Mons.</span>
            <span class="ocrx_word" id="word_1_447" title="bbox 930 6423 1005 6480; x_wconf 99" lang="ita" dir="ltr" xml:lang="ita">de</span>
            <span class="ocrx_word" id="word_1_448" title="bbox 1030 6422 1339 6490; x_wconf 98" lang="ita" dir="ltr" xml:lang="ita">Challuce,</span>
            <span class="ocrx_word" id="word_1_449" title="bbox 1366 6422 1529 6480; x_wconf 91" lang="ita" dir="ltr" xml:lang="ita">Paris</span>
            <span class="ocrx_word" id="word_1_450" title="bbox 1562 6422 1736 6490; x_wconf 97" lang="ita" xml:lang="ita">1785,</span>
            <span class="ocrx_word" id="word_1_451" title="bbox 1763 6422 1825 6479; x_wconf 98" lang="ita" dir="ltr" xml:lang="ita">in</span>
            <span class="ocrx_word" id="word_1_452" title="bbox 1852 6423 1904 6480; x_wconf 99" lang="ita" xml:lang="ita">8.</span>
          </span>
        </p>
      </div>
      <div class="ocr_carea" id="block_1_23" title="bbox 521 6604 4439 6608">
        <p class="ocr_par" dir="ltr" id="par_1_23" title="bbox 521 6604 4439 6608">
          <span class="ocr_line" id="line_1_42" title="bbox 521 6604 4439 6608; baseline 0 0">
            <span class="ocrx_word" id="word_1_453" title="bbox 521 6604 4439 6608; x_wconf 95" lang="ita" dir="ltr" xml:lang="ita"> </span>
          </span>
        </p>
      </div>
      <div class="ocr_carea" id="block_1_24" title="bbox 2171 6637 2791 6710">
        <p class="ocr_par" dir="ltr" id="par_1_24" title="bbox 2171 6637 2791 6710">
          <span class="ocr_line" id="line_1_43" title="bbox 2171 6637 2791 6710; baseline 0 -16">
            <span class="ocrx_word" id="word_1_454" title="bbox 2171 6657 2347 6694; x_wconf 88" lang="ita" dir="ltr" xml:lang="ita">WWW.</span>
            <span class="ocrx_word" id="word_1_455" title="bbox 2358 6637 2734 6710; x_wconf 78" lang="ita" dir="ltr" xml:lang="ita">memofonte.</span>
            <span class="ocrx_word" id="word_1_456" title="bbox 2748 6639 2766 6694; x_wconf 98" lang="ita" dir="ltr" xml:lang="ita">i</span>
            <span class="ocrx_word" id="word_1_457" title="bbox 2770 6648 2791 6694; x_wconf 78" lang="ita" dir="ltr" xml:lang="ita">t</span>
          </span>
        </p>
      </div>
    </div>
  </body>
</html>
