4958 7017
1981 864 2366 922 Fondazione
2390 838 2775 922 Memofonte
2800 865 2976 922 onlus

1390 960 1600 1018 Studio
1624 979 1731 1035 per
1754 960 2226 1018 l’elaborazione
2250 960 2632 1018 informatica
2655 961 2813 1018 delle
2838 960 2991 1018 fonti
3018 960 3571 1018 storico—artistiche

706 1251 935 1341 premi
965 1251 1595 1320 nell’Accademia
1623 1251 1695 1320 di
1726 1251 1932 1320 Belle
1960 1251 2118 1320 Arti
2148 1251 2222 1319 in
2251 1251 2587 1341 Bologna
2614 1251 2865 1320 l’anno
2904 1251 3112 1333 1806,
3145 1251 3219 1319 in
3252 1252 3314 1320 8.

487 1463 694 1531 1322.
731 1463 1133 1531 GIORDANI
1157 1462 1413 1544 Pietro,
1447 1462 1709 1552 Elogio
1742 1462 1859 1531 del
1889 1462 2105 1552 pittor
2133 1462 2448 1552 paesista
2476 1462 2893 1531 Martinelli.
2929 1462 3279 1531 Discorso
3311 1462 3483 1531 letto
3515 1462 4145 1531 nell’Accademia
4175 1462 4247 1531 di
4279 1462 4486 1531 Belle

706 1577 863 1646 Arti
893 1577 967 1645 in
996 1577 1332 1667 Bologna
1359 1577 1609 1646 l’anno
1648 1578 1857 1659 1809,
1890 1577 1964 1645 in
1997 1578 2059 1646 8.

487 1789 694 1857 1323.
749 1789 1168 1857 GUATTANI
1212 1788 1585 1878 Giuseppe
1633 1788 1979 1870 Antonio,
2031 1788 2494 1857 Monumenti
2545 1788 2810 1857 antichi
2860 1788 3133 1870 inediti,
3187 1810 3458 1857 ovvero
3507 1788 3776 1857 notizie
3828 1788 4009 1857 sulle
4060 1788 4400 1857 antichità
4448 1810 4487 1857 e

705 1903 897 1972 belle
925 1903 1082 1972 Arti
1113 1903 1185 1972 di
1215 1905 1471 1985 Roma,
1504 1903 1648 1972 vol.
1683 1903 1749 1985 6,
1782 1903 1999 1993 legati
2029 1903 2103 1971 in
2134 1904 2198 1972 3.

707 2014 1028 2072 Comincia
1051 2015 1361 2072 nell’anno
1394 2015 1550 2072 1784
1576 2033 1609 2072 e
1634 2014 1850 2072 finisce
1875 2015 1973 2072 col
2005 2015 2180 2082 1789,
2206 2016 2402 2072 Roma
2424 2014 2487 2071 in
2510 2015 2567 2082 4,
2595 2014 2700 2089 fig.

483 2230 690 2298 1324.
725 2230 1145 2298 GUATTANI
1168 2229 1541 2319 Giuseppe
1569 2229 1915 2311 Antonio,
1947 2229 2310 2298 Memorie
2340 2229 2934 2319 enciclopediche
2963 2251 3259 2298 romane
3291 2229 3474 2298 sulle
3501 2229 3693 2298 belle
3724 2229 3872 2311 arti,
3904 2229 4084 2298 tomi
4115 2229 4180 2298 6.

707 2340 1028 2398 Comincia
1051 2341 1149 2398 col
1181 2340 1337 2398 1806
1363 2359 1396 2398 e
1419 2340 1740 2415 prosiegue
1767 2340 1898 2398 sino
1925 2359 1959 2398 a
1982 2340 2153 2415 quasi
2177 2349 2326 2398 tutto
2351 2340 2394 2397 il
2426 2341 2601 2408 1817,
2628 2340 2690 2397 in
2713 2341 2770 2408 4,
2798 2340 2902 2415 fig.

479 2535 686 2604 1325.
733 2537 1165 2604 LAZZARINI
1202 2535 1569 2604 Giovanni
1611 2535 1923 2617 Andrea,
1969 2535 2510 2604 Dissertazione
2555 2557 2766 2625 sopra
2807 2535 3014 2604 l’arte
3057 2535 3249 2604 della
3288 2535 3567 2625 pittura.
3614 2537 3818 2604 Letta
3858 2535 4490 2604 nell’Accademia

707 2652 1046 2719 Pesarese
1075 2650 1326 2719 l’anno
1365 2650 1573 2732 1753,
1606 2650 1932 2719 Vicenza
1968 2651 2176 2732 1782,
2209 2650 2283 2718 in
2316 2651 2378 2719 8.

479 2861 686 2930 1326.
753 2863 1319 2930 MACHIAVELLI
1375 2861 1843 2943 Alessandro,
1912 2861 2273 2930 Orazione
2336 2861 2410 2929 in
2475 2861 2863 2930 occasione
2928 2861 3041 2930 de’
3113 2861 3343 2951 premi
3408 2861 3792 2930 distribuiti
3858 2861 3996 2930 alle
4059 2861 4265 2930 Belle
4328 2861 4485 2930 Arti

707 2976 1164 3045 nell’istituto
1195 2976 1267 3045 di
1297 2976 1632 3066 Bologna
1659 2976 1910 3045 l’anno
1949 2976 2157 3058 1735,
2190 2976 2264 3044 in
2292 2977 2359 3045 4.

479 3188 686 3256 1327.
726 3189 1125 3256 MAGNANI
1154 3187 1478 3269 Antonii,
1519 3187 1900 3256 Orationes
1937 3187 2223 3256 habitae
2259 3187 2333 3255 in
2368 3187 2715 3277 pubblico
2754 3187 3335 3277 archigymnasio
3370 3187 3829 3269 bononiensi,
3869 3189 4122 3256 Parma
4165 3188 4373 3269 1794,
4413 3187 4487 3255 in

707 3302 834 3371 fol.

709 3414 873 3471 Sono
903 3422 1112 3488 queste
1141 3414 1258 3471 due
1287 3413 1556 3471 orazioni
1586 3413 1767 3471 latine
1796 3414 1872 3471 ed
1900 3432 2019 3471 una
2045 3413 2289 3471 italiana
2316 3413 2379 3470 in
2407 3413 2733 3471 occasione
2762 3414 2922 3471 della
2949 3413 3380 3471 distribuzione
3409 3413 3507 3471 dei
3535 3413 3728 3488 premi
3758 3413 3878 3488 agli
3910 3413 4162 3471 studiosi
4192 3414 4350 3471 delle
4380 3413 4486 3471 arti

707 3510 805 3567 del
830 3509 1102 3584 disegno,
1130 3510 1607 3584 elegantemente
1630 3509 1976 3584 pubblicate
2001 3509 2099 3567 coi
2123 3509 2231 3584 tipi
2254 3509 2601 3567 bodoniani.
2629 3511 2715 3567 La
2737 3509 2930 3584 prima
2951 3510 3097 3584 però
3123 3518 3285 3567 verte
3312 3510 3463 3567 sulle
3488 3509 3614 3567 lodi
3639 3509 3700 3567 di
3724 3511 4057 3567 Francesco
4082 3511 4170 3567 M.
4198 3509 4452 3567 Zanotti.

479 3705 686 3773 1328.
719 3706 1040 3773 MALLIO
1064 3704 1410 3786 Michele,
1443 3704 1711 3773 Annali
1742 3704 1814 3773 di
1844 3706 2081 3773 Roma
2109 3704 2226 3773 dal
2264 3705 2450 3774 1790
2482 3704 2548 3773 al
2586 3704 2794 3786 1796,
2827 3704 2971 3773 vol.
3014 3705 3122 3786 18,
3155 3704 3229 3772 in
3262 3705 3324 3773 8.

707 3816 1109 3890 Contengono
1148 3815 1342 3890 questi
1380 3834 1461 3873 un
1498 3815 1768 3890 giornale
1804 3815 2117 3890 periodico
2156 3815 2452 3873 letterario
2490 3815 2552 3872 in
2589 3815 2686 3873 cui
2729 3817 2807 3890 [p.
2849 3816 2992 3885 228]
3034 3815 3272 3873 rendesi
3310 3824 3490 3873 conto
3529 3816 3687 3873 delle
3723 3815 4040 3890 principali
4078 3834 4260 3890 opere
4298 3816 4488 3873 d’arte

706 3911 896 3969 uscite
920 3911 983 3968 in
1007 3912 1409 3986 quell’epoca.

487 4108 694 4177 1329.
742 4109 1132 4176 MARCONI
1169 4107 1520 4189 Leandro,
1568 4107 1896 4176 Discorsi
1942 4107 2114 4176 detti
2159 4107 2351 4176 nella
2394 4107 2660 4197 grande
2706 4107 2868 4176 aula
2911 4107 3365 4176 dell’Accad.
3414 4107 3801 4176 Pontificia
3844 4107 3916 4176 di
3961 4107 4167 4176 Belle
4210 4107 4367 4176 Arti
4412 4107 4486 4175 in

707 4222 1062 4312 Bologna,
1095 4222 1345 4291 l’anno
1384 4223 1592 4304 1817,
1625 4222 1699 4290 in
1733 4223 1795 4291 8.

487 4434 694 4502 1330.
773 4435 1162 4502 MEMORIE
1229 4455 1356 4523 per
1429 4433 1497 4502 le
1572 4433 1778 4502 Belle
1852 4433 2031 4515 Arti,
2110 4433 2254 4502 vol.
2333 4434 2401 4515 4,
2482 4433 2813 4523 stampati
2889 4433 2963 4501 in
3037 4435 3292 4502 Roma.
3372 4433 3772 4502 lncludono
3849 4433 3948 4523 gli
4026 4433 4191 4502 anni
4276 4433 4484 4515 1785,

716 4548 1349 4630 1786,1787,1788
1382 4548 1456 4616 in
1484 4549 1552 4630 4,
1585 4548 1711 4638 fig.

487 4760 694 4828 1331.
727 4761 1077 4828 MENZINI
1101 4759 1390 4828 Giovan
1420 4759 1743 4841 Battista,
1776 4761 1876 4828 Le
1907 4759 2168 4828 Grazie
2196 4759 2425 4841 rivali,
2459 4759 2987 4828 declamazioni
3019 4759 3550 4841 accademiche,
3583 4759 3919 4849 Bologna
3955 4759 4163 4841 1637,
4196 4759 4270 4827 in
4308 4760 4415 4828 12.

487 4970 694 5038 1332.
740 4971 1108 5038 MIGNANI
1145 4969 1434 5038 Giovan
1478 4969 1800 5051 Battista,
1847 4969 2209 5038 Orazione
2251 4969 2325 5037 in
2368 4969 2757 5038 occasione
2800 4969 2918 5038 del
2959 4969 3238 5059 premio
3284 4969 3422 5038 alle
3465 4969 3671 5038 Belle
3713 4969 3870 5038 Arti
3913 4969 4370 5038 nell’istituto
4414 4969 4486 5038 di

707 5084 1043 5174 Bologna
1070 5084 1320 5153 l’anno
1359 5085 1567 5166 1733,
1600 5084 1674 5152 in
1703 5085 1770 5153 4.

487 5296 694 5364 1333.
730 5297 1156 5364 MORESCHI
1182 5296 1269 5364 G.
1307 5297 1389 5364 B.
1426 5295 1894 5377 Alessandro,
1931 5295 2293 5364 Orazione
2325 5295 2399 5363 in
2431 5295 2600 5364 lode
2634 5295 2772 5364 alle
2805 5295 3012 5364 Belle
3043 5295 3200 5364 Arti
3233 5295 3526 5364 recitata
3557 5295 4014 5364 nell’istituto
4048 5295 4120 5364 di
4153 5295 4489 5385 Bologna

707 5410 957 5479 l’anno
996 5411 1204 5492 1781,
1237 5410 1311 5478 in
1344 5411 1406 5479 8.

487 5622 694 5690 1334.
745 5623 1162 5690 NICCOLINI
1204 5621 1493 5690 Giovan
1541 5621 1863 5703 Battista,
1915 5621 2276 5690 Orazione
2322 5643 2449 5711 per
2495 5621 2565 5690 la
2611 5621 3129 5690 distribuzione
3177 5621 3293 5690 dei
3340 5621 3569 5711 premi
3617 5621 3735 5690 nel
3785 5621 4083 5690 solenne
4131 5643 4485 5690 concorso

706 5736 1052 5805 triennale
1082 5736 1712 5805 dell’Accademia
1741 5736 1813 5805 di
1843 5736 2049 5805 Belle
2077 5736 2234 5805 Arti
2264 5736 2338 5804 in
2366 5736 2684 5818 Firenze,
2727 5737 2935 5818 1809,
2968 5736 3042 5804 in
3070 5737 3138 5818 4,
3170 5738 3276 5805 M.
3311 5736 3426 5805 25.

487 5947 694 6016 1335.
743 5949 1080 6016 NOTICIA
1117 5947 1461 6016 historica
1506 5947 1595 6016 de
1640 5947 1751 6016 los
1797 5947 2192 6037 principios
2238 5970 2284 6037 y
2326 5969 2749 6037 progressos
2797 5947 2886 6016 de
2931 5947 3001 6016 la
3047 5947 3297 6016 scuola
3341 5947 3644 6037 gratuita
3688 5947 3777 6016 de
3822 5947 3927 6016 las
3974 5947 4229 6016 nobles
4275 5948 4486 6016 Artes

708 6062 982 6152 erigida
1010 6084 1099 6131 en
1129 6062 1550 6144 Barcelona,
1584 6062 1987 6131 Barcelona
2023 6063 2231 6144 1789,
2264 6062 2338 6130 in
2366 6063 2433 6131 4.

487 6273 694 6342 1336.
745 6275 1070 6342 NOTIZIE
1112 6273 1574 6363 dell’origine
1622 6295 1661 6342 e
1707 6273 2070 6363 progressi
2119 6273 2581 6342 dell’Istituto
2630 6273 2819 6342 delle
2868 6273 3173 6342 Scienze
3220 6273 3294 6341 in
3342 6273 3697 6363 Bologna,
3750 6295 3789 6342 e
3839 6295 3966 6342 sue
4012 6273 4481 6342 Accademie:

707 6388 1043 6478 Bologna
1079 6389 1287 6470 1780,
1320 6388 1394 6456 in
1427 6389 1489 6457 8.

2171 6657 2347 6694 WWW.
2358 6637 2734 6710 memofonte.
2748 6639 2791 6694 il
