4958 7017
1981 864 2366 922 Fondazione
2390 838 2775 922 Memofonte
2800 865 2976 922 onlus

1390 960 1600 1018 Studio
1624 979 1731 1035 per
1754 960 2226 1018 l’elaborazione
2250 960 2632 1018 informatica
2655 961 2813 1018 delle
2838 960 2991 1018 fonti
3018 960 3571 1018 storico—artistiche

713 1248 942 1319 Questo
968 1248 1001 1305 e
1026 1266 1147 1305 uno
1173 1247 1271 1305 dei
1294 1247 1399 1322 più
1421 1247 1535 1305 rari
1560 1266 1593 1305 e
1619 1248 1694 1305 ad
1718 1266 1798 1305 un
1822 1256 2026 1322 tempo
2050 1247 2155 1322 più
2180 1247 2504 1322 giudiziosi
2530 1247 2665 1305 libri
2690 1247 2751 1305 di
2776 1247 3107 1305 fisonomia
3130 1266 3247 1305 con
3272 1247 3527 1305 ventisei
3551 1248 3752 1305 tavole
3779 1256 4068 1322 stampate
4094 1247 4184 1305 fra
4206 1247 4250 1304 il
4274 1256 4427 1305 testo
4453 1266 4486 1305 e

711 1343 901 1401 incise
926 1362 1044 1401 con
1068 1344 1255 1401 molta
1279 1352 1680 1401 accuratezza.

479 1559 694 1627 2440.
732 1559 1274 1627 GHIRARDELLI
1301 1558 1668 1640 Cornelio,
1704 1560 1806 1627 La
1838 1558 2201 1648 cefalogia
2231 1558 2674 1627 fisonomica
2705 1558 2941 1627 divisa
2971 1558 3045 1626 in
3078 1558 3266 1627 dieci
3300 1558 3549 1640 deche,
3585 1558 3777 1627 nella
3807 1558 4019 1648 quale
4054 1558 4113 1627 si
4146 1580 4485 1648 veggono

721 1674 857 1742 100
886 1684 1066 1742 teste
1094 1695 1357 1742 umane
1386 1673 1776 1763 intagliate,
1809 1673 2145 1763 Bologna
2181 1673 2389 1755 1630,
2422 1673 2496 1741 in
2524 1674 2592 1755 4,
2625 1673 2753 1763 fig.

711 1786 795 1842 Le
827 1785 1027 1842 tavole
1062 1803 1213 1842 sono
1246 1784 1308 1841 in
1340 1785 1520 1859 legno
1553 1784 1846 1859 impresse
1879 1784 1969 1842 fra
1999 1784 2042 1841 il
2074 1793 2228 1842 testo
2262 1803 2295 1842 e
2327 1784 2370 1841 il
2403 1784 2817 1859 frontespizio;
2853 1803 2886 1842 e
2918 1784 2961 1841 il
2992 1784 3216 1842 ritratto
3250 1784 3311 1842 di
3343 1784 3609 1859 Monsig.
3646 1784 3984 1859 Campeggi
4017 1784 4115 1842 cui
4148 1785 4181 1842 e
4214 1784 4490 1842 dedicata

712 1881 946 1955 l’opera
971 1899 1121 1938 sono
1146 1880 1208 1937 in
1230 1899 1411 1938 rame.

479 2076 694 2144 2441.
729 2076 1010 2144 GIULIO
1040 2077 1112 2144 P.
1147 2075 1238 2144 da
1265 2075 1533 2144 Turino
1564 2075 2007 2165 Capuccino,
2040 2077 2351 2144 Trattato
2384 2097 2596 2165 sopra
2623 2075 2693 2144 la
2720 2075 3118 2144 fisonomia
3146 2075 3574 2157 dell’uomo,
3607 2075 3874 2144 Turino
3913 2076 4121 2157 1793,
4154 2075 4228 2143 in
4266 2076 4373 2144 12.

713 2187 914 2261 Opera
938 2187 1055 2244 alla
1078 2187 1254 2261 quale
1279 2187 1335 2244 le
1358 2186 1703 2261 precedenti
1727 2205 1849 2244 non
1873 2186 2072 2244 hanno
2100 2186 2320 2244 servito
2346 2186 2407 2244 di
2433 2187 2646 2244 alcuna
2671 2186 2933 2244 sussidio
2957 2205 3064 2261 per
3089 2186 3378 2261 scegliere
3402 2186 3445 2243 il
3470 2205 3655 2261 grano
3681 2187 3841 2244 dalla
3864 2186 4112 2244 zizania.

479 2383 694 2451 2442.
729 2383 1170 2451 GOLCHENII
1193 2382 1583 2472 Rodolphi,
1616 2382 2229 2472 Physiognomica
2258 2393 2327 2451 et
2355 2382 2874 2451 chiromantica
2904 2382 3267 2472 specialia,
3301 2382 3701 2472 Hamburgi
3740 2382 3948 2464 1661,
3981 2382 4055 2450 in
4088 2383 4151 2464 8,
4184 2382 4311 2472 fig.

707 2494 842 2551 Con
864 2493 1061 2568 poche
1085 2494 1285 2551 tavole
1309 2493 1372 2550 in
1396 2494 1576 2568 legno
1601 2493 1895 2568 impresse
1920 2493 2010 2551 fra
2032 2493 2075 2550 il
2099 2502 2270 2551 testo.
2298 2494 2346 2550 Il
2370 2502 2602 2551 trattato
2628 2494 2661 2551 e
2686 2493 2912 2551 disteso
2937 2493 2999 2550 in
3021 2494 3227 2551 buono
3255 2493 3404 2551 stile.

479 2690 694 2758 2443.
741 2691 1078 2758 HAGECII
1119 2689 1392 2758 Taddei
1443 2689 1531 2758 ab
1580 2689 1857 2779 Hagek,
1908 2689 2517 2779 Aphorismorum
2564 2689 3327 2779 metoposcopicorum
3374 2689 3662 2758 libellus
3711 2689 3990 2771 unicus,
4041 2689 4486 2758 Francofurti

721 2804 929 2886 1684,
962 2804 1036 2872 in
1069 2805 1132 2886 8,
1165 2804 1291 2894 fig.
1324 2804 1565 2873 Editio
1598 2804 1933 2873 secunda.

711 2916 999 2990 Elegante
1024 2915 1260 2973 libretto
1284 2934 1391 2990 per
1414 2915 1742 2973 l’edizione
1767 2934 1800 2973 e
1825 2916 1883 2973 la
1906 2915 2243 2983 locuzione,
2271 2934 2388 2973 con
2412 2915 2663 2990 copiose
2687 2916 2887 2973 tavole
2911 2915 2973 2972 in
2997 2916 3177 2990 legno
3202 2915 3495 2990 impresse
3521 2915 3611 2973 fra
3633 2915 3676 2972 il
3700 2924 3872 2973 testo.

483 3131 698 3199 2444.
731 3130 849 3199 Ab
880 3132 1269 3199 INDAGINE
1291 3132 1626 3212 Joannes,
1660 3130 2176 3212 Chiromantia,
2208 3130 2687 3220 Argentorati,
2722 3130 2911 3220 apud
2938 3132 3292 3199 Joannem
3322 3131 3671 3212 Scottum,
3713 3130 3921 3212 1532,
3954 3130 4028 3198 in
4056 3131 4124 3212 4,
4157 3130 4283 3220 fig.

711 3243 795 3299 Le
820 3242 1006 3299 molte
1032 3241 1227 3316 figure
1251 3241 1558 3316 intagliate
1582 3241 1645 3298 in
1670 3242 1850 3316 legno
1879 3260 2029 3299 sono
2056 3241 2362 3316 frapposte
2388 3242 2443 3299 al
2467 3250 2639 3299 testo.
2667 3243 2720 3298 Il
2744 3241 2968 3299 ritratto
2994 3242 3351 3299 dell’autore
3376 3242 3409 3299 e
3433 3241 3496 3298 in
3518 3241 3835 3316 principio.
3863 3242 4126 3316 L’opera
4149 3260 4182 3299 e
4207 3241 4404 3299 divisa
4426 3241 4489 3298 in

714 3336 800 3394 sei
836 3336 991 3404 libri;
1037 3337 1085 3394 1.
1125 3336 1570 3404 Chiromanzia;
1609 3337 1664 3394 2.
1703 3336 2071 3404 Fisonomia;
2112 3337 2165 3394 3.
2204 3336 2321 3394 Dei
2359 3336 2528 3411 segni
2564 3337 2724 3394 della
2759 3336 2973 3404 faccia;
3011 3337 3067 3394 4.
3107 3336 3342 3394 Canoni
3379 3336 3726 3411 astrologici
3763 3336 3861 3394 dei
3897 3336 4123 3411 giudizi
4158 3336 4395 3394 intorno
4432 3337 4488 3394 le

711 3432 1019 3500 infirmità;
1048 3432 1102 3490 5.
1130 3432 1480 3507 Astrologia
1502 3433 1788 3500 naturale;
1817 3432 1871 3490 6.
1899 3433 2076 3490 Delle
2101 3432 2526 3507 Compulsioni
2554 3433 2821 3490 secondo
2847 3432 3155 3490 l’inﬂusso
3179 3432 3527 3507 planetario.

475 3628 690 3697 2445.
757 3628 875 3697 Ab
940 3630 1329 3697 INDAGINE
1391 3628 1710 3710 Joannis,
1778 3628 2348 3697 Introductiones
2415 3628 3047 3718 apotelesmaticae
3110 3628 3184 3696 in
3246 3628 3889 3718 physiognomiam
3952 3639 4083 3697 etc.
4151 3628 4490 3697 Accessit

713 3743 1112 3833 Guglielmi
1158 3743 1536 3812 Grattatoli
1582 3743 1934 3833 opuscula
1977 3743 2066 3812 de
2110 3743 2464 3812 memoria
2507 3754 2576 3812 et
2618 3743 3004 3833 Pomponii
3050 3743 3343 3812 Gaurici
3387 3754 3721 3812 tractatus
3768 3743 3857 3812 de
3903 3743 4282 3833 Sculptura
4326 3754 4483 3825 etc.,

711 3858 1167 3948 Argentorati
1206 3858 1414 3940 1630,
1447 3858 1521 3926 in
1554 3859 1617 3940 8,
1650 3858 1983 3948 figurato.

475 4069 690 4138 2446.
723 4069 841 4177 Ab
872 4071 1261 4138 INDAGINE
1288 4069 1607 4151 Joannis,
1640 4071 1745 4138 Lo
1778 4080 2031 4151 stesso,
2063 4070 2437 4159 Augustae
2467 4069 2952 4138 Trebacorum
2989 4069 3197 4151 1672,
3230 4069 3304 4137 in
3337 4070 3400 4151 8,
3433 4069 3765 4159 figurato.

711 4182 759 4237 E
787 4189 983 4238 strano
1009 4180 1052 4237 il
1078 4189 1311 4238 trovare
1335 4180 1554 4238 riunito
1580 4180 1643 4237 in
1668 4199 1787 4238 una
1813 4189 2003 4238 stessa
2028 4180 2306 4238 edizione
2332 4199 2412 4238 un
2437 4189 2669 4238 trattato
2697 4180 2758 4238 di
2786 4181 3045 4238 scultura
3069 4180 3167 4238 coi
3193 4180 3329 4238 libri
3355 4180 3416 4238 di
3442 4180 3789 4238 fisonomia.
3818 4182 3902 4238 Le
3928 4180 4179 4255 copiose
4206 4180 4400 4255 figure
4426 4180 4488 4237 in

712 4276 891 4350 legno
919 4294 1070 4333 sono
1096 4275 1186 4333 fra
1208 4275 1251 4332 il
1275 4284 1446 4333 testo.

477 4473 570 4561 [p.
603 4472 776 4554 411]

471 4683 686 4751 2447.
721 4684 1155 4751 INGEGNERI
1176 4682 1499 4772 Mousig.
1534 4682 1922 4764 Giovanni,
1954 4682 2375 4751 Fisonomia
2402 4682 2741 4764 naturale,
2773 4682 3041 4772 Napoli
3080 4682 3288 4764 1606,
3321 4682 3395 4750 in
3423 4683 3491 4764 4,
3524 4682 3663 4772 pic.

708 4794 937 4865 Questo
987 4794 1020 4851 e
1068 4812 1189 4851 uno
1239 4794 1334 4851 de’
1390 4793 1654 4868 migliori
1706 4793 1959 4851 scrittori
2007 4793 2069 4850 in
2117 4802 2327 4868 questa
2374 4793 2622 4851 materia
2669 4812 2702 4851 e
2752 4794 3098 4868 l’opuscolo
3148 4793 3214 4851 fu
3260 4793 3609 4868 pubblicato
3659 4794 3756 4851 dal
3807 4812 3915 4851 suo
3964 4793 4169 4868 nipote
4217 4793 4486 4868 Angiolo

712 4889 1115 4947 dedicandolo
1142 4890 1197 4947 al
1224 4889 1331 4964 sig.
1359 4889 1642 4947 Filiberto
1669 4889 1978 4947 Gherardo
2006 4889 2246 4964 Scaglia
2269 4890 2464 4947 Conte
2489 4889 2550 4947 di
2574 4891 2819 4947 Verrua.

471 5085 686 5153 2448.
730 5086 1108 5153 LAVATER
1140 5086 1315 5153 Jean
1355 5085 1654 5174 Gaspar,
1696 5084 1903 5153 Essai
1946 5106 2063 5153 sur
2100 5084 2170 5153 la
2206 5084 2769 5174 physiognomie
2809 5084 3087 5153 destiné
3128 5085 3168 5153 à
3206 5084 3384 5153 faire
3425 5085 3798 5153 connoître
3837 5084 4194 5153 l’homme
4234 5095 4303 5153 et
4342 5106 4382 5153 a
4419 5084 4487 5153 le

712 5199 890 5268 faire
922 5199 1164 5281 aimer,
1199 5200 1239 5268 à
1266 5199 1336 5268 la
1364 5201 1591 5289 Haye,
1626 5199 1803 5268 chez
1833 5201 2139 5289 Jacques
2170 5201 2332 5268 Van
2362 5199 2811 5281 Karnebeek,
2853 5200 3035 5268 1783
3071 5199 3137 5268 al
3175 5200 3383 5281 1800,
3416 5199 3560 5268 vol.
3593 5200 3661 5281 4,
3694 5199 3768 5267 in
3796 5200 3864 5281 4,
3897 5221 4074 5268 mas.
4108 5199 4234 5289 fig.

713 5311 940 5382 Questa
969 5311 1370 5385 grand’opera
1396 5310 1774 5368 ricchissima
1802 5310 1863 5368 di
1892 5311 2092 5368 tavole
2121 5310 2428 5385 intagliate
2457 5310 2520 5367 in
2547 5329 2730 5378 rame,
2763 5311 2902 5385 qual
2930 5310 3052 5385 più,
3085 5311 3224 5385 qual
3254 5329 3434 5368 meno
3466 5319 3960 5378 accuratamente,
3991 5310 4313 5368 racchiude
4342 5319 4486 5368 tutte

712 5407 768 5464 le
793 5406 1073 5481 possibili
1099 5406 1345 5464 nozioni
1372 5406 1434 5463 in
1460 5415 1671 5481 questa
1696 5406 1944 5464 materia
1969 5425 2002 5464 e
2028 5406 2091 5463 in
2117 5425 2262 5481 gran
2286 5415 2451 5481 parte
2478 5407 2511 5464 è
2538 5406 2786 5464 fondata
2813 5406 3308 5481 sull’esperienza
3333 5425 3366 5464 e
3393 5407 3449 5464 le
3476 5406 3741 5481 migliori
3768 5406 4197 5474 osservazioni,
4227 5407 4285 5464 la
4310 5407 4487 5481 quale

710 5502 815 5577 poi
857 5502 1092 5570 finisce,
1137 5521 1313 5560 come
1354 5511 1499 5560 tutte
1541 5503 1597 5560 le
1639 5521 1821 5577 opere
1863 5521 1979 5560 ove
2023 5502 2072 5560 si
2114 5502 2301 5560 fonda
2341 5521 2421 5560 un
2461 5511 2671 5560 tenace
2715 5502 2977 5570 sistema,
3022 5503 3374 5560 coll’essere
3414 5511 3646 5577 portata
3687 5502 4106 5560 all’assurdità:
4153 5502 4486 5577 magnifico

712 5599 1045 5673 esemplare
1069 5598 1131 5655 in
1156 5598 1256 5656 Vit.
1285 5599 1410 5656 dor.

471 5794 686 5863 2449.
720 5795 1063 5862 LETTRES
1089 5793 1691 5883 philosophiques
1725 5815 1842 5862 sur
1869 5793 1974 5862 les
2004 5793 2578 5883 physionomies,
2613 5794 2653 5862 à
2680 5793 2750 5862 la
2777 5795 2983 5883 Haye
3022 5793 3208 5862 1746
3239 5815 3278 5862 e
3316 5794 3525 5875 1748,
3558 5793 3632 5861 in
3670 5794 3777 5862 12.

714 5905 878 5962 Sono
910 5904 984 5962 35
1017 5905 1221 5962 lettere
1252 5904 1449 5962 scritte
1478 5923 1595 5962 con
1624 5904 1826 5979 grazia
1855 5923 2031 5962 sovra
2058 5913 2271 5979 questo
2302 5913 2671 5979 argomento,
2703 5904 2815 5962 che
2844 5905 2921 5962 da
2947 5923 3066 5962 una
3093 5904 3360 5979 quantità
3387 5904 3448 5962 di
3479 5904 3732 5962 scrittori
3762 5904 3827 5962 fu
3855 5913 4087 5962 trattato
4117 5923 4234 5962 con
4263 5904 4427 5962 arida
4454 5923 4487 5962 e

711 6000 927 6058 noiosa
952 6000 1402 6075 superstizione.
1432 6001 1658 6072 Queste
1683 6001 1800 6058 due
1825 6000 2089 6058 edizioni
2113 6019 2236 6058 non
2260 6000 2505 6058 variano
2531 6000 2642 6058 che
2667 6001 2828 6058 nella
2851 6000 3047 6058 forma
3070 6000 3168 6058 dei
3193 6000 3462 6058 caratteri
3487 6019 3520 6058 e
3545 6001 3705 6058 della
3728 6009 3903 6058 carta.

483 6196 698 6265 2450.
746 6198 1162 6264 MERBITZII
1199 6196 1545 6265 Joannnis
1591 6196 1980 6278 Valentini,
2028 6198 2140 6265 De
2184 6196 2525 6265 varietate
2569 6196 2786 6265 faciei
2830 6196 3188 6265 humanae
3233 6196 3599 6265 discursus
3644 6196 4011 6286 physicus:
4064 6196 4484 6286 appendicis

712 6311 879 6380 loco
911 6311 1262 6380 accedunt
1290 6311 1609 6380 carmina
1636 6311 1945 6401 figurata
1972 6311 2250 6380 Rabani
2279 6311 2542 6393 Mauri,
2575 6311 2898 6380 Dresdae
2936 6311 3144 6393 1676,
3177 6311 3251 6379 in
3279 6312 3347 6393 4,
3380 6311 3507 6401 fig.

711 6423 828 6480 Nel
851 6422 1149 6497 principio
1175 6423 1208 6480 e
1232 6441 1350 6480 una
1372 6423 1575 6480 tavola
1597 6422 1905 6497 intagliata
1927 6422 1990 6479 in
2012 6441 2176 6480 rame
2201 6441 2318 6480 con
2342 6422 2547 6480 dodici
2571 6431 2737 6480 teste.

2171 6657 2347 6694 WWW.
2358 6637 2734 6710 memofonte.
2748 6639 2791 6694 il
