4958 7017
1981 864 2366 922 Fondazione
2390 838 2775 922 Memofonte
2800 865 2976 922 onlus

1390 960 1600 1018 Studio
1624 979 1731 1035 per
1754 960 2226 1018 l’elaborazione
2250 960 2632 1018 informatica
2655 961 2813 1018 delle
2838 960 2991 1018 fonti
3018 960 3571 1018 storico—artistiche

702 1248 750 1304 Il
775 1247 928 1305 libro
954 1248 987 1305 e
1011 1247 1289 1305 dedicato
1316 1248 1433 1305 alla
1458 1247 1565 1322 sig.
1593 1247 1935 1305 Elisabecta
1958 1247 2198 1305 Corsini
2223 1248 2318 1305 ne’
2351 1247 2581 1305 Ginori.

471 1443 636 1513 985.
676 1444 972 1512 GALETI
1001 1443 1401 1525 Girolamo,
1439 1445 1542 1512 La
1574 1443 1886 1512 Musica:
1926 1443 2231 1512 tradotta
2264 1443 2381 1512 dal
2416 1465 2627 1512 verso
2663 1443 2907 1512 eroico
2942 1443 3165 1512 latino
3200 1443 3274 1511 in
3309 1454 3551 1512 ottava
3582 1443 3764 1512 rima
3798 1443 3889 1512 da
3923 1443 4212 1512 Giovan
4245 1443 4487 1512 Mario

707 1558 1129 1627 Verdizotti.
1163 1558 1488 1627 Venezia
1524 1558 1732 1640 1561,
1765 1558 1839 1626 in
1872 1559 1935 1640 8,
1967 1560 2073 1627 M.
2109 1558 2223 1627 36.

471 1788 636 1858 986.
675 1790 793 1857 Du
827 1790 1196 1857 FRESNOY
1225 1788 1442 1857 Carlo
1477 1788 1817 1870 Alfonso,
1855 1789 2095 1857 L’arte
2130 1788 2322 1857 della
2353 1788 2613 1878 pittura
2644 1788 2949 1857 tradotta
2982 1788 3099 1857 dal
3133 1788 3357 1857 latino
3392 1788 3466 1856 in
3501 1788 3829 1857 francese
3865 1810 4004 1857 con
4041 1788 4381 1878 aggiunta
4414 1788 4486 1857 di

709 1903 963 1972 alcune
1000 1903 1409 1972 necessaria
1446 1903 1536 1972 ed
1575 1903 2026 1993 amplissime
2064 1903 2558 1972 osservazioni
2597 1925 2636 1972 e
2674 1914 3158 1972 nuovamente
3194 1903 3499 1972 tradotta
3534 1903 3608 1971 in
3647 1903 3947 1972 Italiano
3986 1903 4077 1972 da
4114 1904 4201 1972 G.
4243 1905 4326 1972 R.
4368 1904 4483 1985 A.,

707 2020 944 2087 Roma
980 2019 1187 2087 1713.

707 2130 823 2187 Col
864 2129 1088 2187 ritratto
1131 2129 1193 2186 in
1235 2129 1429 2187 fronte
1472 2130 1570 2187 del
1613 2129 1911 2187 cavaliere
1953 2131 2220 2187 Poerson
2261 2129 2570 2204 intagliato
2614 2130 2691 2187 da
2731 2131 2805 2187 N.
2851 2129 3160 2187 Edelinck.
3206 2129 3365 2187 Vedi
3409 2129 3598 2187 anche
3641 2130 3716 2187 de
3757 2129 3921 2187 Files
3962 2148 4069 2204 per
4110 2130 4168 2187 la
4209 2129 4486 2187 versione

707 2225 997 2283 francese.

475 2421 640 2490 987.
688 2421 913 2489 GIGLI
949 2421 1238 2502 Cesare,
1284 2422 1387 2489 La
1426 2420 1687 2510 pittura
1726 2420 2111 2489 trionfante
2156 2420 2395 2489 scritta
2435 2420 2509 2488 in
2551 2431 2829 2510 quattro
2873 2420 3167 2510 capitoli
3211 2442 3250 2489 e
3293 2431 3711 2489 consacrata
3753 2420 3819 2489 al
3861 2420 4090 2489 molto
4133 2420 4406 2489 illustre
4449 2442 4488 2489 e

708 2535 1274 2625 generosissimo
1306 2535 1610 2625 Signore
1639 2535 1691 2603 il
1723 2535 1870 2625 Sig.
1904 2535 2166 2604 Daniel
2194 2535 2379 2617 Niis,
2412 2535 2486 2603 in
2515 2535 2841 2604 Venezia
2877 2535 3085 2617 1615,
3119 2535 3210 2604 da
3238 2535 3604 2604 Giovanni
3633 2535 3934 2617 Alberti,
3967 2535 4041 2603 in
4069 2536 4136 2604 4.

706 2647 823 2704 Nel
860 2646 1253 2721 frontespizio
1291 2647 1324 2704 e
1360 2665 1479 2704 una
1516 2655 1749 2721 stampa
1785 2646 2040 2704 allusiva
2076 2647 2131 2704 al
2171 2655 2446 2721 soggetto
2484 2646 2797 2721 disegnata
2832 2646 2893 2704 di
2929 2648 3153 2721 Iacopo
3189 2647 3411 2714 Palma,
3450 2646 3760 2721 intagliata
3795 2647 3872 2704 da
3908 2647 4194 2704 Odoardo
4231 2646 4481 2704 Fialetti:

709 2761 892 2817 segue
923 2743 981 2800 la
1010 2742 1226 2800 dedica
1255 2761 1288 2800 e
1318 2742 1361 2799 il
1391 2742 1615 2800 ritratto
1647 2743 1745 2800 del
1776 2751 2104 2810 mecenate,
2138 2761 2218 2800 un
2249 2742 2461 2800 avviso
2493 2743 2852 2800 dell’autore
2884 2743 2936 2800 a’
2974 2742 3242 2810 virtuosi,
3275 2742 3402 2800 indi
3433 2743 3489 2800 le
3520 2751 3752 2817 quattro
3782 2742 3933 2817 parti
3964 2743 4062 2800 del
4091 2751 4398 2817 poemetto
4430 2743 4488 2800 la

705 2838 898 2913 prima
936 2838 998 2895 in
1040 2838 1255 2906 sciolti,
1298 2839 1356 2896 la
1393 2847 1554 2896 terza
1591 2838 1654 2895 in
1694 2847 1911 2906 ottava,
1954 2838 2215 2896 l’ultima
2253 2838 2315 2895 in
2354 2847 2544 2896 metro
2585 2838 2795 2896 libero:
2839 2838 2901 2895 in
2940 2838 3065 2896 fine
3105 2857 3185 2896 un
3222 2847 3526 2906 racconto,
3571 2838 3762 2909 (ossia
3800 2839 4104 2913 catalogo)
4146 2839 4241 2896 de’
4286 2838 4488 2913 pittori

707 2934 990 2992 celebrati
1032 2934 1094 2991 in
1136 2943 1346 3009 questa
1387 2953 1420 2992 e
1462 2934 1774 2992 nell’altra
1818 2954 2008 3008 opera
2051 2955 2172 2992 non
2215 2954 2447 2992 ancora
2490 2946 2810 3008 stampata,
2856 2935 3016 2992 della
3057 2935 3233 3009 quale
3275 2953 3397 2992 non
3441 2934 3490 2992 si
3532 2934 3609 2992 ha
3650 2943 3940 2992 contezza
3981 2953 4205 2992 veruna
4246 2935 4323 2992 da
4363 2934 4483 2992 noi.

706 3031 1081 3105 L’opuscolo
1106 3030 1168 3087 in
1191 3031 1373 3088 totale
1398 3031 1431 3088 e
1456 3030 1517 3088 di
1542 3031 1621 3088 20
1647 3039 1823 3098 carte,
1849 3049 1967 3105 pag
1991 3031 2089 3088 40.

471 3226 636 3295 988.
680 3226 928 3294 GOZZI
965 3226 1314 3315 Gasparo,
1356 3226 1596 3294 L’arte
1635 3225 1826 3294 della
1861 3225 2121 3315 pittura
2156 3247 2421 3315 poema
2456 3225 2763 3294 tradotto
2803 3225 2920 3294 dal
2958 3225 3306 3307 francese,
3349 3225 3539 3294 canti
3577 3226 3645 3307 4,
3687 3225 4012 3294 Venezia
4057 3226 4265 3307 1771,
4306 3225 4380 3293 in
4416 3226 4484 3307 4,

706 3342 812 3409 M.
846 3342 912 3409 7.

708 3452 935 3523 Questa
959 3452 992 3509 e
1017 3470 1136 3509 una
1159 3451 1507 3509 traduzione
1532 3451 1595 3508 in
1620 3451 1778 3509 versi
1806 3451 2003 3509 sciolti
2029 3452 2127 3509 del
2151 3470 2372 3526 poema
2396 3451 2457 3509 di
2488 3453 2566 3526 [p.
2603 3452 2739 3521 179]
2768 3452 3027 3509 Watelet
3049 3451 3396 3526 pubblicata
3419 3451 3481 3508 in
3506 3451 3829 3509 occasione
3855 3452 3953 3509 del
3979 3451 4362 3509 matrimonio
4389 3452 4487 3509 del

709 3547 816 3622 sig.
846 3548 992 3605 Cav.
1021 3547 1234 3605 Alvise
1258 3547 1593 3622 Mocenigo
1619 3548 1779 3605 colla
1804 3547 1911 3622 sig.
1939 3547 2253 3605 Polissena
2276 3547 2605 3605 Contarini:
2635 3566 2752 3605 con
2776 3547 3169 3622 frontespizio
3195 3547 3472 3622 figurato.
3500 3548 3849 3622 Esemplare
3873 3547 3935 3604 in
3959 3556 4119 3605 carta
4142 3548 4381 3622 grande.

471 3744 636 3813 989.
670 3745 1006 3811 HAYLEY
1028 3743 1375 3825 William,
1407 3744 1526 3811 An
1556 3765 1768 3833 essay
1797 3765 1892 3812 on
1920 3743 2244 3833 painting
2273 3743 2347 3811 in
2375 3754 2522 3812 two
2551 3743 2863 3833 Epistles
2893 3754 2967 3812 to
2996 3745 3149 3811 MR
3178 3745 3531 3833 Romney,
3565 3743 3852 3812 Londra
3888 3744 4096 3825 1781,
4129 3743 4203 3811 in
4231 3744 4298 3812 4.

705 3901 804 3906 —
836 3858 1111 3948 Epistle
1144 3869 1218 3927 to
1255 3880 1295 3927 a
1327 3858 1562 3927 friend
1596 3880 1691 3927 on
1725 3858 1844 3927 the
1879 3858 2090 3927 death
2125 3858 2210 3927 of
2236 3858 2423 3927 John
2457 3858 2697 3927 Thorn
2731 3869 2856 3927 ton
2888 3858 2986 3948 by
3018 3858 3137 3927 the
3174 3869 3375 3927 autor
3408 3858 3493 3927 of
3523 3880 3611 3927 an
3646 3858 3903 3948 epistle
3936 3869 4010 3927 to
4047 3880 4135 3927 an
4170 3858 4489 3927 eminent

706 3973 1001 4063 painter,
1034 3973 1261 4042 Lond.
1304 3974 1511 4042 1783.

705 4131 804 4136 —
844 4088 1005 4157 Ode
1045 4088 1408 4157 inscribed
1446 4099 1520 4157 to
1559 4088 1745 4157 John
1785 4088 2103 4157 Howard
2144 4088 2395 4157 author
2434 4088 2519 4157 of
2556 4088 2697 4157 The
2738 4102 2922 4157 state
2964 4089 3053 4177 of
3078 4088 3361 4178 english
3403 4088 3542 4157 and
3581 4088 3864 4178 forcing
3903 4088 4210 4178 prisons,
4254 4088 4481 4157 Lond.

716 4204 923 4272 1781.

705 4361 804 4366 —
831 4319 950 4386 An
980 4318 1168 4387 essai
1199 4340 1294 4387 on
1322 4318 1597 4408 history
1625 4318 1699 4386 in
1728 4318 1924 4387 three
1954 4318 2247 4408 epistles
2277 4329 2351 4387 to
2380 4318 2711 4387 Edevard
2741 4318 3036 4387 Gibbon
3065 4318 3239 4387 with
3268 4329 3496 4400 notes,
3529 4318 3756 4387 Lond.
3799 4319 4006 4387 1781.

705 4476 804 4481 —
832 4433 983 4502 The
1011 4433 1362 4523 triumphs
1394 4433 1479 4502 of
1500 4444 1776 4523 temper
1805 4455 1845 4502 a
1871 4455 2091 4523 poem
2119 4433 2193 4501 in
2225 4433 2335 4502 six
2366 4444 2637 4515 cantos,
2679 4434 2886 4502 1781.

705 4591 804 4596 —
831 4548 1076 4617 Essais
1108 4570 1203 4617 on
1233 4548 1393 4638 epic
1422 4559 1695 4638 poetry,
1738 4549 1945 4617 1781.

706 4661 879 4717 Tutte
904 4668 1112 4734 queste
1137 4678 1319 4734 opere
1342 4659 1622 4734 poetiche
1647 4678 1680 4717 e
1702 4659 2019 4734 pittoriche
2046 4678 2196 4717 sono
2218 4660 2412 4734 legate
2436 4659 2499 4716 in
2522 4678 2603 4717 un
2628 4660 2891 4727 volume,
2919 4678 3018 4717 ma
3041 4678 3163 4717 non
3189 4678 3340 4717 sono
3366 4659 3456 4717 fra
3479 4660 3535 4717 le
3558 4659 3663 4734 più
3687 4660 4002 4717 celebrate.

479 4875 644 4944 990.
692 4876 943 4943 LAURI
984 4876 1091 4943 Jo.
1139 4876 1315 4964 Bap.
1363 4874 1687 4943 Perusini
1733 4874 2130 4943 academici
2174 4874 2542 4956 insensati,
2589 4874 3033 4964 Titanopeia,
3083 4874 3237 4943 sive
3281 4874 3370 4943 de
3413 4874 3887 4943 fabricatione
3931 4874 4152 4943 calcis
4196 4896 4480 4964 poema:

708 4989 1037 5058 eiusdem
1065 4989 1357 5058 Perusia
1387 5000 1665 5058 servata
1694 5000 1763 5058 et
1790 4991 1993 5058 Rana
2019 4989 2453 5071 Neroniana,
2486 4989 2821 5058 Perusiae
2859 4989 3067 5071 1611,
3100 4989 3174 5057 in
3202 4990 3269 5058 4.

706 5102 870 5158 Poco
895 5109 1039 5158 noto
1065 5101 1098 5158 e
1122 5109 1334 5175 questo
1358 5109 1664 5175 poemetto
1691 5100 2079 5158 didascalico.
2107 5102 2195 5158 Lo
2223 5100 2355 5158 stile
2380 5101 2413 5158 e
2438 5100 2669 5175 gonfio,
2697 5119 2797 5158 ma
2820 5109 3019 5158 esteso
3045 5119 3162 5158 con
3186 5101 3373 5158 molta
3395 5100 3841 5175 imaginazione
3864 5100 4120 5175 poetica.

475 5296 640 5365 991.
674 5297 1109 5364 LESCALIER
1131 5295 1471 5377 Antoine,
1505 5296 1773 5364 Poème
1805 5317 1922 5364 sur
1949 5295 2019 5364 la
2045 5295 2369 5385 peinture
2400 5317 2489 5364 en
2522 5306 2678 5385 sept
2706 5295 2977 5377 chants,
3010 5295 3331 5364 Londres
3371 5296 3580 5377 1778,
3613 5295 3687 5363 in
3715 5296 3782 5364 4.

706 5406 786 5463 Di
814 5425 993 5464 mano
1022 5407 1120 5464 del
1148 5407 1385 5464 celebre
1413 5407 1681 5464 letterato
1709 5407 1785 5464 ed
1813 5406 2013 5464 artista
2040 5406 2349 5481 Giuseppe
2376 5406 2558 5464 Bossi
2586 5406 2683 5464 cui
2712 5415 3072 5481 appartenne
3099 5406 3142 5463 il
3170 5407 3415 5464 volume
3445 5415 3533 5464 sta
3561 5406 3783 5464 scritto:
3816 5408 4017 5464 Strani
4045 5409 4239 5464 errori
4265 5427 4303 5464 a
4334 5409 4480 5474 iosa,

706 5504 760 5560 si
782 5502 883 5560 nel
907 5514 1058 5560 testo
1084 5522 1255 5560 come
1280 5502 1438 5560 nelle
1463 5514 1617 5570 note,
1649 5504 1703 5560 si
1724 5503 1787 5560 di
1797 5503 1959 5576 fatta
1985 5522 2156 5560 come
2181 5503 2244 5560 di
2266 5503 2545 5576 giudizio.

479 5699 644 5768 992.
677 5700 1091 5780 MAILLIER,
1119 5698 1702 5780 L’architecture,
1734 5699 1997 5788 poéme
2028 5720 2117 5767 en
2145 5698 2318 5767 trois
2350 5698 2622 5780 chants,
2655 5698 2849 5767 Paris
2889 5699 3097 5780 1780,
3131 5720 3220 5767 en
3253 5699 3315 5767 8.

708 5810 992 5884 Operetta
1015 5809 1076 5867 di
1108 5809 1221 5867 150
1245 5809 1464 5884 pagine
1490 5809 1802 5867 arricchita
1825 5809 1886 5867 di
1911 5810 2096 5867 molte
2122 5809 2522 5867 annotazioni.

471 6005 636 6074 993.
670 6006 770 6073 Le
798 6006 1134 6086 MIERRE,
1162 6006 1265 6073 La
1291 6004 1637 6094 peinture,
1669 6005 1932 6094 poéme
1963 6026 2052 6073 en
2080 6004 2253 6073 trois
2285 6004 2557 6086 chants,
2590 6004 2784 6073 Paris
2824 6004 3032 6086 1769,
3065 6004 3139 6072 in
3172 6005 3234 6073 8.

707 6116 842 6173 Con
867 6115 1061 6190 figure
1085 6115 1392 6190 intagliate
1419 6115 1510 6173 sui
1535 6115 1772 6190 disegni
1797 6115 1858 6173 di
1883 6115 2120 6173 Cochin
2144 6134 2177 6173 e
2201 6115 2244 6172 il
2267 6115 2491 6173 ritratto
2517 6116 2615 6173 dal
2640 6134 2785 6190 gran
2809 6115 3115 6173 Corneille
3139 6116 3237 6173 nel
3263 6115 3674 6190 frontespizio.

475 6312 640 6381 994.
687 6313 1007 6380 MICHEL
1043 6313 1149 6380 M.
1197 6313 1300 6380 La
1341 6311 1687 6401 peinture,
1734 6312 2002 6380 Poème
2047 6312 2414 6380 couronné
2460 6333 2598 6380 aux
2641 6313 2821 6380 Jeux
2864 6311 3171 6380 Floraux
3215 6311 3283 6380 le
3328 6312 3367 6380 3
3415 6311 3572 6380 Mai
3625 6311 3832 6380 1767.
3880 6313 4011 6380 Par
4052 6313 4158 6380 M.
4205 6311 4486 6380 Michel

708 6426 1156 6516 d’Avignon,
1213 6426 1482 6495 ecolier
1532 6426 1621 6495 de
1672 6426 2080 6516 rhétorique
2132 6437 2201 6495 et
2252 6426 2341 6495 de
2392 6426 2856 6495 l’Academie
2908 6426 3003 6495 du
3055 6426 3361 6516 College
3413 6426 3503 6495 de
3554 6426 3965 6508 l’Oratoire,
4022 6427 4062 6495 à
4112 6428 4340 6516 Lyon,
4396 6426 4486 6495 de

2171 6657 2347 6694 WWW.
2358 6637 2734 6710 memofonte.
2748 6639 2766 6694 i
2770 6648 2791 6694 t
