4958 7017
1981 864 2366 922 Fondazione
2390 838 2775 922 Memofonte
2800 865 2976 922 onlus

1390 960 1600 1018 Studio
1624 979 1731 1035 per
1754 960 2226 1018 l’elaborazione
2250 960 2632 1018 informatica
2655 961 2813 1018 delle
2838 960 2991 1018 fonti
3018 960 3571 1018 storico—artistiche

474 1440 655 1497 2834.

474 1822 655 1880 2835.

474 2301 655 2359 2836.

474 2590 655 2647 2837.

474 2973 655 3030 2838.

474 3356 655 3414 2839.

474 3740 655 3797 2840.

474 4027 656 4094 2841,

472 4620 529 4676 p.
559 4601 635 4659 58

474 4794 655 4851 2842.

474 5081 655 5138 2843.

474 5369 655 5426 2844.

474 5751 655 5809 2845.

474 6230 655 6288 2846.

707 1256 917 1322 questa
940 1247 1276 1305 medesima
1299 1256 1505 1322 quarta
1528 1247 1806 1305 edizione
1829 1256 2001 1322 porta
2024 1248 2082 1305 la
2105 1248 2242 1305 data
2265 1248 2363 1305 del
2394 1247 2567 1305 1571.

685 1441 1133 1497 EXPLICATION
1158 1440 1233 1497 de
1260 1440 1419 1497 deux
1445 1439 1759 1497 medailles
1789 1440 1823 1497 a
1848 1440 1906 1497 la
1932 1439 2122 1514 gloire
2149 1440 2224 1497 de
2253 1440 2310 1497 S.
2346 1441 2424 1514 [p.
2457 1439 2558 1509 57]
2590 1441 2678 1497 M.
2710 1439 3055 1497 Guillaume
3082 1441 3163 1496 III
3188 1439 3394 1514 prince
3421 1440 3749 1514 d’Orange,
3779 1441 3915 1514 Roy
3941 1440 4382 1514 d’Angleterre,
4412 1440 4487 1497 de

706 1537 929 1593 France
954 1554 1063 1603 ec.,
1098 1535 1273 1603 1698,
1299 1535 1361 1592 in
1388 1536 1441 1603 8,
1468 1537 1556 1593 M.
1586 1535 1681 1593 54.

712 1632 847 1689 Con
871 1632 987 1689 due
1011 1632 1212 1689 tavole
1236 1631 1542 1706 intagliate
1566 1631 1629 1688 in
1651 1650 1834 1699 rame,
1862 1650 1978 1689 ove
2002 1631 2022 1688 i
2047 1632 2163 1689 due
2188 1631 2559 1706 medaglioni
2586 1650 2736 1689 sono
2763 1631 2824 1689 di
2847 1632 3009 1689 bella
3032 1650 3065 1689 e
3090 1631 3376 1706 diligente
3401 1631 3780 1689 esecuzione.

685 1824 1003 1879 FALLETTI
1028 1824 1357 1880 Tommaso
1385 1822 1719 1890 Vincenzo,
1749 1822 2172 1880 Introduzione
2201 1823 2320 1880 allo
2351 1822 2548 1880 studio
2577 1823 2672 1880 de’
2705 1822 2967 1897 preziosi
2994 1822 3215 1880 Musei.
3246 1822 3683 1880 Dissertazioni
3711 1831 3961 1897 quattro,
3991 1824 4188 1880 Roma
4221 1823 4396 1890 1783,
4426 1822 4488 1879 in

710 1919 762 1976 8.

711 2016 984 2072 Versano
1015 2023 1224 2089 queste
1256 2015 1407 2072 sulle
1436 2014 1624 2089 pietre
1654 2014 1780 2072 fine
1810 2033 1847 2072 o
1878 2033 2119 2089 gemme
2150 2014 2423 2089 figurate,
2458 2014 2614 2089 sugli
2645 2014 2857 2072 avanzi
2889 2014 3165 2089 spettanti
3197 2014 3583 2072 all’idolatria
3611 2014 3774 2089 degli
3805 2014 4044 2082 antichi,
4080 2015 4337 2072 sull’uso
4368 2033 4401 2072 e
4431 2015 4489 2072 la

707 2110 1068 2168 distinzione
1093 2111 1251 2168 delle
1276 2110 1577 2185 medaglie
1602 2129 1635 2168 e
1662 2129 1840 2185 sopra
1863 2111 1919 2168 le
1944 2129 2088 2168 cose
2112 2110 2173 2168 di
2198 2110 2364 2168 vario
2390 2129 2607 2185 genere
2632 2110 2744 2168 che
2769 2110 3064 2178 formano,
3091 2110 3347 2168 insieme
3370 2111 3650 2178 raccolte,
3678 2111 3736 2168 la
3757 2110 4081 2185 preziosità
4104 2111 4199 2168 de’
4230 2110 4451 2168 Musei.

682 2303 1086 2369 FONTANIEU,
1114 2302 1278 2359 L’art
1301 2302 1376 2359 de
1401 2301 1551 2359 faire
1576 2302 1663 2359 les
1689 2301 1949 2359 cristaux
1973 2302 2209 2359 colorés
2234 2301 2468 2359 imitant
2492 2302 2579 2359 les
2603 2301 2827 2376 pierres
2851 2301 3213 2376 precieuses,
3240 2301 3403 2359 Paris
3436 2302 3611 2369 1778,
3638 2301 3700 2358 in
3727 2302 3780 2369 8,
3807 2303 3895 2359 M.
3923 2302 4020 2360 97.

707 2398 842 2455 Con
866 2398 982 2455 due
1006 2398 1225 2465 tavole,
1253 2398 1421 2455 l’una
1444 2397 1751 2455 d’elenchi
1776 2416 1809 2455 e
1832 2397 1964 2472 pesi
1989 2416 2022 2455 e
2047 2398 2244 2455 l’altra
2267 2397 2628 2472 esprimente
2652 2397 2695 2454 il
2721 2397 2979 2455 fornello
3005 2397 3066 2455 di
3091 2398 3317 2455 lavoro.

682 2591 1004 2647 FICORONI
1026 2591 1378 2657 Francesco,
1405 2591 1430 2646 I
1453 2589 1687 2664 piombi
1713 2589 1952 2657 antichi,
1979 2591 2177 2647 Roma
2207 2590 2382 2657 1740,
2409 2589 2471 2646 in
2494 2590 2551 2657 4,
2579 2590 2698 2647 vol.
2727 2590 2783 2657 2,
2811 2589 2915 2664 fig.

702 2686 750 2742 Il
781 2686 1047 2743 secondo
1077 2686 1322 2743 volume
1351 2704 1473 2743 non
1501 2685 1780 2743 contiene
1809 2685 1920 2743 che
1950 2686 2006 2743 le
2035 2685 2248 2760 figure,
2280 2686 2336 2743 le
2365 2685 2527 2760 quali
2559 2704 2709 2743 sono
2739 2685 2801 2742 in
2829 2694 3114 2760 quaranta
3140 2686 3359 2753 tavole,
3391 2704 3710 2760 compreso
3739 2685 3782 2742 il
3809 2685 4033 2743 ritratto
4063 2685 4124 2743 di
4152 2686 4486 2743 Benedetto

706 2783 851 2839 XIV
876 2781 973 2839 cui
998 2782 1233 2856 l’opera
1256 2781 1321 2839 fu
1345 2781 1636 2839 dedicata.

688 2974 1009 3030 FICORONI
1037 2972 1357 3040 Francisci,
1389 2974 1483 3030 De
1512 2972 1814 3047 plumbeis
1846 2972 2228 3047 antiquorum
2256 2972 2738 3040 numismatibus,
2771 2972 2952 3030 latine
2983 2972 3156 3030 vertit
3184 2972 3545 3030 Dominicus
3577 2972 4007 3047 Cantagallius,
4040 2974 4272 3030 Romae
4310 2972 4485 3040 1750,

706 3068 768 3125 in
791 3069 848 3136 4,
876 3068 981 3143 fig.

703 3165 838 3222 Con
861 3165 941 3222 40
966 3165 1166 3222 tavole
1190 3164 1252 3221 in
1274 3183 1457 3232 rame,
1485 3164 1869 3239 compresovi
1894 3165 1952 3222 la
1973 3164 2167 3239 prima
2190 3165 2288 3222 del
2313 3164 2725 3239 frontespizio.

683 3357 1004 3413 FICORONI
1026 3355 1347 3423 Francisci,
1376 3356 1672 3413 Gemmae
1698 3355 1975 3430 antiquae
2001 3355 2306 3423 litteratae,
2335 3355 2608 3430 aliaeque
2631 3355 2901 3413 rariores.
2929 3356 3334 3413 Accesserunt
3358 3364 3560 3413 vetera
3583 3364 3973 3413 monumenta
3997 3356 4273 3430 ejusdem
4297 3364 4486 3413 aetate

705 3460 953 3526 reperta,
981 3451 1185 3509 omnia
1208 3452 1481 3519 collecta,
1509 3460 1567 3509 et
1589 3451 1880 3509 illustrata
1904 3470 1938 3509 a
1960 3451 2220 3509 Nicolao
2247 3451 2486 3519 Galetti,
2513 3453 2746 3509 Romae
2778 3451 2952 3519 1757,
2979 3451 3041 3508 in
3064 3452 3121 3519 4,
3149 3451 3253 3526 fig.

707 3548 842 3605 Con
865 3547 1070 3605 undici
1094 3548 1295 3605 tavole
1319 3547 1625 3622 intagliate
1649 3547 1712 3604 in
1735 3566 1915 3605 rame.

684 3741 942 3797 FLOREZ
966 3739 1245 3814 Enrique,
1274 3740 1575 3797 Medallas
1603 3740 1678 3797 de
1705 3740 1792 3797 las
1820 3739 2111 3807 colonias,
2141 3739 2506 3814 municipios
2534 3759 2572 3814 y
2596 3740 2852 3814 pueblos
2881 3739 3157 3814 antiquos
3185 3740 3260 3797 de
3286 3741 3542 3814 Espana,
3571 3739 3815 3797 Madrid
3847 3739 4000 3797 1757
4030 3758 4063 3797 e
4096 3739 4270 3807 1758,
4300 3740 4337 3796 2
4364 3740 4483 3797 vol.

707 3836 821 3910 leg.
849 3835 911 3892 in
935 3854 1074 3903 uno,
1101 3835 1164 3892 in
1187 3836 1244 3903 4,
1272 3835 1376 3910 fig.

684 4028 942 4084 FLOREZ
966 4026 1245 4101 Enrique,
1274 4027 1575 4084 Medallas
1603 4027 1680 4084 da
1705 4027 1792 4084 las
1820 4026 2092 4084 colonias
2120 4027 2195 4084 de
2221 4028 2460 4101 Espana
2484 4026 2653 4084 hasta
2678 4026 2781 4084 hoi
2807 4045 2886 4084 no
2912 4026 3326 4101 pubblicadas,
3356 4045 3473 4084 con
3499 4027 3586 4084 las
3614 4027 3689 4084 de
3716 4027 3808 4084 los
3835 4028 4033 4101 Reyes
4062 4027 4295 4094 Godos;
4323 4035 4488 4101 parte

706 4122 971 4190 terciera,
998 4122 1242 4180 Madrid
1272 4123 1445 4180 1773.

713 4219 914 4293 Opera
941 4218 1384 4293 pregiatissima
1413 4237 1446 4276 e
1475 4237 1605 4276 rara
1636 4218 2064 4293 specialmente
2094 4218 2157 4275 in
2186 4218 2371 4276 Italia.
2405 4220 2472 4275 In
2500 4218 2799 4293 principio
2831 4219 2864 4276 e
2894 4218 2937 4275 il
2966 4218 3190 4276 ritratto
3222 4219 3578 4276 dell’autore
3608 4218 3918 4293 intagliato
3950 4219 4027 4276 da
4056 4219 4359 4276 Carmona
4388 4219 4486 4276 nel

714 4315 888 4372 1773.
925 4315 1187 4389 L’opera
1219 4315 1252 4372 è
1284 4314 1446 4372 ricca
1478 4314 1539 4372 di
1574 4314 1650 4372 67
1686 4323 1801 4372 tav.
1838 4314 1901 4371 in
1932 4333 2097 4372 rame
2132 4314 2222 4372 fra
2253 4314 2273 4371 i
2306 4323 2391 4372 tre
2426 4314 2674 4372 volumi.
2713 4316 2797 4372 Le
2831 4314 3133 4389 medaglie
3167 4314 3265 4372 dei
3300 4314 3443 4372 Goti
3476 4314 3581 4389 poi
3617 4333 3768 4372 sono
3802 4314 4108 4389 intagliate
4142 4314 4204 4371 in
4238 4315 4418 4389 legno
4453 4333 4486 4372 e

706 4410 947 4468 inserite
973 4410 1063 4468 fra
1085 4410 1128 4467 il
1152 4419 1324 4478 testo,
1352 4429 1451 4468 ma
1472 4410 1725 4485 ripetute
1751 4429 1784 4468 e
1807 4410 2021 4468 riunite
2045 4410 2108 4467 in
2133 4411 2276 4468 altre
2304 4411 2336 4468 8
2363 4411 2563 4468 tavole
2589 4410 2954 4468 addizionali
2980 4411 3035 4468 al
3060 4410 3202 4468 fine.

682 4795 1067 4861 FONTANINI,
1095 4793 1359 4851 Achates
1384 4793 1611 4851 Isiacus
1638 4793 1956 4861 annularis,
1984 4793 2484 4851 commentariolo
2511 4793 2862 4868 explicatus,
2889 4795 3121 4851 Romae
3153 4794 3328 4861 1737,
3355 4793 3417 4850 in
3440 4794 3497 4861 4,
3525 4793 3629 4868 fig.

702 4889 782 4946 Di
807 4890 994 4947 molta
1019 4889 1367 4964 singolarità
1390 4890 1423 4947 e
1448 4890 1506 4947 la
1529 4908 1772 4964 gemma
1795 4889 1897 4964 qui
1921 4889 2230 4964 intagliata
2252 4889 2315 4946 in
2337 4908 2501 4947 rame
2526 4890 2602 4947 ed
2625 4889 2930 4947 illustrata.

682 5082 997 5138 FREYTAG
1018 5080 1352 5138 Fridericus
1379 5080 1656 5148 Gotthilf,
1683 5082 1777 5138 De
1802 5081 2149 5138 Alexandro
2174 5082 2406 5155 Magno
2432 5080 2784 5155 Cornigero,
2811 5080 3052 5155 Lipsiae
3084 5080 3259 5148 1715,
3286 5080 3348 5137 in
3375 5081 3428 5148 8,
3456 5080 3582 5155 fig.,
3609 5082 3697 5138 M.
3727 5080 3823 5138 57.

716 5177 832 5234 Col
857 5176 1241 5251 medaglione
1265 5176 1576 5251 intagliato
1601 5176 1663 5233 in
1685 5195 1850 5234 rame
1874 5177 1972 5234 nel
1998 5176 2409 5251 frontespizio.

682 5370 1014 5426 FROELICH
1037 5368 1287 5436 Erasmi,
1314 5368 1672 5426 Dissertatio
1698 5369 1773 5426 de
1797 5368 2060 5426 nummis
2086 5368 2556 5426 monetariorum
2579 5377 2850 5426 veterum
2872 5369 3051 5443 culpa
3074 5368 3328 5436 Vitiosis,
3355 5368 3629 5426 Viennae
3661 5368 3836 5436 1736,
3863 5368 3925 5425 in
3952 5369 4005 5436 8,
4033 5368 4159 5443 fig.,
4186 5370 4274 5426 M.
4303 5369 4400 5426 74.

727 5464 1052 5522 Utilissimi
1085 5483 1235 5522 sono
1265 5483 1372 5539 per
1401 5465 1461 5522 lo
1495 5464 1691 5522 studio
1724 5465 1884 5522 della
1912 5464 2336 5522 numismatica
2365 5464 2560 5539 questi
2591 5464 2744 5532 libri,
2778 5464 2889 5522 che
2919 5464 3252 5539 insegnano
3285 5483 3319 5522 a
3348 5464 3654 5539 guardarsi
3685 5465 3843 5522 dalle
3874 5483 4056 5539 opere
4087 5464 4483 5532 contraffatte,

707 5560 865 5617 colle
889 5560 1089 5617 tavole
1113 5559 1419 5634 intagliate
1443 5559 1506 5616 in
1528 5578 1692 5617 rame
1718 5578 1751 5617 e
1774 5559 2055 5634 riportate
2080 5559 2170 5617 fra
2192 5559 2235 5616 il
2259 5568 2430 5617 testo.

688 5753 1020 5809 FROELICH
1049 5751 1299 5819 Erasmi,
1332 5753 1426 5809 De
1458 5751 1691 5809 familia
1719 5751 2063 5809 Vaballathi
2094 5751 2358 5809 nummis
2389 5751 2696 5819 illustrata,
2730 5752 3093 5826 opusculum
3120 5760 3486 5826 postumum.
3521 5752 3838 5809 Accedunt
3868 5751 4303 5826 appendiculae
4334 5752 4487 5809 duae

708 5848 783 5905 ad
806 5847 1169 5905 numismata
1193 5847 1435 5922 antiqua
1459 5866 1493 5905 a
1517 5848 1608 5905 Cl.
1636 5847 1965 5905 Vaillantio
1991 5847 2142 5905 olim
2165 5847 2325 5905 edita
2348 5856 2480 5915 etc.,
2507 5847 2911 5905 Vindobonae
2943 5847 3117 5915 1762,
3144 5847 3206 5904 in
3229 5848 3286 5915 4,
3314 5847 3440 5922 fig.,
3467 5849 3555 5905 M.
3591 5848 3681 5905 17.

737 5944 872 6001 Con
903 5952 1135 6018 quattro
1167 5944 1368 6001 tavole
1399 5943 1462 6000 in
1491 5962 1673 6001 rame.
1708 5944 1757 6000 Il
1790 5943 2034 6001 Khellio
2068 5943 2134 6001 fu
2165 5943 2444 6001 l’editore
2476 5943 2537 6001 di
2569 5944 2957 6018 quest’opera
2985 5952 3267 6018 postuma
3297 5962 3330 6001 e
3363 5944 3421 6001 la
3452 5943 3514 6001 fa
3543 5944 3866 6018 precedere
3898 5943 4254 6018 dall’elogio
4288 5944 4343 6001 al
4378 5962 4486 6001 suo

707 6040 945 6114 collega
967 6039 1258 6097 Froelich.

689 6232 1021 6288 FROELICH
1051 6230 1302 6298 Erasmi,
1337 6230 1760 6305 Appendicula
1791 6231 1866 6288 ad
1896 6249 2146 6288 nummo
2179 6231 2595 6305 Augustorum
2624 6239 2683 6288 et
2713 6231 3044 6288 Caesarum
3075 6231 3148 6288 ab
3180 6230 3425 6288 urbibus
3459 6249 3673 6305 graece
3705 6230 4088 6305 loquentibus
4121 6249 4301 6288 cusos
4334 6249 4486 6305 quos

706 6326 1067 6384 Vaillantius
1093 6327 1435 6401 collegerat,
1462 6326 1737 6384 Viennae
1769 6327 1943 6394 1734,
1970 6326 2032 6383 in
2063 6327 2154 6394 12,
2181 6328 2269 6384 M.
2297 6327 2394 6384 74.

712 6423 847 6480 Con
878 6423 949 6481 19
975 6423 1175 6480 tavole
1199 6422 1505 6497 intagliate
1529 6422 1592 6479 in
1614 6441 1796 6480 rame.

2171 6657 2347 6694 WWW.
2358 6637 2734 6710 memofonte.
2748 6639 2791 6694 il
