4958 7017
1981 864 2366 922 Fondazione
2390 864 2775 922 Memofonte
2800 865 2976 922 onlus

1390 960 1600 1018 Studio
1624 979 1731 1035 per
1754 960 2226 1018 l’elaborazione
2250 960 2632 1018 informatica
2655 961 2813 1018 delle
2838 960 2991 1018 fonti
3018 960 3571 1018 storico—artistiche

474 1344 655 1402 2980.
688 1345 944 1401 RAPONI
971 1345 1190 1418 Ignace
1220 1343 1434 1411 Marie,
1466 1343 1717 1401 Recueil
1747 1344 1822 1401 de
1850 1343 2074 1418 pierres
2106 1343 2377 1418 antiques
2409 1344 2658 1418 gravées
2690 1362 2837 1401 avec
2868 1344 2996 1401 leur
3024 1343 3408 1418 description,
3441 1345 3654 1411 Rome,
3695 1343 3870 1411 1786,
3903 1343 4051 1401 chez
4080 1343 4402 1401 Bouchard
4431 1352 4489 1401 et

708 1439 975 1507 Gravier,
1002 1439 1064 1496 in
1089 1439 1216 1507 fol.,
1244 1439 1348 1514 fig.

714 1536 878 1593 Sono
904 1536 1104 1593 tavole
1133 1536 1228 1603 88,
1256 1536 1414 1593 nelle
1440 1535 1602 1610 quali
1626 1554 1733 1610 per
1759 1535 2182 1610 speculazione
2208 1535 2447 1593 libraria
2473 1554 2623 1593 sono
2648 1535 2849 1593 riuniti
2875 1554 2908 1593 e
2933 1535 3226 1610 intagliati
3252 1554 3369 1593 con
3395 1535 3807 1610 vituperevole
3832 1535 4191 1610 negligenza
4214 1535 4234 1592 i
4258 1535 4363 1610 più
4386 1535 4486 1593 bei

706 1631 1082 1689 monumenti
1107 1632 1248 1689 dell’
1260 1631 1559 1689 antichità.

474 1823 655 1881 2981.
690 1824 905 1880 RASPE
937 1823 1270 1897 Catalogue
1301 1822 1581 1880 raisonné
1614 1823 1800 1880 d’une
1833 1822 2158 1880 collection
2191 1823 2468 1897 générale
2502 1823 2577 1880 de
2608 1822 2831 1897 pierres
2865 1823 3113 1897 gravées
3148 1822 3420 1897 antiques
3454 1831 3512 1880 et
3543 1823 3861 1880 modernes
3894 1831 4018 1880 tant
4049 1841 4124 1880 en
4156 1841 4338 1880 creux
4370 1841 4486 1897 que

707 1919 965 1986 camées,
1003 1918 1180 1976 tireés
1217 1919 1323 1976 des
1358 1919 1494 1993 plus
1531 1919 1799 1976 célebres
1836 1918 2103 1976 cabinets
2140 1919 2215 1976 de
2251 1919 2539 1993 l’Europe
2575 1919 2848 1976 moulées
2885 1937 2960 1976 en
2993 1919 3161 1993 pàtes
3196 1937 3303 1993 par
3336 1920 3591 1993 Jacques
3627 1918 3837 1976 Tassie
3875 1919 4193 1993 sculpteur,
4232 1919 4376 1976 orné
4412 1919 4487 1976 de

705 2014 993 2089 planches
1019 2015 1287 2089 gravées,
1314 2015 1583 2072 Londres
1616 2014 1791 2082 1761,
1819 2015 1856 2071 2
1882 2015 2023 2082 vol.,
2050 2014 2112 2071 in
2135 2015 2192 2082 4,
2220 2014 2324 2089 fig.
2352 2014 2494 2089 ingl.
2523 2033 2556 2072 e
2582 2014 2729 2072 fran.

702 2110 884 2168 Molti
910 2110 1277 2185 preliminari
1305 2110 1848 2168 dottissimamente
1878 2129 2028 2168 sono
2057 2110 2285 2185 esposti
2313 2111 2670 2168 dall’autore
2698 2129 2731 2168 e
2757 2110 3075 2185 procedesi
3103 2129 3220 2168 con
3246 2129 3326 2168 un
3354 2110 3556 2168 abisso
3585 2110 3646 2168 di
3672 2110 3963 2185 pazienza
3989 2129 4022 2168 e
4050 2110 4111 2168 di
4139 2110 4486 2185 cognizioni

708 2225 742 2264 a
765 2206 1092 2264 riordinare
1117 2225 1224 2281 per
1248 2206 1511 2274 materie,
1541 2206 1705 2264 ossia
1729 2225 1836 2281 per
1863 2215 2137 2281 soggetto
2165 2225 2245 2264 un
2271 2225 2521 2264 numero
2549 2206 2610 2264 di
2644 2206 2842 2264 15800
2868 2206 3056 2281 pietre
3082 2206 3289 2264 incise.
3319 2206 3599 2264 Termina
3624 2206 3667 2263 il
3696 2207 3963 2264 secondo
3991 2207 4236 2264 volume
4263 2225 4380 2264 con
4407 2206 4483 2264 57

706 2302 906 2359 tavole
930 2301 992 2358 in
1014 2320 1179 2359 rame
1205 2301 1362 2359 assai
1385 2302 1504 2359 ben
1527 2301 1736 2359 incise.
1764 2302 2112 2376 Esemplare
2136 2301 2198 2358 in
2222 2310 2382 2359 carta
2405 2301 2664 2369 distinta,
2692 2302 2807 2376 leg.
2835 2301 2897 2358 in
2921 2320 3064 2359 mar.
3092 2301 3154 2358 in
3178 2320 3258 2359 un
3284 2302 3416 2359 solo
3442 2320 3655 2376 grosso
3681 2302 3943 2359 volume.

474 2494 655 2552 2982.
687 2495 949 2551 RICAUD
979 2494 1054 2551 de
1082 2493 1375 2568 Tirégale,
1407 2493 1731 2551 Médailles
1764 2512 1861 2551 sur
1889 2494 1976 2551 les
2005 2493 2360 2568 principaux
2389 2494 2754 2551 événemens
2785 2494 2860 2551 de
2890 2493 3181 2568 l’Empire
3211 2494 3286 2551 de
3315 2493 3534 2551 Russie
3564 2493 3776 2568 depuis
3807 2494 3863 2551 le
3891 2512 4073 2568 regne
4103 2494 4178 2551 de
4207 2493 4403 2551 Pierre
4433 2494 4488 2551 le

707 2590 893 2664 grand
909 2590 1130 2664 jusque
1156 2590 1190 2647 a
1213 2589 1371 2647 celui
1396 2590 1471 2647 de
1496 2589 1815 2647 Catherine
1839 2591 1910 2657 II,
1939 2590 1973 2647 a
1995 2590 2281 2647 Potsdam
2310 2590 2485 2657 1772,
2512 2589 2574 2646 in
2598 2589 2703 2647 fol.

709 2686 873 2743 Sono
910 2686 1018 2742 111
1054 2685 1354 2760 medaglie
1383 2685 1444 2743 di
1474 2685 1781 2743 mediocre
1810 2685 2171 2743 esecuzione
2200 2686 2258 2743 la
2285 2685 2383 2743 cui
2411 2685 2821 2743 illustrazione
2848 2686 3031 2743 breve
3060 2704 3093 2743 e
3122 2685 3324 2743 chiara
3351 2686 3384 2743 è
3413 2685 3684 2760 eseguita
3712 2704 3829 2743 con
3857 2686 4058 2760 quella
4088 2685 4348 2743 sobrietà
4375 2685 4486 2743 che

707 2781 949 2839 diventa
970 2781 1264 2856 preziosa,
1292 2800 1408 2839 ove
1433 2782 1688 2839 l’autore
1713 2800 1835 2839 non
1860 2781 2199 2856 vagheggia
2223 2781 2761 2839 ambiziosamente
2786 2781 2847 2839 di
2871 2790 3117 2839 mettere
3144 2800 3207 2839 se
3234 2790 3426 2839 stesso
3451 2781 3513 2838 in
3536 2790 3749 2856 troppa
3772 2781 4080 2839 evidenza.

474 2973 655 3031 2983.
682 2974 1021 3030 RICERCHE
1047 2991 1223 3047 sopra
1245 2991 1363 3030 una
1384 2972 1574 3047 pietra
1595 2972 1873 3047 preziosa
1896 2973 2056 3030 della
2079 2981 2245 3030 veste
2268 2972 2622 3047 pontificale
2647 2972 2708 3030 di
2732 2973 2996 3040 Aronne,
3023 2972 3259 3030 Milano
3292 2973 3467 3040 1818,
3493 2972 3555 3029 in
3579 2972 3706 3040 fol.,
3733 2974 3821 3030 M.
3853 2973 3905 3030 8.

698 3068 991 3126 Edizione
1018 3068 1534 3143 splendidamente
1559 3068 1845 3143 eseguita.

474 3261 655 3319 2984.
689 3262 1097 3318 RIFLESSIONI
1129 3279 1306 3335 sopra
1335 3279 1453 3318 una
1482 3260 1672 3335 pietra
1702 3260 1997 3318 ﬂessibile
2027 3269 2263 3335 pretesa
2293 3261 2388 3318 ela
2423 3262 2500 3335 [p.
2539 3261 2637 3330 81]
2677 3260 2841 3328 stica,
2876 3260 2987 3318 che
3021 3260 3070 3318 si
3102 3279 3395 3318 conserva
3424 3261 3523 3318 nel
3553 3261 3805 3335 palazzo
3836 3260 4147 3335 Borghese
4178 3260 4240 3317 in
4270 3262 4484 3328 Roma,

706 3357 903 3413 Roma
933 3356 1108 3423 1783,
1135 3355 1197 3412 in
1220 3356 1277 3423 4,
1304 3357 1392 3413 M.
1428 3355 1517 3413 15.

474 3547 655 3606 2985.
685 3548 799 3605 De’
832 3549 1030 3605 ROSSI
1056 3547 1297 3605 Giovan
1325 3547 1654 3615 Gherardo,
1683 3549 1917 3605 Lettera
1943 3548 1998 3605 al
2027 3547 2135 3622 sig.
2166 3556 2342 3605 conte
2369 3547 2620 3605 Franchi
2648 3547 2709 3605 di
2735 3549 2887 3605 Pont
2911 3547 3148 3605 intorno
3177 3566 3211 3605 a
3236 3566 3354 3605 una
3382 3547 3534 3605 serie
3561 3547 3622 3605 di
3649 3566 3890 3622 gemme
3916 3547 4223 3622 intagliate
4251 3547 4487 3605 antiche

707 3662 740 3701 e
765 3644 1070 3711 moderne,
1097 3643 1320 3701 Turino
1353 3644 1527 3711 1793,
1554 3643 1616 3700 in
1643 3644 1696 3711 8,
1722 3645 1810 3701 M.
1842 3644 1936 3701 87.

474 3835 655 3894 2986.
691 3837 1058 3893 ROTUNDUS
1093 3837 1182 3893 Jo.
1218 3835 1506 3910 Baptista,
1541 3836 1640 3893 Ad
1675 3854 1781 3893 sex
1811 3835 2145 3910 primorum
2177 3836 2507 3893 Caesarum
2539 3835 2999 3910 genealogicam
3032 3836 3307 3893 arborem
3338 3835 3787 3903 commentaria,
3822 3835 4083 3910 Neapoli
4123 3836 4298 3903 1787,
4333 3835 4395 3892 in
4426 3836 4483 3903 4,

707 3930 834 4005 fig.,
861 3932 949 3988 M.
980 3931 1075 3988 33.

720 4027 855 4084 Con
878 4045 997 4084 una
1021 4045 1165 4101 gran
1188 4027 1391 4084 tavola
1414 4027 1771 4084 dell’albero
1798 4027 1853 4084 al
1878 4026 2019 4084 fine.

474 4219 655 4277 2987.
682 4220 938 4276 ROVILII
963 4218 1313 4293 Guglielmi,
1340 4218 1821 4293 Promptuarium
1843 4218 2092 4276 iconum
2114 4218 2515 4293 insigniorum
2539 4237 2573 4276 a
2598 4219 2841 4276 saeculo
2866 4218 3184 4276 hominum
3207 4227 3339 4286 etc.,
3366 4218 3645 4293 Lugduni
3677 4218 3852 4286 1553,
3879 4218 3941 4275 in
3964 4219 4021 4286 4,
4049 4218 4153 4293 fig.

706 4314 887 4372 Libro
923 4314 984 4372 di
1017 4315 1179 4372 bella
1212 4333 1245 4372 e
1282 4314 1581 4372 stimabile
1616 4314 1977 4372 esecuzione
2010 4333 2117 4389 per
2150 4315 2490 4389 l’eleganza
2523 4315 2683 4372 della
2715 4314 3115 4389 impressione
3150 4333 3183 4372 e
3216 4333 3323 4389 per
3356 4315 3412 4372 le
3446 4315 3646 4372 tavole
3680 4314 3743 4371 in
3778 4315 3958 4389 legno
3996 4323 4285 4389 stampate
4321 4314 4411 4372 fra
4443 4314 4486 4371 il

706 4419 877 4468 testo.
915 4411 1065 4468 Però
1101 4410 1484 4485 l’antiquario
1521 4410 1581 4468 vi
1616 4429 1791 4468 cerca
1824 4411 2173 4468 l’esattezza
2206 4429 2239 4468 e
2275 4411 2335 4468 lo
2370 4419 2540 4468 trova
2574 4410 2721 4468 fatto
2759 4429 2793 4468 a
2826 4410 3146 4485 capriccio:
3188 4411 3424 4468 sembra
3458 4411 3556 4468 dal
3589 4410 3910 4485 privilegio
3946 4410 4058 4468 che
4093 4411 4255 4468 nello
4293 4419 4485 4468 stesso

708 4524 863 4563 anno
897 4506 1284 4580 quest’opera
1315 4505 1556 4563 venisse
1587 4505 1934 4580 pubblicata
1964 4505 2026 4562 in
2058 4505 2349 4573 francese,
2384 4505 2446 4562 in
2481 4506 2836 4580 Spagnuolo,
2871 4505 2933 4562 in
2964 4505 3209 4563 italiano
3243 4524 3276 4563 e
3308 4505 3370 4562 in
3402 4505 3606 4563 latino:
3644 4524 3677 4563 e
3709 4505 3771 4562 in
3803 4505 3933 4563 fatti
3967 4505 4248 4563 abbiamo
4282 4505 4486 4563 veduti

707 4601 1026 4676 esemplari
1050 4601 1278 4659 italiani
1303 4620 1420 4659 con
1444 4602 1502 4659 la
1525 4602 1662 4659 data
1685 4602 1848 4659 dello
1876 4610 2067 4659 stesso
2094 4620 2250 4659 anno
2283 4601 2457 4659 1553.
2485 4602 2747 4676 L’opera
2770 4602 2803 4659 è
2828 4601 3104 4659 dedicata
3128 4602 3203 4659 ad
3226 4601 3444 4659 Enrico
3468 4603 3521 4658 II
3546 4620 3579 4659 e
3603 4601 3800 4659 divisa
3822 4601 3884 4658 in
3908 4602 4024 4659 due
4047 4601 4215 4676 parti.

474 4794 655 4852 2988.
685 4795 941 4851 ROVILII
967 4793 1318 4868 Guglielmi,
1348 4795 1434 4851 La
1461 4802 1651 4851 stessa
1676 4812 1876 4868 opera,
1906 4793 2091 4851 editio
2121 4794 2385 4851 secunda
2409 4793 2732 4851 illustrium
2757 4793 3024 4851 virorum
3048 4793 3151 4868 qui
3179 4812 3213 4851 a
3236 4793 3430 4868 prima
3458 4802 3891 4861 successerunt,
3920 4793 4286 4868 imaginibus
4315 4802 4488 4851 aucta

708 4898 883 4964 atque
908 4890 1287 4964 locupletata,
1314 4891 1484 4964 Lug.,
1513 4908 1604 4964 ap.
1634 4889 1793 4947 Guil.
1821 4889 2042 4957 Rovil.,
2077 4889 2252 4957 1581,
2279 4889 2341 4946 in
2364 4890 2420 4947 4.

706 4987 790 5043 Le
816 4985 1098 5060 aggiunte
1122 4985 1387 5043 trovansi
1411 4985 1474 5042 in
1497 5004 1578 5043 un
1604 4985 1838 5060 seguito
1864 4985 1925 5043 di
1949 4985 2200 5060 imagini
2225 4986 2301 5043 ed
2324 4985 2718 5043 illustrazioni
2744 4986 2907 5060 dopo
2931 4985 3199 5043 Antonio
3225 4985 3286 5043 di
3310 4986 3594 5043 Borbone
3619 5004 3652 5043 e
3676 4985 3738 5042 in
3762 4985 4207 5060 un’appendice
4233 4986 4288 5043 al
4313 4985 4455 5043 fine.

474 5177 655 5235 2989.
682 5178 776 5234 De
800 5178 1042 5234 RUBEIS
1068 5176 1375 5244 Bernardi,
1402 5178 1496 5234 De
1520 5176 1783 5234 nummis
1807 5176 2275 5251 patriarcharum
2297 5176 2539 5251 Aquilej
2549 5176 2786 5234 ensium
2809 5176 3166 5244 dissertatio,
3193 5176 3466 5234 Venetiis
3500 5177 3674 5244 1747,
3701 5176 3763 5233 in
3790 5177 3842 5234 8.

474 5369 655 5427 2990.
710 5370 942 5426 RUHEL
992 5368 1366 5426 Christianus
1420 5368 1595 5436 Frid.,
1653 5368 1975 5443 Specimen
2025 5368 2289 5443 primum
2340 5369 2415 5426 de
2467 5368 2731 5426 nummis
2783 5387 3172 5426 romanorum
3223 5377 3494 5426 veterum
3545 5368 3607 5425 in
3661 5368 4154 5443 splendidissimo
4207 5368 4486 5426 thesauro

706 5464 1622 5539 Arnstadio—Schwartzburgico
1648 5464 1866 5532 obviis,
1893 5464 2265 5522 Francofurti
2297 5465 2472 5532 1708,
2499 5464 2561 5521 in
2588 5465 2641 5532 8,
2669 5464 2773 5539 fig.

701 5595 784 5599 —
806 5559 1033 5617 Addito
1061 5559 1370 5634 specimen
1397 5560 1730 5617 secundum
1751 5559 2124 5634 philologiae
2148 5559 2843 5627 numismatico—latinae,
2878 5560 3053 5627 1708,
3081 5559 3207 5634 fig.,
3234 5561 3322 5617 M.
3352 5559 3448 5617 57.

703 5656 838 5713 Con
862 5656 978 5713 due
1002 5656 1203 5713 tavole
1227 5655 1289 5712 in
1311 5674 1493 5713 rame.

474 5848 655 5906 2991.
686 5849 898 5905 RUDIL
925 5848 1000 5905 de
1028 5847 1271 5905 Berriae
1300 5847 1567 5915 Huberti,
1598 5849 2137 5905 Monumentorum
2165 5847 2560 5922 galaticorum
2589 5847 2888 5922 synopsis,
2922 5847 3049 5905 sive
3079 5848 3154 5905 ad
3181 5847 3602 5922 inscriptiones
3632 5856 3690 5905 et
3716 5847 4080 5905 numismata
4107 5866 4260 5922 quae
4290 5848 4365 5905 ad
4391 5866 4485 5905 res

707 5943 993 6018 galaticas
1021 5952 1289 6018 spectant
1310 5944 1525 6001 breves
1551 5944 1949 6018 conjecturae,
1976 5943 2222 6001 Liburni
2254 5944 2429 6011 1772,
2456 5943 2518 6000 in
2541 5944 2598 6011 4,
2625 5945 2712 6001 M.
2744 5944 2796 6001 8.

706 6022 754 6096 E
790 6039 1089 6114 singolare
1122 6039 1165 6096 il
1199 6040 1384 6097 modo
1419 6058 1536 6097 con
1569 6039 1666 6097 cui
1701 6040 2108 6114 quest’autore
2140 6039 2413 6097 rimanda
2444 6039 2464 6096 i
2500 6039 2633 6097 suoi
2672 6041 2750 6114 [p.
2791 6040 2889 6109 82]
2929 6039 3124 6097 lettori
3159 6040 3234 6097 ad
3266 6058 3384 6097 una
3416 6039 3681 6114 quantità
3714 6039 3775 6097 di
3809 6058 3991 6114 opere
4024 6039 4486 6097 numismatiche

707 6134 947 6192 citando
972 6134 1015 6191 il
1040 6153 1291 6192 numero
1317 6153 1350 6192 e
1375 6135 1433 6192 la
1455 6134 1693 6209 pagina,
1720 6153 1827 6209 per
1849 6153 1971 6192 non
1996 6134 2086 6192 far
2108 6134 2420 6209 intagliare
2446 6153 2480 6192 a
2506 6153 2611 6192 sue
2639 6153 2814 6209 spese
2839 6135 3039 6209 quelle
3062 6134 3259 6209 poche
3284 6134 3586 6209 medaglie
3611 6134 3723 6192 che
3751 6134 4068 6192 servivano
4095 6135 4170 6192 ad
4193 6134 4487 6192 illustrare

706 6230 761 6287 il
795 6249 903 6288 suo
929 6230 1100 6288 libro.

474 6423 655 6481 2992.
683 6424 777 6480 De
805 6423 987 6480 SACY
1010 6423 1106 6480 Al.
1138 6422 1441 6490 Silvestre,
1469 6422 1802 6480 Mémoires
1831 6441 1929 6480 sur
1953 6422 2220 6480 diverses
2248 6422 2566 6497 antiquités
2593 6423 2668 6480 de
2694 6423 2752 6480 la
2775 6424 2952 6480 Perse
2978 6431 3036 6480 et
3062 6441 3159 6480 sur
3183 6423 3270 6480 les
3296 6422 3610 6480 médailles
3637 6423 3743 6480 des
3768 6422 3890 6480 rois
3917 6423 3992 6480 de
4018 6423 4076 6480 la
4099 6422 4353 6480 dinastie
4379 6423 4485 6480 des

2171 6657 2347 6694 WWW.
2358 6637 2734 6710 memofonte.
2748 6639 2791 6694 il
