4958 7017
1981 864 2366 922 Fondazione
2390 838 2775 922 Memofonte
2800 865 2976 922 onlus

1390 960 1600 1018 Studio
1624 979 1731 1035 per
1754 960 2226 1018 l’elaborazione
2250 960 2632 1018 informatica
2655 961 2813 1018 delle
2838 960 2991 1018 fonti
3018 960 3571 1018 storico—artistiche

707 1247 924 1322 greche
949 1266 982 1305 e
1007 1247 1188 1305 latine
1212 1266 1335 1305 non
1357 1247 1551 1322 prima
1572 1247 1936 1322 pubblicate,
1963 1248 2202 1305 Londra
2232 1248 2387 1306 1719
2414 1266 2447 1305 e
2471 1248 2569 1315 20,
2596 1248 2633 1304 2
2659 1248 2778 1305 vol.
2806 1247 2868 1304 in
2891 1266 2971 1305 un
2994 1256 3181 1315 tomo,
3208 1247 3270 1304 in
3293 1248 3349 1305 4.

702 1344 985 1401 L’autore
1018 1343 1258 1401 delineò
1292 1362 1325 1401 e
1358 1343 1655 1401 descrisse
1688 1344 1745 1401 le
1778 1343 2096 1418 medaglie,
2132 1343 2244 1401 che
2276 1343 2339 1400 in
2371 1343 2622 1418 copiose
2660 1345 2737 1418 [p.
2775 1343 2876 1413 64]
2914 1344 3114 1401 tavole
3146 1343 3410 1401 trovansi
3445 1362 3647 1418 sparse
3681 1343 3771 1401 fra
3801 1343 3844 1400 il
3876 1352 4029 1401 testo
4063 1344 4399 1418 dell’opera
4431 1343 4486 1401 ai

705 1439 998 1514 rispettivi
1023 1439 1249 1514 luoghi.

474 1632 655 1689 2881.
706 1633 1112 1699 HEDLINGER,
1161 1631 1543 1706 Explication
1588 1631 1936 1706 historique,
1986 1640 2044 1689 et
2089 1631 2339 1706 critique
2387 1632 2493 1689 des
2541 1631 2874 1699 médailles,
2924 1632 3004 1689 du
3050 1631 3354 1689 chevalier
3399 1631 3746 1706 Hedlinger:
3796 1632 4091 1706 précédée
4138 1632 4213 1689 de
4260 1632 4488 1706 l’éloge

706 1726 1035 1801 historique
1060 1727 1135 1784 de
1160 1735 1255 1784 cet
1279 1726 1477 1784 artiste
1500 1745 1607 1801 par
1629 1726 1893 1794 Mechel,
1920 1727 2102 1784 Bàsle
2134 1727 2309 1794 1778,
2336 1726 2398 1783 in
2422 1726 2549 1794 fol.,
2577 1726 2681 1801 fig.

698 1824 880 1897 Dopo
912 1822 955 1879 il
986 1831 1139 1880 testo
1172 1822 1546 1897 esplicativo,
1581 1822 1692 1880 che
1724 1823 2213 1897 comprendendo
2246 1822 2329 1897 gli
2361 1822 2598 1880 elenchi
2629 1841 2751 1880 non
2782 1822 3004 1897 giunge
3036 1822 3147 1880 che
3180 1841 3214 1880 a
3246 1831 3749 1897 sessantaquattro
3780 1822 4017 1897 pagine,
4054 1823 4398 1880 succedono
4431 1823 4487 1880 le

706 1919 906 1976 tavole
949 1918 1256 1993 intagliate
1299 1918 1362 1975 in
1403 1937 1567 1976 rame
1611 1937 1729 1976 con
1771 1918 2214 1976 istraordinaria
2257 1918 2511 1986 finezza,
2558 1937 2735 1976 come
2780 1927 3042 1993 appunto
3087 1918 3372 1993 veggiam
3412 1918 3720 1993 praticarsi
3764 1918 3826 1975 in
3869 1937 4051 1993 opere
4095 1918 4156 1976 di
4200 1919 4489 1976 moderna

706 2014 1146 2082 numismatica,
1179 2014 1377 2072 aventi
1407 2033 1551 2089 gran
1577 2014 1788 2089 pregio
1817 2015 1977 2072 nella
2004 2014 2238 2072 lindura
2265 2014 2780 2072 dell’esecuzione
2809 2033 2842 2072 e
2871 2033 3189 2089 compreso
3218 2014 3261 2071 il
3290 2015 3420 2072 loro
3450 2014 3843 2089 frontespizio
3874 2033 3908 2072 a
3933 2023 4098 2089 parte
4127 2033 4160 2072 e
4189 2015 4247 2072 la
4274 2014 4489 2072 dedica

709 2110 1040 2185 (intagliate
1065 2129 1098 2168 e
1123 2110 1404 2185 figurate)
1433 2129 1583 2168 sono
1608 2111 1706 2168 41.

474 2302 655 2359 2882.
702 2303 955 2359 HIRSCH
993 2301 1226 2359 Johann
1269 2301 1612 2376 Christoph,
1658 2301 2041 2359 Bibliotheca
2082 2301 2523 2369 numismatica,
2570 2301 2860 2359 exhibens
2905 2302 3250 2376 catalogum
3293 2310 3620 2369 auctorum,
3667 2301 3769 2376 qui
3813 2302 3888 2359 de
3930 2320 3993 2359 re
4037 2301 4384 2369 monetaria,
4431 2310 4489 2359 et

706 2397 970 2455 nummis
998 2397 1306 2472 scripsere,
1333 2397 1770 2472 Norimbergae
1802 2397 1976 2465 1760,
2003 2397 2065 2454 in
2089 2397 2194 2455 fol.

708 2494 937 2565 Questo
990 2494 1239 2551 sarebbe
1288 2493 1441 2551 libro
1491 2494 1568 2551 da
1613 2493 1810 2551 rifarsi
1857 2512 1964 2568 per
2011 2494 2067 2551 le
2116 2493 2413 2551 immense
2463 2512 2496 2551 e
2543 2493 2820 2568 preziose
2869 2512 3051 2568 opere
3100 2493 3161 2551 di
3210 2502 3422 2568 questo
3473 2512 3709 2568 genere,
3761 2502 3979 2551 venute
4027 2493 4090 2550 in
4139 2494 4273 2551 luce
4323 2494 4486 2568 dopo

707 2589 1156 2664 l’impressione
1181 2589 1242 2647 di
1267 2598 1477 2664 questa
1498 2589 1844 2657 biblioteca,
1872 2589 1983 2647 che
2006 2608 2113 2664 per
2136 2590 2192 2647 le
2217 2608 2398 2664 opere
2422 2590 2709 2647 moderne
2734 2608 2856 2647 non
2882 2608 3052 2647 serve
3078 2608 3112 2647 a
3134 2590 3314 2647 nulla.

474 2782 655 2839 2883.
683 2783 994 2839 HISTOIRE
1014 2782 1089 2839 de
1114 2790 1318 2856 quatre
1344 2781 1643 2839 Gordiens
1667 2782 1951 2856 prouvée,
1979 2790 2037 2839 et
2059 2781 2325 2839 illustrée
2348 2800 2455 2856 par
2477 2782 2564 2839 les
2590 2781 2923 2849 médailles,
2950 2781 3113 2839 Paris
3146 2781 3320 2849 1695,
3348 2800 3423 2839 en
3450 2782 3502 2849 8,
3530 2781 3634 2856 fig.

706 2877 989 2934 L’autore
1037 2877 1070 2934 è
1119 2876 1423 2944 anonimo,
1474 2877 1791 2951 l’operetta
1837 2877 1870 2934 e
1918 2876 2194 2934 dedicata
2241 2895 2275 2934 a
2319 2878 2407 2934 M.
2457 2877 2789 2934 Bourdelot
2834 2876 3074 2934 medico
3123 2877 3221 2934 del
3267 2895 3330 2934 re
3378 2876 3439 2934 di
3485 2876 3733 2934 Francia
3779 2876 3877 2934 dai
3925 2876 4142 2934 fratelli
4189 2877 4486 2934 Delaulne

709 2972 1054 3047 stampatori
1079 2991 1112 3030 e
1137 2973 1193 3030 le
1218 2972 1519 3047 medaglie
1546 2991 1696 3030 sono
1723 2972 2213 3047 diligentemente
2237 2972 2544 3047 intagliate
2568 2972 2631 3029 in
2654 2991 2774 3030 una
2796 2973 3013 3030 tavola.

474 3165 655 3222 2884.
683 3166 994 3222 HISTOIRE
1019 3165 1273 3239 abregée
1298 3165 1404 3222 des
1429 3164 1753 3222 Provinces
1779 3164 1950 3222 unies
1976 3165 2082 3222 des
2107 3164 2414 3232 Pais-Bas,
2441 3165 2829 3222 Amsterdam
2858 3165 3033 3232 1701,
3060 3164 3122 3221 in
3146 3164 3251 3222 fol.

713 3260 1140 3332 Quest’istoria
1174 3261 1207 3318 è
1242 3260 1532 3318 illustrata
1566 3279 1683 3318 con
1718 3260 2019 3335 medaglie
2055 3279 2088 3318 e
2122 3260 2347 3335 piccoli
2382 3260 2592 3335 intagli
2630 3260 2833 3318 storici
2867 3260 3100 3318 relativi
3137 3261 3192 3318 al
3230 3269 3525 3335 soggetto,
3564 3260 3883 3318 distribuiti
3918 3260 3980 3317 in
4017 3261 4092 3318 37
4130 3261 4330 3318 tavole
4366 3279 4488 3318 non

707 3374 1021 3430 comprese
1049 3356 1105 3413 le
1130 3355 1322 3430 prime
1352 3355 1438 3413 sei
1466 3355 1675 3430 grandi
1701 3356 1902 3413 tavole
1929 3355 2211 3430 generali,
2241 3355 2353 3413 che
2383 3374 2533 3413 sono
2561 3356 2859 3413 collocate
2885 3355 2947 3412 in
2972 3355 3270 3430 principio
3298 3356 3396 3413 del
3424 3356 3669 3413 volume
3694 3355 3942 3413 relative
3970 3356 4088 3413 alla
4113 3355 4483 3430 cronologia,

708 3452 763 3509 al
791 3470 1059 3526 governo
1088 3451 1149 3509 di
1179 3452 1343 3509 Stato
1372 3470 1405 3509 e
1434 3470 1468 3509 a
1494 3452 1697 3526 quello
1726 3452 1886 3509 della
1912 3451 2293 3526 Compagnia
2319 3452 2477 3509 delle
2504 3451 2689 3509 Indie.
2723 3452 2924 3526 Opera
2950 3451 3220 3526 eseguita
3246 3470 3363 3509 con
3390 3452 3578 3509 molta
3604 3451 3907 3526 diligenza
3933 3470 3966 3509 e
3994 3470 4112 3509 con
4141 3451 4486 3509 sufficiente

707 3548 873 3605 lusso
898 3547 1277 3622 tipografico.

474 3739 655 3797 2885.
683 3741 1147 3797 HOFFMANNUS
1173 3739 1392 3807 David,
1419 3741 1617 3797 Deam
1639 3748 1947 3797 monetam
1970 3758 2045 3797 ex
2069 3739 2363 3797 memoria
2387 3739 2573 3797 veteri
2598 3748 2730 3807 etc.,
2758 3739 3118 3797 Helmstadii
3150 3740 3325 3807 1717,
3352 3739 3414 3796 in
3441 3740 3494 3807 8,
3521 3739 3647 3814 fig.,
3674 3741 3762 3797 M.
3792 3739 3888 3797 57.

474 3930 655 3988 2886.
684 3932 994 3988 HULSIUM
1019 3930 1318 3988 Levinum
1340 3932 1453 3987 XII
1478 3930 1814 3988 Primorum
1838 3931 2169 3988 Caesarum
2192 3939 2250 3988 et
2273 3932 2468 3988 LXIV
2494 3930 2766 4005 ipsorum
2788 3949 3046 3988 uxorum
3069 3930 3333 4005 effigies,
3360 3930 3690 3988 Francfurti
3717 3931 3792 3988 ad
3815 3932 4110 3988 Maenum
4140 3930 4315 3998 1597,
4342 3930 4404 3987 in
4427 3931 4484 3998 4,

707 4026 834 4101 fig.,
861 4028 949 4084 M.
978 4027 1075 4085 94.

706 4124 790 4180 Le
825 4123 901 4180 80
933 4123 1133 4180 tavole
1167 4141 1317 4180 sono
1349 4131 1494 4180 tutte
1525 4122 1832 4197 intagliate
1863 4122 1925 4179 in
1954 4141 2118 4180 rame
2150 4122 2493 4180 d’incontro
2527 4123 2582 4180 al
2613 4131 2767 4180 testo
2798 4122 3067 4180 relativo.
3102 4124 3186 4180 Le
3218 4122 3519 4197 medaglie
3553 4141 3703 4180 sono
3736 4122 4084 4197 inquadrate
4115 4122 4177 4179 in
4208 4141 4421 4180 mezzo
4455 4141 4489 4180 a

707 4218 1012 4276 cartelline
1037 4237 1070 4276 e
1095 4218 1429 4276 ornamenti
1454 4218 1515 4276 di
1539 4237 1661 4276 non
1685 4218 1907 4276 cattivo
1935 4218 2085 4276 stile.
2113 4218 2276 4276 Avvi
2300 4237 2381 4276 un
2406 4218 2785 4293 frontispizio
2811 4218 3087 4293 ﬁgurato.

474 4411 655 4468 2887.
701 4412 1105 4468 HUTTICHIUS
1144 4412 1423 4478 Joannes,
1467 4412 1901 4485 Imperatorum
1942 4419 2000 4468 et
2041 4411 2371 4468 Caesarum
2412 4410 2472 4468 vi
2521 4412 2599 4485 [p.
2646 4410 2850 4480 65]tae
2892 4429 3033 4468 cum
3071 4410 3437 4485 imaginibus
3482 4411 3558 4468 ad
3599 4410 3804 4468 vivam
3845 4410 4125 4485 effigiem
4165 4410 4484 4485 expressis.

706 4505 974 4563 Libellus
1029 4514 1236 4563 auctus
1290 4524 1431 4563 cum
1479 4505 1708 4563 Elenco
1764 4517 1822 4563 et
1874 4506 2150 4563 iconibus
2206 4505 2537 4563 Consulum
2589 4506 2668 4563 ab
2720 4506 2976 4563 authore
3032 4506 3193 4563 1534
3245 4525 3380 4563 cum
3424 4505 3751 4579 privilegio
3808 4507 4133 4563 Caesareo.
4196 4507 4286 4577 (In
4326 4506 4487 4579 fine)

701 4603 1093 4675 Argentorati
1121 4601 1469 4675 Wolfangus
1497 4601 1926 4675 Coephaloeus
1952 4602 2191 4659 excudit
2212 4622 2375 4659 anno
2407 4601 2581 4669 1534,
2608 4601 2670 4658 in
2697 4602 2748 4659 8.

711 4697 920 4755 Dietro
948 4698 1003 4755 al
1029 4697 1421 4772 frontespizio
1448 4716 1565 4755 con
1590 4706 1882 4755 contorno
1909 4697 2167 4772 figurato
2194 4698 2227 4755 e
2253 4698 2311 4755 la
2335 4697 2567 4765 dedica,
2595 4697 2721 4755 indi
2746 4698 3009 4755 l’elenco
3036 4697 3134 4755 dei
3159 4697 3326 4755 nomi
3352 4697 3514 4772 degli
3539 4697 3907 4772 Imperatori,
3936 4697 4047 4755 che
4072 4697 4134 4754 in
4158 4706 4306 4755 tutto
4335 4716 4486 4755 sono

710 4794 742 4851 8
783 4793 1060 4868 foglietti:
1105 4812 1376 4868 seguono
1415 4794 1471 4851 le
1509 4793 1810 4868 medaglie
1847 4793 1910 4850 in
1947 4812 2159 4851 mezzo
2199 4794 2274 4851 ad
2311 4793 2662 4861 ornamenti,
2703 4793 2746 4850 il
2783 4802 2931 4851 tutto
2969 4793 3032 4850 in
3069 4794 3249 4868 legno
3288 4812 3405 4851 con
3440 4793 3609 4851 brevi
3647 4793 3823 4851 cenni
3861 4793 4097 4851 intorno
4136 4794 4192 4851 le
4231 4793 4351 4851 vite
4389 4793 4487 4851 dei

709 4889 966 4964 soggetti
990 4889 1343 4964 raffigurati:
1374 4908 1407 4947 e
1433 4889 1628 4964 questi
1656 4908 1806 4947 sono
1833 4890 1912 4948 90
1939 4889 2214 4964 foglietti.
2243 4889 2625 4947 Ricomincia
2649 4908 2767 4947 con
2791 4908 2995 4947 nuovo
3021 4889 3193 4947 titolo
3223 4889 3554 4947 Consulum
3577 4892 3988 4947 Romanorum
4012 4889 4315 4947 Elenchus
4341 4908 4374 4947 e
4400 4889 4490 4947 fra

707 4986 970 5043 l’elenco
1006 5004 1039 5043 e
1074 4986 1130 5043 le
1164 4986 1382 5053 tavole,
1419 5004 1541 5043 non
1578 5004 1729 5043 sono
1765 4985 1876 5043 che
1918 4985 1990 5043 16
2026 4985 2302 5060 foglietti:
2342 4985 2574 5060 leggesi
2608 4985 2671 5042 in
2706 4985 2831 5043 fine
2863 4988 2958 5043 De
2997 4985 3365 5043 Consulibus
3401 4985 3669 5043 libellum
3703 4985 3890 5043 alium
3924 5006 3962 5043 a
3997 4986 4174 5043 nobis
4210 4997 4487 5059 expectes

699 5081 1060 5154 propediem
1086 5092 1144 5138 et
1166 5080 1314 5138 vale.
1341 5082 1582 5154 Argent.
1614 5101 1707 5138 an.
1738 5080 1845 5138 sal.
1880 5081 2017 5138 153.

474 5273 655 5330 2888.
682 5274 980 5330 JOECHER
998 5274 1086 5330 M.
1115 5272 1415 5330 Christian
1441 5272 1727 5340 Gottlieb,
1754 5272 2035 5330 Biantem
2056 5272 2412 5330 Prienaeum
2433 5272 2496 5329 in
2519 5291 2769 5330 nummo
2796 5281 3096 5347 argenteo,
3123 5272 3365 5347 Lipsiae
3397 5273 3572 5340 1714,
3599 5272 3661 5329 in
3688 5273 3741 5340 8,
3769 5272 3895 5347 fig.,
3922 5274 4010 5330 M.
4040 5272 4136 5330 57.

707 5369 883 5426 Colle
908 5368 1209 5443 medaglie
1233 5369 1331 5426 nel
1357 5368 1769 5443 frontespizio.

474 5560 655 5618 2889.
683 5561 912 5617 INDICE
933 5559 1386 5634 degl’impronti
1412 5559 1607 5617 cavati
1633 5560 1791 5617 dalle
1817 5559 2119 5634 medaglie
2144 5559 2442 5634 imperiali
2467 5559 2530 5616 in
2555 5560 2800 5617 metallo
2827 5560 2904 5617 da
2927 5561 3197 5634 Pompeo
3225 5578 3259 5617 a
3282 5561 3568 5617 Postumo
3595 5559 3657 5616 in
3682 5578 3933 5617 numero
3960 5559 4021 5617 di
4054 5559 4165 5617 105
4195 5559 4486 5617 vendibili

707 5656 784 5713 da
810 5657 1138 5713 Tommaso
1167 5655 1367 5713 Piroli.
1399 5655 1775 5730 Aggiuntovi
1804 5655 2055 5713 l’indice
2084 5655 2246 5730 degli
2274 5655 2558 5730 impronti
2587 5655 2685 5713 dei
2715 5655 2920 5713 dodici
2949 5655 3157 5713 Cesari
3186 5655 3247 5713 di
3274 5655 3467 5730 prima
3495 5655 3707 5723 forma,
3740 5655 4031 5713 vendibili
4060 5656 4158 5713 dal
4189 5656 4484 5723 suddetto,

706 5751 768 5808 in
792 5751 919 5819 fol.,
946 5753 1034 5809 M.
1066 5752 1160 5809 82.

474 5944 655 6002 2890.
693 5945 1106 6001 ISTITUZIONE
1141 5943 1930 6018 antiquario-numismatica
1963 5943 2128 6001 ossia
2160 5943 2579 6001 introduzione
2615 5944 2734 6001 allo
2772 5943 2969 6001 studio
3005 5944 3163 6001 delle
3199 5943 3435 6001 antiche
3470 5943 3789 6018 medaglie,
3828 5952 4071 6018 esposta
4103 5943 4166 6000 in
4200 5944 4317 6001 due
4352 5943 4487 6001 libri

707 6040 1064 6097 dall’autore
1089 6039 1588 6097 dell’Istituzione
1614 6039 1947 6114 antiquario
1973 6039 2279 6114 lapidaria,
2306 6041 2502 6097 Roma
2532 6040 2707 6107 1772,
2733 6039 2795 6096 in
2822 6040 2875 6107 8,
2903 6039 3008 6114 fig.

702 6134 954 6192 Trattasi
1004 6135 1530 6192 elementarmente
1580 6135 1863 6202 dell’uso,
1918 6134 2115 6202 storia,
2167 6134 2431 6202 materia,
2484 6134 2696 6202 forma,
2750 6134 3037 6202 fabbrica,
3090 6134 3284 6202 dritto,
3335 6134 3633 6202 rovescio,
3686 6134 3893 6202 ornati,
3948 6134 4209 6202 simboli,
4262 6134 4484 6209 lingua,

707 6231 1021 6305 leggende,
1049 6230 1257 6298 utilità,
1284 6231 1546 6288 raccolte
1571 6249 1604 6288 e
1628 6230 2016 6305 intelligenza
2039 6231 2197 6288 delle
2222 6230 2542 6305 medaglie,
2570 6231 2668 6288 col
2694 6230 2962 6305 giudizio
2988 6231 3146 6288 delle
3172 6231 3315 6288 altre
3341 6249 3523 6305 opere
3548 6230 3895 6288 elementari
3920 6230 3981 6288 di
4006 6239 4217 6305 questa
4240 6230 4488 6288 materia

707 6326 818 6384 che
842 6326 1041 6384 hanno
1065 6327 1391 6401 preceduto
1417 6327 1475 6384 la
1496 6335 1789 6401 presente.
1817 6327 2100 6384 L’autore
2125 6327 2158 6384 è
2182 6326 2225 6383 il
2248 6327 2432 6401 padre
2456 6326 2756 6384 Zaccaria.

2171 6657 2347 6694 WWW.
2358 6637 2734 6710 memofonte.
2748 6639 2791 6694 il
