4958 7017
1981 864 2366 922 Fondazione
2390 864 2775 922 Memofonte
2800 865 2976 922 onlus

1390 960 1600 1018 Studio
1624 979 1731 1035 per
1754 960 2226 1018 l’elaborazione
2250 960 2632 1018 informatica
2655 961 2813 1018 delle
2838 960 2991 1018 fonti
3018 960 3571 1018 storico—artistiche

708 1248 783 1305 ad
813 1266 924 1305 uso
957 1247 1018 1305 di
1049 1247 1404 1322 magazzino
1435 1266 1542 1322 per
1572 1247 1918 1305 contenervi
1949 1247 1969 1304 i
2001 1247 2344 1305 frammenti
2376 1247 2594 1305 vetusti
2626 1247 2687 1305 di
2721 1256 2926 1315 statue,
2962 1247 3091 1305 vasi
3123 1266 3156 1305 e
3187 1247 3447 1315 utensili,
3482 1247 3593 1305 che
3624 1266 3747 1305 non
3780 1247 4097 1305 servivano
4128 1247 4233 1322 più
4265 1248 4485 1305 all’uso

707 1344 865 1401 delle
890 1343 1275 1401 decorazioni
1300 1343 1398 1401 dei
1421 1343 1655 1418 palazzi
1680 1362 1713 1401 e
1737 1343 1835 1401 dei
1859 1343 2061 1418 tempi.

476 1536 655 1593 3014.
694 1536 914 1593 SPOOR
946 1535 1209 1603 Henrici,
1245 1537 1532 1603 Deorum,
1569 1544 1627 1593 et
1658 1535 1927 1603 heroum,
1964 1535 2246 1603 virorum,
2283 1544 2341 1593 et
2373 1535 2694 1593 mulierum
2725 1535 3048 1593 illustrium
3079 1535 3376 1610 imagines
3412 1535 3688 1610 antiquae
3721 1535 4065 1603 illustratae,
4102 1535 4393 1603 versibus,
4430 1544 4489 1593 et

705 1650 902 1706 prosa,
929 1631 1373 1689 Amstelodami
1405 1631 1580 1699 1715,
1607 1631 1669 1688 in
1692 1632 1730 1688 4
1754 1650 1939 1706 parv.,
1967 1631 2071 1706 fig.

713 1727 973 1784 Omessa
1005 1727 1063 1784 la
1094 1726 1310 1784 dedica
1341 1745 1374 1784 e
1407 1735 1634 1784 mutato
1668 1726 1711 1783 il
1745 1726 2157 1801 frontespizio,
2193 1735 2404 1801 questa
2435 1727 2468 1784 e
2502 1727 2560 1784 la
2594 1735 2784 1784 stessa
2815 1745 2999 1801 opera
3029 1745 3151 1784 non
3186 1727 3536 1794 solamente,
3572 1745 3672 1784 ma
3704 1727 3763 1784 la
3796 1735 3986 1784 stessa
4017 1726 4296 1784 edizione
4329 1727 4489 1784 della

705 1823 1082 1897 precedente,
1110 1822 1221 1880 che
1246 1822 1408 1880 forse
1431 1841 1538 1897 per
1563 1822 1986 1897 speculazione
2011 1822 2359 1880 mercantile
2384 1831 2729 1897 comperata
2753 1823 3053 1880 dall’altro
3079 1822 3293 1897 librajo
3321 1831 3679 1897 stampatore
3703 1841 3779 1880 ne
3805 1823 3945 1880 avrà
3967 1822 4010 1879 il
4034 1841 4238 1880 nuovo
4263 1831 4486 1880 tentato

707 1918 910 1976 l’esito
938 1937 1055 1976 con
1082 1927 1294 1993 questo
1322 1918 1586 1993 inganno
1613 1937 1720 1993 per
1746 1919 2028 1976 adescare
2054 1918 2074 1975 i
2101 1918 2342 1986 curiosi,
2373 1918 2623 1993 giacché
2648 1937 2756 1993 per
2781 1919 2839 1976 la
2864 1918 3219 1976 mediocrità
3244 1919 3404 1976 della
3429 1937 3575 1976 cosa
3601 1919 3661 1976 lo
3691 1918 3948 1976 smercio
3976 1918 4138 1993 degli
4166 1918 4486 1993 esemplari

705 2014 1021 2072 rendevasi
1046 2014 1323 2072 difficile.

476 2206 655 2264 3015.
689 2207 1133 2264 STEPHANONII
1155 2206 1310 2264 Petri
1339 2206 1644 2274 vicentini,
1677 2207 1972 2264 Gemmae
2002 2206 2325 2281 antiquitus
2357 2207 2625 2281 sculptae
2654 2207 2946 2264 collectae
2975 2215 3033 2264 et
3060 2206 3563 2264 declarationibus
3592 2206 3918 2264 illustratae
3948 2225 3982 2264 a
4014 2208 4092 2281 [p.
4128 2206 4226 2276 86]
4260 2207 4487 2264 Jacobo

709 2301 1118 2376 Stephanonio
1144 2301 1278 2359 filio
1304 2301 1517 2369 editae,
1544 2301 1790 2369 Patavii,
1819 2320 1910 2376 ap.
1938 2301 2292 2359 Mathaeum
2314 2302 2591 2359 Bolzetta
2614 2302 2689 2359 de
2714 2301 3070 2369 Calderinis,
3105 2301 3280 2369 1616,
3307 2301 3369 2358 in
3396 2302 3449 2369 8,
3476 2303 3564 2359 M.
3594 2302 3689 2360 39.

702 2399 786 2455 Le
828 2397 1150 2472 cinquanta
1189 2398 1408 2465 tavole,
1453 2416 1772 2472 compreso
1814 2397 1857 2454 il
1899 2397 2292 2472 frontespizio
2335 2416 2368 2455 e
2409 2416 2528 2455 una
2568 2397 2801 2465 dedica,
2845 2406 3013 2455 tratte
3055 2398 3132 2455 da
3172 2397 3375 2455 cattivi
3417 2397 3654 2472 disegni
3696 2398 3773 2455 ed
3813 2397 4003 2455 incise
4045 2398 4122 2455 da
4161 2397 4486 2455 Valeriauo

706 2495 968 2568 Regnart
998 2493 1484 2551 mediocrissimo
1517 2493 1894 2568 intagliatore
1926 2512 1959 2551 e
1993 2494 2227 2551 scolaro
2260 2493 2321 2551 di
2352 2493 2683 2551 Thomasin
2716 2512 2749 2551 e
2781 2494 2858 2551 da
2887 2495 3052 2551 Luca
3083 2493 3468 2551 Ciamberlau
3500 2493 3820 2561 d’Urbino,
3855 2493 4132 2551 formano
4165 2493 4208 2550 il
4241 2494 4486 2551 volume

707 2589 818 2647 che
844 2608 967 2647 non
992 2589 1069 2647 ha
1095 2590 1238 2647 altre
1267 2589 1640 2664 spiegazioni
1668 2589 1826 2647 fuori
1853 2589 1914 2647 di
1942 2589 2139 2647 alcuni
2166 2589 2366 2647 distici
2393 2589 2560 2647 latini
2586 2589 2764 2647 incisi
2793 2590 2944 2647 sulle
2973 2598 3161 2647 stesse
3188 2589 3428 2647 lamine.
3458 2589 3654 2647 Pietro
3684 2589 3996 2647 Stefanoni
4024 2608 4174 2647 avea
4198 2589 4398 2647 ideato
4426 2589 4487 2647 di

706 2685 1003 2743 intitolare
1032 2685 1075 2742 il
1106 2685 1259 2743 libro
1291 2686 1346 2743 al
1377 2685 1617 2743 famoso
1648 2694 1824 2743 conte
1854 2685 1915 2743 di
1945 2686 2233 2743 Arundel:
2268 2704 2368 2743 ma
2396 2686 2655 2743 essendo
2686 2694 2983 2753 mancato,
3016 2694 3243 2743 mentre
3273 2686 3508 2760 l’opera
3538 2694 3705 2743 stava
3732 2704 3839 2760 per
3867 2685 4057 2743 escire
4088 2686 4203 2743 alle
4236 2694 4483 2760 stampe,

708 2781 1007 2839 Giacomo
1038 2781 1369 2849 Stefanoni,
1402 2800 1510 2839 suo
1539 2781 1734 2856 figlio,
1765 2782 1825 2839 lo
1853 2781 2089 2839 intitolò
2116 2781 2221 2856 poi
2250 2782 2305 2839 al
2332 2781 2537 2856 nipote
2563 2781 2781 2839 Enrico
2810 2790 2986 2839 conte
3014 2781 3075 2839 di
3102 2782 3387 2839 Arundel.
3420 2782 3650 2853 Questo
3679 2781 3833 2839 libro
3862 2800 4184 2856 comparve
4212 2782 4270 2839 la
4294 2781 4488 2856 prima

707 2877 871 2934 volta
899 2895 933 2934 a
959 2878 1156 2934 Roma
1183 2877 1281 2934 nel
1317 2876 1471 2934 1627
1503 2895 1536 2934 e
1565 2876 1630 2934 fu
1656 2876 1761 2951 poi
1790 2877 1888 2934 dal
1916 2876 2106 2934 Liceti
2133 2876 2465 2951 riprodotto
2495 2895 2611 2934 con
2639 2877 2695 2934 le
2723 2876 3117 2934 illustrazioni
3146 2877 3244 2934 nel
3280 2876 3433 2934 1653
3468 2885 3623 2934 sotto
3652 2876 3695 2933 il
3722 2895 3903 2934 nome
3932 2876 3993 2934 di
4019 2876 4485 2950 Hierogliphica

708 2992 790 3030 ec.
822 2973 1081 3030 Padova.

476 3164 655 3222 3016.
693 3165 952 3222 STOSCH
978 3164 1253 3239 Philippe
1287 3165 1432 3235 (Bar
1461 3165 1582 3235 de),
1616 3164 1843 3222 Pierres
1877 3164 2148 3239 antiques
2182 3165 2450 3239 gravées,
2487 3183 2584 3222 sur
2614 3165 2938 3239 lesquelles
2971 3165 3059 3222 les
3093 3165 3374 3239 gràveurs
3407 3173 3512 3222 ont
3542 3164 3657 3222 mis
3691 3165 3818 3222 leur
3848 3183 4010 3232 nom,
4046 3164 4397 3239 expliquées
4430 3173 4489 3222 et

706 3260 988 3318 traduites
1014 3279 1089 3318 en
1114 3260 1372 3335 francais
1396 3279 1503 3335 par
1526 3261 1601 3318 de
1625 3260 1898 3328 Limiers,
1926 3261 2313 3318 Amsterdam
2342 3261 2517 3328 1724,
2544 3260 2606 3317 in
2630 3260 2758 3328 fol.,
2786 3260 2890 3335 fig.

706 3356 754 3412 Il
796 3364 949 3413 testo
993 3356 1026 3413 e
1069 3355 1253 3413 latino
1297 3374 1330 3413 e
1373 3355 1665 3423 francese;
1710 3374 1810 3413 ma
1851 3355 2194 3430 l’originale
2237 3355 2421 3413 latino
2465 3356 2498 3413 e
2541 3356 2618 3413 da
2659 3355 2918 3430 leggersi
2961 3355 3022 3413 di
3063 3355 3430 3430 preferenza,
3474 3355 3694 3430 poiché
3736 3356 3794 3413 la
3835 3355 4112 3413 versione
4155 3356 4215 3413 lo
4261 3355 4488 3430 sfigura

706 3452 1071 3509 totalmente.
1107 3453 1191 3509 Le
1224 3452 1303 3509 70
1336 3460 1452 3509 tav.
1488 3451 1550 3508 in
1580 3470 1746 3509 rame
1781 3470 1931 3509 sono
1964 3451 2270 3526 intagliate
2303 3452 2380 3509 da
2410 3453 2545 3509 Ber.
2581 3451 2853 3519 Pickard;
2889 3451 3000 3509 che
3032 3470 3154 3509 non
3186 3470 3286 3509 era
3318 3460 3437 3509 atto
3472 3470 3506 3509 a
3537 3460 3751 3526 questo
3785 3470 4002 3526 genere
4035 3451 4354 3526 d’intaglio
4388 3470 4421 3509 e
4455 3470 4489 3509 a

707 3547 1027 3622 concepire
1059 3547 1102 3604 il
1135 3556 1418 3605 carattere
1451 3548 1609 3605 delle
1640 3547 1828 3622 pietre
1862 3547 2115 3615 antiche,
2151 3547 2349 3615 facile,
2388 3547 2687 3622 spiritoso,
2724 3547 2931 3605 ardito.
2967 3549 3051 3605 Le
3086 3566 3190 3605 sue
3222 3547 3506 3605 incisioni
3539 3547 3601 3604 in
3631 3566 3796 3605 rame
3827 3566 3934 3622 per
3965 3556 4186 3622 quanto
4223 3547 4391 3605 siano
4425 3547 4486 3605 di

705 3644 867 3701 bella
890 3643 1250 3701 esecuzione
1278 3643 1585 3718 sfigurano
1611 3644 1671 3701 lo
1699 3643 1832 3701 stile
1857 3643 2019 3718 degli
2045 3643 2267 3701 antichi
2291 3643 2653 3718 intagliatori
2678 3662 2711 3701 e
2735 3643 2927 3701 riesce
2952 3643 3164 3718 gonfio
3190 3662 3223 3701 e
3246 3652 3510 3718 pesante.

476 3836 655 3893 3017.
686 3836 945 3893 STOSCH
964 3835 1239 3910 Philippe
1266 3836 1339 3906 (B
1349 3854 1411 3893 ar
1434 3836 1554 3906 de),
1581 3837 1815 3893 Lettera
1841 3854 2018 3910 sopra
2040 3854 2158 3893 una
2182 3835 2485 3910 medaglia
2508 3844 2912 3893 nuovamente
2939 3844 3213 3910 scoperta
3236 3835 3297 3893 di
3323 3835 3545 3893 Carino
3570 3835 3928 3910 imperatore
3953 3854 3986 3893 e
4010 3837 4240 3910 Magna
4262 3835 4488 3893 Urbica

706 3931 982 4005 Augusta
1007 3949 1114 3988 sua
1137 3939 1433 3998 consorte,
1460 3930 1706 3988 Firenze
1739 3930 1913 3998 1755,
1940 3930 2002 3987 in
2025 3931 2082 3998 4,
2110 3930 2236 4005 fig.,
2263 3932 2351 3988 M.
2387 3931 2477 3988 13.

711 4028 795 4084 Le
820 4027 936 4084 due
961 4026 1262 4101 medaglie
1290 4045 1440 4084 sono
1466 4026 1911 4101 egregiamente
1935 4026 2242 4101 intagliate
2266 4027 2364 4084 nel
2390 4026 2801 4101 frontespizio.

476 4219 655 4276 3018.
690 4220 784 4276 De
818 4219 1089 4276 STRADA
1117 4219 1396 4286 Jacobus,
1430 4218 1709 4293 Epitome
1741 4218 2002 4276 thesauri
2035 4218 2453 4293 antiquitatum
2483 4218 2599 4276 hoc
2632 4227 2722 4276 est
2751 4220 2899 4293 Imp.
2935 4220 3110 4276 Rom.
3148 4218 3372 4276 Orient.
3409 4237 3477 4276 ac
3512 4218 3824 4276 Occident.
3859 4218 4108 4276 iconum
4138 4227 4196 4276 et
4227 4218 4485 4293 antiquis

706 4314 1169 4372 numismatibus
1195 4333 1378 4389 quam
1401 4314 1786 4372 fidellissime
1811 4314 2259 4382 delineatarum,
2287 4314 2566 4389 Lugduni
2598 4314 2773 4382 1553,
2800 4314 2862 4371 in
2885 4315 2942 4382 4,
2970 4314 3096 4389 fig.,
3123 4316 3148 4371 I
3173 4314 3468 4372 edizione.

704 4411 1108 4485 Quest’opera
1137 4410 1366 4468 erudita
1395 4429 1428 4468 e
1459 4410 1938 4468 laboriosissima
1965 4410 2065 4485 pei
2096 4410 2333 4485 copiosi
2363 4410 2573 4485 intagli
2603 4410 2666 4467 in
2697 4411 2876 4485 legno
2911 4410 3099 4485 sparsi
3130 4410 3220 4468 fra
3249 4411 3305 4468 le
3334 4410 3555 4485 pagine
3586 4411 3684 4468 del
3714 4419 3867 4468 testo
3899 4410 4188 4468 meritava
4217 4411 4486 4468 d’essere

705 4505 1002 4563 ricordata
1031 4505 1502 4580 da’bibliografi,
1536 4505 1647 4563 che
1678 4506 1737 4563 la
1766 4505 2041 4580 maggior
2068 4514 2233 4580 parte
2263 4524 2385 4563 non
2414 4524 2489 4563 ne
2518 4506 2784 4580 parlano.
2820 4505 3374 4580 Quest’antiquario
3406 4514 3771 4563 mantovano
3803 4505 4279 4563 celebratissimo
4311 4505 4488 4563 diede

707 4610 919 4676 questo
951 4602 1159 4659 lavoro
1190 4601 1252 4658 in
1281 4620 1361 4659 un
1390 4610 1594 4676 tempo
1626 4601 1738 4659 che
1767 4620 1927 4676 poco
1958 4602 2016 4659 la
2044 4601 2467 4659 numismatica
2498 4601 2547 4659 si
2580 4620 2802 4676 sapeva
2831 4620 2864 4659 e
2897 4601 2946 4659 si
2977 4601 3170 4659 limitò
3203 4620 3237 4659 a
3265 4610 3443 4659 trarre
3474 4602 3631 4659 dalle
3661 4601 3962 4676 medaglie
3993 4602 4049 4659 le
4080 4601 4292 4676 efﬁgie
4323 4601 4486 4676 degli

706 4697 1070 4772 imperatori;
1098 4716 1197 4755 ma
1218 4697 1423 4755 ricavò
1449 4698 1505 4755 le
1529 4697 1754 4755 notizie
1779 4698 1856 4755 da
1877 4698 2078 4755 buone
2103 4697 2358 4755 correnti
2383 4716 2500 4755 con
2526 4716 2669 4755 sana
2692 4697 2914 4755 critica.

476 4890 655 4948 3019.
686 4890 996 4947 STRADAE
1020 4889 1249 4957 Jacobi,
1277 4891 1710 4964 Imperatorum
1731 4908 2120 4947 romanorum
2143 4889 2419 4947 omnium
2443 4889 2826 4947 orientalium
2849 4898 2907 4947 et
2931 4889 3402 4947 occidentalium
3426 4889 3778 4947 verissimae
3803 4889 4099 4964 imagines
4126 4908 4202 4947 ex
4228 4889 4486 4964 antiquis

706 4985 1085 5043 numismatis
1123 5004 1306 5060 quam
1341 4985 1740 5043 fidelissimae
1782 4987 1860 5060 [p.
1903 4986 2002 5055 87]
2044 4985 2377 5043 delineatae
2415 4985 2616 5043 addita
2650 4985 3052 5060 descriptione
3089 5004 3164 5043 ex
3199 4985 3477 5043 thesauro
3514 4987 3556 5043 I.
3599 4986 3843 5043 Stradae
3880 4994 3938 5043 et
3971 4985 4246 5060 perbrevi
4283 4985 4486 5060 elogio

706 5080 1179 5155 uniuscujusque
1211 5080 1493 5148 carmine,
1529 5081 1693 5155 quod
1725 5080 1896 5155 quasi
1928 5080 2193 5155 epitome
2225 5089 2315 5138 est
2345 5080 2629 5138 historiae
2662 5081 2737 5138 ad
2761 5081 3095 5155 juvandam
3125 5080 3500 5148 memoriam,
3539 5083 3741 5154 Tiguri
3774 5100 3845 5138 ex
3875 5081 3973 5154 0ﬂ.
4006 5081 4188 5138 Andr.
4230 5082 4488 5138 Gesneri

714 5176 889 5244 1559,
915 5176 977 5233 in
1001 5176 1106 5234 fol.
1135 5195 1234 5244 m.,
1262 5176 1367 5251 fig.

698 5273 746 5329 Il
777 5272 972 5347 primo
1006 5272 1200 5347 foglio
1234 5272 1512 5330 contiene
1544 5272 1587 5329 il
1620 5272 2013 5347 frontespizio
2047 5272 2324 5347 figurato.
2360 5273 2408 5329 Il
2443 5273 2709 5330 secondo
2742 5291 2822 5330 un
2855 5272 3067 5330 avviso
3101 5273 3199 5330 del
3231 5272 3532 5347 tipografo
3567 5273 3622 5330 al
3655 5273 3881 5330 lettore.
3917 5273 3965 5329 Il
3997 5281 4178 5340 terzo,
4214 5281 4422 5347 quarto
4455 5291 4488 5330 e

707 5368 914 5443 quinto
945 5377 1329 5443 contengono
1359 5368 1379 5425 i
1395 5369 1549 5442 fasti
1575 5371 1986 5426 Romanorum
2013 5371 2452 5442 Imperatorum
2480 5389 2518 5426 a
2547 5368 2710 5426 Julio
2744 5370 2805 5426 C.
2842 5369 2926 5426 ad
2955 5368 3244 5426 Carolum
3278 5371 3338 5426 V.
3370 5368 3501 5426 Indi
3533 5387 3803 5443 seguono
3833 5368 3895 5425 in
3931 5369 4043 5426 118
4075 5368 4227 5443 fogli
4256 5377 4401 5426 tutte
4431 5369 4487 5426 le

706 5464 957 5539 imagini
982 5465 1140 5522 colle
1165 5464 1285 5522 vite
1310 5464 1371 5522 di
1396 5473 1622 5522 contro.
1652 5464 1753 5522 Gli
1777 5464 1986 5539 intagli
2011 5464 2072 5522 di
2097 5464 2363 5522 maniera
2386 5464 2708 5539 grandiosa
2734 5483 2884 5522 sono
2910 5464 3164 5539 eseguiti
3188 5464 3251 5521 in
3275 5465 3455 5539 legno
3481 5465 3639 5522 colle
3664 5464 3906 5522 marche
3930 5466 3999 5522 R.
4026 5466 4120 5522 W.
4149 5466 4222 5522 H.
4250 5466 4319 5522 R.

476 5656 655 5713 3020.
699 5656 1027 5713 STRATICO
1067 5655 1357 5723 Simeoni,
1398 5657 1492 5713 De
1532 5656 1762 5713 duabus
1802 5655 2014 5713 formis
2054 5655 2414 5730 Archetypis
2455 5655 2657 5713 aeneis
2698 5656 2773 5713 ad
2812 5655 3123 5730 antiquum
3159 5655 3463 5713 numisma
3500 5655 3746 5730 majoris
3785 5655 4017 5713 moduli
4054 5655 4486 5730 pertinentibus

707 5751 1068 5826 disquisitio,
1095 5753 1374 5809 Veronae
1406 5752 1581 5819 1791,
1607 5751 1669 5808 in
1696 5752 1749 5819 8,
1777 5751 1903 5826 fig.,
1930 5753 2018 5809 M.
2047 5752 2144 5810 97.

716 5848 851 5905 Con
874 5866 993 5905 una
1015 5848 1218 5905 tavola
1240 5847 1548 5922 intagliata
1570 5847 1633 5904 in
1655 5866 1820 5905 rame
1844 5847 1906 5904 in
1928 5847 2245 5922 principio.
2273 5847 2740 5922 Elegantissimo
2767 5866 2800 5905 e
2825 5847 3166 5905 dottissimo
3192 5848 3589 5922 opuscoletto.

476 6040 655 6097 3021.
688 6040 1042 6097 STREINNIO
1069 6039 1389 6107 Richardo,
1421 6039 1709 6097 Gentium
1734 6048 1792 6097 et
1819 6039 2186 6097 familiarum
2210 6058 2594 6097 romanarum
2622 6048 2953 6107 stemmata,
2991 6039 3165 6107 1559,
3195 6039 3257 6096 in
3284 6039 3411 6107 fol.,
3442 6040 3776 6097 excudebat
3802 6039 4097 6097 Henricus
4128 6039 4483 6114 Stephanus,

709 6153 889 6192 senza
912 6135 1115 6209 luogo.

706 6230 999 6288 Edizione
1025 6239 1483 6288 estremamente
1511 6239 1786 6288 accurata
1808 6249 1915 6305 per
1939 6231 1997 6288 la
2021 6230 2218 6288 forma
2242 6230 2340 6288 dei
2365 6230 2491 6305 tipi.
2522 6231 2928 6305 Quest’opera
2952 6230 3343 6305 cronologica
3367 6231 3400 6288 è
3426 6230 3697 6305 eseguita
3721 6249 3839 6288 con
3863 6239 4010 6288 tutta
4034 6231 4092 6288 la
4117 6230 4429 6288 chiarezza
4453 6249 4486 6288 e

707 6327 1046 6401 l’eleganza
1067 6326 1379 6401 possibile.

2171 6657 2347 6694 WWW.
2358 6637 2734 6710 memofonte.
2748 6639 2791 6694 il
