4958 7017
1981 864 2366 922 Fondazione
2390 864 2775 922 Memofonte
2800 865 2976 922 onlus

1390 960 1600 1018 Studio
1624 979 1731 1035 per
1754 960 2226 1018 l’elaborazione
2250 960 2632 1018 informatica
2655 961 2813 1018 delle
2838 960 2991 1018 fonti
3018 960 3571 1018 storico—artistiche

711 1251 946 1320 uscito
976 1251 1050 1319 in
1079 1251 1241 1320 luce
1270 1251 1520 1320 l’anno
1559 1251 1745 1321 1769
1777 1251 1893 1320 dai
1922 1251 2151 1320 torchi
2182 1251 2254 1320 di
2283 1253 2539 1320 Marco
2569 1251 2976 1341 Pagliarini,
3009 1251 3345 1341 Bologna
3381 1252 3589 1333 1770,
3622 1251 3696 1319 in
3725 1252 3792 1320 4.

467 1481 682 1550 2255.
716 1483 971 1550 DIEDO
995 1481 1341 1563 Antonio,
1373 1481 1636 1571 Elogio
1667 1481 1784 1550 del
1812 1481 2226 1571 professore
2256 1481 2421 1550 Gio.
2455 1481 2779 1550 Antonio
2811 1481 3029 1550 Selva
3058 1481 3450 1563 architetto,
3484 1481 3809 1550 Venezia
3845 1482 4053 1563 1819,
4085 1483 4191 1550 M.
4229 1482 4341 1550 80.

707 1593 823 1650 Col
846 1592 1070 1650 ritratto
1096 1593 1258 1650 dello
1286 1601 1477 1650 stesso
1502 1592 1564 1649 in
1589 1592 1801 1650 fronte.

479 1807 694 1876 2256.
728 1809 983 1876 DIEDO
1007 1807 1353 1889 Antonio,
1385 1807 1648 1897 Elogio
1679 1807 1751 1876 di
1781 1807 2088 1876 Daniele
2117 1807 2434 1876 Barbaro
2465 1807 2817 1876 Patriarca
2845 1807 2915 1876 d’
2952 1807 3314 1897 Aquileia,
3347 1807 3674 1876 Venezia
3710 1808 3918 1889 1817,
3951 1807 4025 1875 in
4053 1808 4121 1889 4,
4153 1809 4259 1876 M.
4293 1808 4409 1876 78.

475 2018 690 2087 2257.
724 2020 1065 2087 DIODATI
1088 2018 1322 2108 Luigi,
1355 2018 1525 2087 Vita
1553 2018 1873 2087 dell’Ab.
1907 2018 2357 2087 Ferdinando
2389 2018 2706 2087 Galliani
2736 2020 2819 2087 R.
2854 2018 3330 2108 Consigliere,
3362 2018 3631 2108 Napoli
3670 2019 3878 2100 1788,
3911 2018 3985 2086 in
4018 2019 4081 2100 8,
4113 2020 4219 2087 M.
4254 2018 4369 2087 56.

711 2131 795 2187 Le
820 2129 1113 2187 memorie
1138 2129 1199 2187 di
1224 2138 1437 2204 questo
1463 2129 1805 2187 dottissimo
1832 2130 2100 2187 letterato
2126 2148 2159 2187 e
2186 2129 2518 2204 antiquario
2544 2129 3021 2187 celebratissimo
3048 2138 3496 2204 appartengono
3522 2148 3639 2187 con
3664 2129 3969 2187 luminoso
3995 2129 4194 2187 diritto
4221 2148 4255 2187 a
4278 2138 4489 2204 questa

710 2225 1025 2300 biografia.

479 2420 694 2489 2258.
743 2421 883 2488 DE’
931 2422 1317 2489 DOMINICI
1355 2420 1743 2502 Bernardo,
1791 2420 1959 2489 Vite
2004 2420 2117 2489 de’
2169 2420 2432 2510 pittori,
2483 2420 2775 2489 scultori
2821 2442 2860 2489 e
2906 2420 3254 2489 architetti
3299 2420 3732 2510 napoletani,
3780 2420 4059 2489 volumi
4106 2421 4171 2502 3,
4218 2420 4486 2510 Napoli

721 2536 929 2617 1742,
962 2535 1036 2603 in
1064 2536 1131 2604 4.

713 2647 914 2721 Opera
946 2646 1290 2704 vastissima
1323 2646 1634 2704 arricchita
1666 2646 1727 2704 di
1761 2646 1984 2704 notizie
2016 2646 2121 2721 più
2154 2646 2266 2704 che
2300 2646 2444 2721 ogni
2479 2647 2624 2704 altra
2656 2665 2841 2721 opera
2873 2646 2934 2704 di
2968 2655 3180 2721 questo
3215 2665 3433 2721 genere
3467 2665 3500 2704 e
3534 2646 3624 2704 fra
3656 2647 3842 2704 molte
3875 2646 4133 2704 inutilità
4164 2665 4287 2704 non
4318 2646 4489 2721 priva

710 2743 856 2817 però
882 2742 943 2800 di
970 2742 1227 2800 storiche
1252 2742 1616 2817 cognizioni,
1644 2751 1886 2817 esposte
1911 2761 2028 2800 con
2052 2743 2271 2800 debole
2296 2742 2517 2800 critica.

479 2938 694 3008 2259.
728 2940 999 3007 DUPPA
1022 2940 1131 3020 R.,
1164 2938 1315 3007 The
1344 2938 1507 3007 Life
1537 2938 1622 3007 of
1643 2938 1923 3007 Michel
1951 2938 2242 3028 Angelo
2272 2938 2722 3020 Buonarroti,
2755 2938 3062 3007 London
3100 2939 3308 3020 1807,
3341 2938 3415 3006 in
3443 2939 3511 3020 4,
3544 2938 3670 3028 fig.

711 3049 1068 3107 L’edizione
1097 3050 1130 3107 e
1159 3049 1490 3124 magniﬁca
1515 3068 1622 3124 per
1648 3049 1668 3106 i
1696 3049 1822 3124 tipi,
1854 3050 1912 3107 la
1939 3058 2099 3107 carta
2126 3068 2159 3107 e
2187 3049 2230 3106 il
2258 3068 2507 3107 numero
2537 3068 2570 3107 e
2599 3049 3078 3124 l’appariscenza
3105 3050 3263 3107 delle
3291 3050 3508 3107 tavole.
3540 3051 3681 3107 Non
3707 3050 4041 3124 parleremo
4071 3049 4169 3107 dei
4198 3049 4425 3124 giudizi
4454 3068 4487 3107 e

711 3146 871 3203 nella
896 3145 1118 3203 critica.
1151 3146 1422 3203 Soltanto
1453 3145 1502 3203 si
1529 3146 1842 3203 osserverà
1867 3145 1979 3203 che
2005 3145 2048 3202 il
2076 3145 2330 3220 disegno
2358 3146 2516 3203 delle
2543 3146 2744 3203 tavole
2771 3146 2804 3203 e
2832 3145 3049 3213 fiacco,
3079 3164 3112 3203 e
3138 3154 3353 3220 troppo
3383 3154 3686 3203 scorretto.
3719 3146 3883 3203 Sono
3911 3154 4120 3220 queste
4146 3145 4209 3202 in
4235 3164 4486 3203 numero

712 3241 773 3299 di
809 3241 887 3299 50
923 3241 1307 3316 compresovi
1342 3241 1385 3298 il
1418 3241 1642 3299 ritratto
1678 3241 1989 3316 intagliato
2025 3242 2102 3299 da
2134 3241 2496 3299 Bartolozzi.
2534 3243 2675 3299 Non
2713 3242 2845 3299 solo
2883 3241 2932 3299 si
2965 3242 3149 3299 rende
3184 3250 3364 3299 conto
3401 3241 3462 3299 di
3496 3241 3729 3299 Michel
3765 3242 4005 3316 Angelo
4041 3260 4218 3299 come
4251 3241 4485 3316 pittore,

712 3336 1110 3411 disegnatore,
1140 3337 1397 3394 scultore
1422 3355 1455 3394 e
1481 3336 1809 3404 architetto,
1836 3355 1935 3394 ma
1959 3336 2148 3394 anche
2173 3355 2350 3394 come
2373 3345 2570 3411 poeta,
2598 3337 2857 3394 essendo
2882 3336 2944 3393 in
2968 3336 3093 3394 fine
3120 3345 3410 3411 stampate
3436 3336 3625 3394 anche
3650 3337 3706 3394 le
3731 3336 3925 3394 Rime.

485 3534 578 3622 [p.
614 3532 784 3615 386]

479 3743 694 3812 2260.
727 3745 1029 3812 ELOGIO
1055 3743 1611 3812 dell’architetto
1642 3743 2014 3833 Giuseppe
2043 3743 2483 3825 Piermarini,
2515 3745 2792 3812 Monza
2828 3744 3036 3825 1811,
3069 3743 3143 3811 in
3176 3744 3238 3812 8.

714 3854 929 3912 Scritto
955 3855 1032 3912 da
1054 3873 1134 3912 un
1160 3857 1579 3912 riconoscente
1605 3854 1914 3912 milanese.

479 4049 694 4118 2261.
728 4051 1068 4131 ESEQUIE
1094 4049 1160 4118 al
1191 4049 1441 4118 divino
1471 4049 1751 4118 Michel
1780 4049 2070 4139 Angelo
2102 4049 2553 4131 Buonarroti,
2588 4049 2942 4118 celebrate
2973 4049 3047 4117 in
3076 4049 3372 4118 Firenze
3403 4049 4034 4118 dall’Accademia
4063 4049 4176 4118 de’
4215 4049 4483 4131 Pittori,

714 4164 1024 4233 Scultori
1073 4175 1142 4233 et
1186 4164 1565 4233 Architetti
1613 4164 1805 4233 nella
1851 4164 2097 4233 chiesa
2143 4164 2215 4233 di
2265 4165 2335 4233 S.
2387 4166 2715 4233 Lorenzo
2763 4164 2815 4232 il
2863 4164 2935 4233 di
2992 4165 3078 4232 14
3125 4164 3386 4254 Luglio
3443 4164 3651 4246 1564,
3702 4164 4019 4246 Firenze,
4072 4186 4415 4254 appresso
4463 4164 4486 4232 i

713 4279 985 4361 Giunti,
1027 4279 1235 4361 1564,
1268 4279 1342 4347 in
1370 4280 1438 4361 4,
1470 4301 1537 4369 p.

483 4490 698 4559 2262.
740 4492 1106 4559 FEDERICI
1136 4492 1268 4559 Fra
1304 4492 1521 4559 Dom.
1563 4490 1819 4572 Maria,
1860 4490 2223 4559 Memorie
2261 4490 2658 4580 trevigiane
2699 4490 2881 4559 sulle
2920 4512 3137 4580 opere
3176 4490 3248 4559 di
3288 4490 3594 4580 disegno
3634 4490 3751 4559 dal
3798 4491 3984 4559 1100
4025 4490 4091 4559 al
4138 4491 4324 4559 1800
4362 4512 4488 4580 per

715 4605 979 4674 servire
1010 4605 1150 4674 alla
1179 4605 1414 4674 Storia
1442 4605 1632 4674 delle
1661 4605 1868 4674 Belle
1896 4605 2053 4674 Arti
2083 4605 2157 4673 in
2187 4605 2408 4687 Italia,
2441 4605 2767 4674 Venezia
2803 4606 3011 4687 1803,
3044 4605 3118 4673 in
3146 4606 3214 4687 4,
3247 4605 3391 4674 vol.
3426 4606 3491 4674 2.

711 4716 920 4791 Legati
944 4716 1007 4773 in
1030 4735 1111 4774 un
1137 4717 1287 4774 solo.

471 4912 686 4981 2263.
725 4914 1086 4981 FELIBIEN
1114 4914 1220 4981 M.
1259 4892 1660 4981 Entretiens
1700 4934 1817 4981 sur
1850 4912 1955 4981 les
1992 4912 2147 4981 vies
2185 4923 2254 4981 et
2290 4934 2407 4981 sur
2440 4912 2546 4981 les
2584 4934 2937 5002 ouvrages
2975 4912 3102 4981 des
3138 4912 3300 5002 plus
3338 4912 3703 4981 excellens
3739 4912 4050 5002 peintres
4089 4912 4381 4981 anciens
4419 4923 4488 4981 et

712 5027 1094 5096 modernes
1125 5027 1269 5096 vol.
1304 5028 1348 5095 2
1378 5027 1452 5095 in
1480 5028 1548 5109 4,
1581 5027 1799 5109 Paris,
1833 5027 2009 5096 chez
2039 5027 2329 5096 Marbre
2359 5027 2763 5117 Cramoisy,
2806 5027 3013 5096 1685.

711 5140 795 5196 Le
825 5157 1007 5213 opere
1037 5138 1098 5196 di
1128 5147 1340 5213 questo
1372 5147 1575 5196 autore
1603 5138 1879 5213 preziose
1911 5138 2394 5213 singolarmente,
2425 5138 2645 5213 poiché
2676 5138 2767 5196 fra
2795 5139 2851 5196 le
2879 5138 3070 5213 prime
3100 5138 3212 5196 che
3240 5157 3441 5196 resero
3472 5147 3652 5196 conto
3684 5139 3802 5196 alla
3829 5138 4077 5196 Francia
4105 5139 4265 5196 della
4295 5138 4490 5196 Storia

712 5235 1026 5302 dell’Arte,
1054 5234 1345 5292 meritano
1372 5234 1561 5292 anche
1586 5235 1856 5292 d’essere
1881 5235 2214 5292 consultate
2237 5235 2404 5309 perla
2429 5234 2706 5292 saviezza
2730 5234 2791 5292 di
2815 5234 2987 5292 molti
3012 5234 3256 5309 giudizi.

480 5429 694 5498 3264.
744 5431 1104 5498 FELIBIEN
1143 5431 1179 5498 ]
1189 5487 1200 5498 .
1250 5431 1322 5498 F.
1374 5429 1501 5498 des
1548 5430 1833 5511 Avaux,
1883 5429 2184 5498 Récueil
2229 5429 2626 5519 historique
2673 5429 2762 5498 de
2808 5429 2878 5498 la
2922 5429 3040 5498 vie
3088 5440 3157 5498 et
3202 5429 3328 5498 des
3377 5451 3731 5519 ouvrages
3780 5429 3906 5498 des
3953 5429 4115 5519 plus
4164 5429 4485 5498 celebres

714 5544 1156 5626 architectes,
1189 5544 1383 5613 Paris
1423 5544 1631 5626 1687,
1664 5544 1738 5612 in
1766 5545 1833 5613 4.

479 5755 694 5824 2265.
733 5753 984 5823 FERTÉ
1016 5756 1151 5840 (M.
1192 5755 1281 5824 de
1317 5755 1439 5840 la),
1478 5755 1750 5824 Extrait
1784 5755 1873 5824 de
1909 5755 2256 5824 différens
2294 5777 2649 5845 ouvrages
2685 5755 2969 5845 publiés
3009 5777 3126 5824 sur
3159 5755 3229 5824 la
3263 5755 3381 5824 vie
3417 5755 3544 5824 des
3580 5755 3914 5845 peintres,
3953 5755 4147 5824 Paris
4193 5755 4401 5837 1776,
4442 5756 4486 5823 2

712 5870 856 5939 vol.
890 5870 964 5938 in
997 5871 1059 5939 8.

714 5981 943 6039 Sonovi
968 5982 1084 6039 due
1110 5981 1462 6056 frontespizi
1487 5981 1728 6056 figurati
1754 6000 1787 6039 e
1813 5981 2122 6056 allegorici
2147 5982 2208 6039 di
2231 5981 2653 6056 bell’intaglio.

713 6078 1117 6152 Quest’opera
1140 6078 1173 6135 è
1198 6086 1436 6135 estratta
1459 6078 1617 6135 dalle
1642 6077 1906 6152 migliori
1931 6077 2101 6135 fonti.

479 6273 694 6342 2266.
733 6275 949 6342 FIORI
978 6273 1398 6363 d’ingegno.
1440 6273 1996 6363 Composizioni
2032 6273 2106 6341 in
2140 6273 2308 6342 lode
2344 6273 2782 6363 dell’effigie
2818 6273 3009 6342 della
3042 6273 3451 6342 Primavera
3486 6273 3761 6363 dipinta
3795 6273 3886 6342 da
3920 6273 4136 6342 Carlo
4171 6273 4483 6355 Maratti,

711 6410 962 6478 presso
992 6388 1044 6456 il
1075 6388 1222 6478 Sig.
1255 6388 1523 6457 Nicolò
1552 6388 1888 6457 Michieli
1920 6389 2263 6457 Senatore
2292 6390 2598 6470 Veneto,
2631 6388 2957 6457 Venezia
2993 6388 3201 6470 1685,
3234 6388 3308 6456 in
3346 6389 3453 6457 12.

2171 6657 2347 6694 WWW.
2358 6637 2734 6710 memofonte.
2748 6639 2791 6694 il
