4958 7017
1981 864 2366 922 Fondazione
2390 864 2775 922 Memofonte
2800 865 2976 922 onlus

1390 960 1600 1018 Studio
1624 979 1731 1035 per
1754 960 2226 1018 l’elaborazione
2250 960 2632 1018 informatica
2655 961 2813 1018 delle
2838 960 2991 1018 fonti
3018 960 3571 1018 storico—artistiche

714 1256 943 1322 stampe
969 1247 1028 1305 la
1053 1247 1332 1315 solitude,
1364 1250 1489 1305 sive
1515 1250 1672 1305 vitae
1696 1250 1944 1305 Patmm
1967 1247 2446 1305 Eremieolamm
2470 1248 2570 1305 dei
2594 1247 2857 1305 Sadeler.
2889 1249 2963 1305 V.
2991 1247 3259 1305 Valesio.

475 1444 690 1512 2008.
741 1445 853 1512 De
900 1444 1429 1512 CAVALLERUS
1472 1445 1579 1512 Jo.
1630 1445 1832 1533 Bap.,
1881 1443 2234 1525 Ecclesia;
2284 1443 2656 1512 militantis
2703 1443 3066 1533 triumphi,
3116 1445 3395 1512 Romae
3450 1443 3657 1525 1585,
3707 1443 3781 1511 in
3827 1443 3876 1512 f.
3926 1465 3993 1533 p.
4045 1465 4134 1512 ex
4182 1443 4489 1512 officina

712 1558 949 1627 Barth.
984 1558 1255 1627 Grassi.
1290 1559 1562 1644 Queste
1594 1580 1776 1627 sono
1808 1559 1901 1627 32
1930 1569 2069 1627 tav.
2104 1580 2486 1648 compreso
2516 1558 2568 1626 il
2597 1558 3071 1648 frontespizio
3100 1558 3661 1648 rappresentanti
3692 1558 3987 1627 martirii
4018 1558 4305 1627 diversi.

710 1673 1277 1763 —Aggiuntevi.
1315 1673 1695 1742 Ecclesiae
1725 1673 2182 1761 Anglicanae
2220 1673 2524 1761 trophea
2569 1673 2776 1742 1584.
2818 1674 3017 1742 Sono
3055 1673 3148 1742 36
3183 1684 3322 1742 tav.
3363 1673 3796 1742 cominciate
3833 1673 4194 1763 all’acqua
4228 1673 4412 1742 forte
4448 1695 4487 1742 e

711 1788 1085 1857 terminate
1116 1810 1156 1857 a
1181 1788 1434 1857 bulino
1465 1810 1604 1857 con
1633 1788 1863 1857 molto
1893 1788 2158 1857 valore.

710 1946 809 1951 —
839 1904 1181 1993 Seguono
1211 1903 1279 1972 le
1309 1903 1349 1972 5
1382 1903 1624 1972 tavole
1653 1903 2005 1972 intitolate
2039 1903 2452 1973 Crudelitas
2485 1906 2555 1972 in
2590 1903 2990 1973 Catholicis
3019 1903 3448 1985 mactandis,
3490 1903 3676 1972 1684

710 2061 809 2066 —
865 2018 1201 2087 Termina
1256 2018 1308 2086 il
1365 2018 1682 2087 volume:
1743 2021 1953 2087 Beati
2003 2018 2456 2106 Apollinaris
2513 2021 2831 2087 martiris
2880 2021 3102 2106 primi
3156 2021 3670 2088 Ravennatum.
3734 2021 3970 2106 Episc.
4039 2042 4153 2087 res
4210 2032 4477 2106 gestae,

712 2135 991 2202 Romae
1029 2133 1236 2202 1586.

714 2245 878 2302 Sono
911 2245 980 2302 13
1008 2245 1208 2302 tavole
1233 2263 1551 2319 compreso
1576 2244 1619 2301 il
1645 2244 2056 2319 frontespizio,
2083 2244 2394 2302 terminate
2420 2263 2454 2302 a
2475 2244 2703 2302 bulino.
2731 2246 2904 2302 Tutte
2929 2253 3137 2319 queste
3162 2263 3344 2319 opere
3371 2263 3521 2302 sono
3547 2244 3608 2302 di
3631 2244 3824 2319 prima
3847 2244 4211 2302 freschezza.

475 2460 690 2529 2009.
731 2461 843 2528 De
880 2460 1409 2528 CAVALLERUS
1442 2461 1549 2528 Jo.
1590 2461 1792 2549 Bap.,
1832 2461 2329 2528 Romanorum
2365 2461 2883 2549 Imperatorum
2919 2459 3212 2549 effigies
3251 2459 3512 2549 elogiis
3551 2481 3640 2528 ex
3678 2459 3982 2528 diversis
4023 2459 4486 2549 scriptoribus

711 2596 837 2664 per
864 2574 1222 2643 Thomam
1250 2576 1619 2643 Treterum
1648 2574 1998 2656 collectis,
2031 2576 2310 2643 Romae
2348 2574 2556 2656 1583,
2589 2574 2663 2642 in
2696 2575 2758 2643 8.

712 2685 1008 2743 Contiene
1033 2694 1246 2760 questo
1272 2686 1517 2743 volume
1549 2685 1663 2743 156
1687 2685 1893 2743 ritratti
1918 2686 1995 2743 da
2018 2686 2240 2743 Cesare
2266 2704 2300 2743 a
2322 2685 2772 2743 Massimiliano
2797 2687 2850 2742 II
2874 2685 3165 2760 intagliati
3189 2685 3252 2742 in
3274 2704 3455 2743 rame.

471 2901 686 2969 2010.
727 2902 839 2969 De
876 2901 1406 2969 CAVALLERUS
1439 2902 1546 2969 Jo.
1587 2902 1789 2990 Bap.,
1830 2900 2272 2969 Pontificum
2307 2902 2804 2969 Romanorum
2840 2900 3133 2990 effigies
3172 2900 3523 2969 collectae
3561 2922 3642 2969 ac
3679 2900 3869 2990 typis
3909 2900 4151 2969 aeneis
4189 2900 4483 2982 incisae,

712 3017 1012 3097 Romae,
1047 3015 1236 3105 apud
1263 3015 1727 3084 Franciscum
1755 3017 2128 3097 Zanetum,
2170 3015 2378 3097 1580,
2411 3015 2485 3083 in
2518 3016 2580 3084 8.

713 3130 1069 3199 Contiene
1098 3141 1354 3220 questo
1384 3130 1680 3199 volume
1710 3131 1854 3199 230
1883 3130 2129 3199 ritratti
2160 3130 2349 3199 colle
2377 3130 2746 3220 rispettive
2775 3130 3271 3212 illustrazioni,
3305 3130 3396 3199 da
3425 3131 3495 3199 S.
3529 3130 3762 3199 Pietro
3794 3152 3834 3199 a
3862 3130 4217 3220 Gregorio
4246 3132 4434 3199 XIII.

485 3361 578 3449 [p.
614 3360 784 3442 344]

488 3590 703 3658 2011.
738 3590 1376 3658 CHAMBERLAINE
1403 3589 1611 3671 John,
1645 3589 2043 3658 Imitations
2075 3589 2160 3658 of
2183 3589 2489 3679 original
2520 3589 2879 3679 drawings
2908 3589 3007 3679 by
3034 3589 3212 3658 hans
3243 3589 3562 3658 Holbein
3591 3589 3665 3657 in
3693 3589 3812 3658 the
3842 3589 4231 3658 collection
4261 3589 4346 3658 of
4367 3589 4479 3658 his

707 3704 1014 3794 majesty
1042 3704 1157 3773 for
1183 3704 1302 3773 the
1330 3704 1659 3794 portraits
1691 3704 1776 3773 of
1798 3704 2226 3773 illustriours
2256 3726 2556 3794 persons
2588 3704 2673 3773 of
2695 3704 2814 3773 the
2844 3715 3046 3773 court
3074 3704 3159 3773 of
3181 3706 3428 3794 Henry
3456 3706 3644 3786 VIII,
3678 3704 3985 3773 London
4023 3705 4231 3786 1812,
4264 3704 4338 3772 in
4366 3705 4434 3786 4,

708 3841 805 3909 gr.

714 3931 878 3988 Sono
910 3930 1012 4005 qui
1041 3930 1469 4005 rappresentati
1501 3930 1573 3988 61
1609 3930 1815 3988 ritratti
1845 3949 1967 3988 non
1996 3930 2447 3988 inferiormente
2479 3949 2513 3988 a
2542 3930 2727 4005 quelli
2759 3930 2870 3988 che
2900 3930 2962 3987 in
2990 3930 3096 4005 più
3126 3949 3271 4005 gran
3301 3930 3497 3988 forma
3527 3949 3719 3988 aveva
3746 3949 3906 4005 poco
3936 3930 4128 4005 prima
4155 3930 4486 4005 pubblicati

711 4026 1056 4084 Bartolozzi
1095 4045 1128 4084 e
1166 4026 1389 4084 imitasi
1428 4027 1526 4084 col
1565 4027 1771 4084 colore
1809 4026 1852 4083 il
1891 4035 2174 4084 carattere
2213 4026 2311 4084 dei
2350 4026 2587 4101 disegni
2626 4026 2905 4101 originali
2944 4026 3401 4084 mirabilmente.
3446 4027 3647 4101 Opera
3685 4026 3842 4084 assai
3879 4026 4041 4084 ricca
4079 4045 4112 4084 e
4149 4027 4327 4084 bella:
4371 4045 4489 4084 con

714 4122 983 4197 superior
1006 4123 1294 4197 eleganza
1317 4123 1514 4197 legata
1536 4122 1599 4179 in
1623 4141 1766 4180 mar.
1794 4131 1896 4180 ter.

475 4338 690 4406 2012.
724 4339 836 4406 De
865 4349 1341 4419 CHERTABLON,
1374 4339 1477 4406 La
1505 4337 1834 4406 Maniere
1864 4337 1954 4406 de
1986 4359 2062 4406 se
2089 4337 2259 4406 bien
2287 4359 2619 4427 preparer
2649 4338 2689 4406 à
2716 4337 2786 4406 la
2813 4348 3000 4406 mort
3026 4359 3153 4427 par
3181 4337 3307 4406 des
3339 4337 3910 4406 considerations
3944 4359 4061 4406 sur
4088 4337 4158 4406 la
4185 4337 4487 4406 Passion

713 4463 782 4521 et
810 4452 880 4521 la
907 4454 1106 4521 Mort
1135 4452 1224 4521 de
1255 4454 1303 4521 I.
1339 4453 1421 4521 C.
1458 4474 1634 4521 avec
1666 4452 1756 4521 de
1785 4453 1924 4521 très
1954 4452 2183 4521 belles
2216 4463 2576 4542 estampes
2609 4452 3208 4542 emblématiques
3241 4452 3662 4542 expliquées
3695 4452 3871 4521 chez
3904 4453 4192 4542 George
4223 4452 4484 4534 Gallet,

714 4568 754 4636 à
780 4568 1110 4636 Anverse
1148 4568 1356 4649 1700,
1389 4567 1463 4635 in
1491 4568 1558 4636 4.

714 4678 943 4736 Sonovi
967 4679 1047 4736 40
1072 4679 1272 4736 tavole
1298 4678 1663 4753 allegoriche
1687 4678 1994 4753 intagliate
2019 4697 2136 4736 con
2158 4678 2290 4736 brio
2316 4678 2377 4736 di
2400 4687 2584 4753 punta
2607 4697 2640 4736 e
2665 4697 2782 4736 con
2805 4678 3250 4753 imaginazione
3277 4679 3574 4753 sregolata
3597 4679 3674 4736 da
3696 4680 3765 4736 R.
3794 4679 3869 4736 de
3894 4678 4170 4753 Hooghe.

467 4875 682 4943 2013.
720 4876 826 4942 LE
854 4875 1117 4943 CLERC
1148 4874 1547 4956 Sébastien,
1585 4875 1911 4943 Oeuvres
1947 4874 2262 4943 choisies
2299 4885 2763 4943 contenantes
2799 4875 2942 4944 239
2979 4885 3338 4964 estampes
3374 4874 3746 4943 dessinées
3782 4885 3851 4943 et
3884 4875 4182 4964 gravées
4216 4896 4342 4964 par
4375 4885 4489 4943 cet

713 4989 996 5058 celebre
1027 4989 1286 5071 artiste,
1319 4989 1513 5058 Paris
1553 4990 1762 5071 1784,
1795 4989 1869 5057 in
1897 4990 1964 5058 4.

713 5101 942 5172 Questo
972 5119 1094 5158 non
1122 5101 1155 5158 e
1184 5100 1296 5158 che
1324 5119 1405 5158 un
1435 5100 1646 5175 saggio
1676 5101 1834 5158 delle
1862 5100 2159 5158 immense
2188 5119 2370 5175 opere
2397 5100 2742 5175 pubblicate
2771 5101 2848 5158 da
2875 5109 3087 5175 questo
3116 5100 3492 5175 intagliatore
3521 5109 3841 5175 composto
3871 5100 3932 5158 di
3961 5100 4197 5158 diverse
4224 5109 4484 5175 puntate,

710 5195 1106 5270 ripubblicate
1137 5196 1326 5253 molto
1358 5196 1521 5270 dopo
1553 5196 1611 5253 la
1642 5214 1749 5253 sua
1778 5204 1986 5263 morte,
2020 5196 2076 5253 le
2107 5195 2269 5270 quali
2303 5196 2565 5253 sebbene
2596 5214 2718 5253 non
2751 5195 2919 5253 siano
2949 5204 3136 5270 punto
3169 5195 3423 5263 fresche,
3456 5196 3804 5253 nullameno
3836 5196 4034 5253 danno
4066 5195 4321 5270 qualche
4352 5195 4490 5253 idea

712 5292 810 5349 del
837 5310 945 5349 suo
971 5291 1113 5349 fare.

479 5507 694 5575 2014.
735 5508 840 5574 LE
871 5507 1134 5575 CLERC
1168 5506 1567 5588 Sébastien,
1608 5506 1993 5575 Calendier
2028 5506 2154 5575 des
2194 5506 2454 5588 Saints,
2495 5528 2590 5575 ou
2626 5506 2897 5596 figures
2936 5506 3062 5575 des
3100 5506 3255 5575 vies
3294 5506 3420 5575 des
3460 5506 3697 5575 Saints
3734 5528 3916 5596 pour
3949 5517 4111 5575 tous
4149 5506 4254 5575 les
4283 5506 4486 5596 jours

713 5621 802 5690 de
831 5621 1142 5703 l’année,
1177 5622 1474 5711 gravées
1506 5621 1794 5711 d’apres
1827 5621 2204 5690 Sébastien
2233 5621 2301 5690 le
2331 5621 2563 5703 Clerc,
2596 5621 3061 5690 Amsterdam
3098 5622 3306 5703 1730,
3340 5622 3384 5689 2
3414 5621 3558 5690 vol.
3592 5621 3666 5689 in
3694 5622 3761 5690 4.
3794 5643 3861 5711 p.

713 5732 925 5804 Questi
951 5733 1067 5790 due
1094 5732 1409 5790 volumetti
1437 5751 1588 5790 sono
1615 5732 2059 5807 egregiamente
2085 5732 2395 5807 intagliati.
2425 5734 2509 5790 Le
2534 5733 2735 5790 tavole
2764 5751 2914 5790 sono
2943 5732 3059 5790 365
3091 5751 3271 5790 senza
3294 5741 3466 5790 testo.
3495 5734 3520 5789 I
3546 5733 3662 5790 due
3689 5732 4041 5807 frontespizi
4068 5732 4308 5807 figurati
4337 5751 4487 5790 sono

711 5828 773 5885 in
797 5829 1101 5886 olandese.

479 6023 694 6092 2015.
729 6024 1152 6092 COLLAERT
1173 6023 1520 6105 Adriano,
1553 6023 1742 6092 Vedi
1768 6023 2379 6111 Martirologium.

710 6181 809 6186 —
837 6138 1007 6207 Vita
1033 6140 1203 6207 Jesu
1234 6138 1626 6207 Salvatoris
1657 6138 1872 6207 variis
1903 6138 2236 6207 iconibus
2268 6160 2627 6228 expressa.
2662 6139 2965 6207 Constat
2991 6138 3130 6207 tab.
3166 6139 3259 6207 34
3292 6139 3705 6228 (compreso
3736 6138 3788 6206 il
3817 6138 4344 6228 frontespizio).

710 6296 809 6301 —
846 6253 923 6322 Si
962 6253 1320 6343 aggiunge
1356 6253 1651 6322 Henrici
1690 6253 1918 6322 Goltii
1955 6253 2206 6322 Passio
2240 6255 2410 6322 Jesu
2447 6253 2713 6322 Christi
2751 6253 2986 6322 dicata
3019 6253 3364 6322 Federico
3401 6255 3802 6322 Borromeo
3840 6253 4228 6335 Cardinali,
4277 6253 4484 6335 1598,

713 6379 993 6437 constat
1019 6368 1158 6437 tab.
1201 6369 1308 6437 12.

2171 6657 2347 6694 WWW.
2358 6637 2734 6710 memofonte.
2748 6639 2766 6694 i
2770 6648 2791 6694 t
