4958 7017
1981 864 2366 922 Fondazione
2390 838 2775 922 Memofonte
2800 865 2976 922 onlus

1390 960 1600 1018 Studio
1624 979 1731 1035 per
1754 960 2226 1018 l’elaborazione
2250 960 2632 1018 informatica
2655 961 2813 1018 delle
2838 960 2991 1018 fonti
3018 960 3571 1018 storico—artistiche

698 1256 783 1305 tre
806 1247 974 1322 parti.

697 1379 780 1383 —
802 1343 1196 1418 Aggiuntovi:
1226 1345 1312 1401 La
1335 1343 1710 1401 descrizione
1736 1343 1797 1401 di
1821 1352 1969 1401 tutto
1994 1343 2037 1400 il
2062 1344 2307 1411 mondo,
2335 1362 2368 1401 e
2393 1344 2578 1401 molte
2604 1344 2748 1401 altre
2773 1343 2930 1411 città,
2958 1343 3069 1401 che
3093 1344 3430 1418 nell’opera
3455 1343 3504 1401 si
3529 1352 3931 1418 contengono.

698 1439 1143 1497 Infedelissime
1176 1458 1326 1497 sono
1357 1440 1413 1497 le
1443 1440 1643 1497 tavole
1676 1458 1879 1514 sparse
1908 1440 2245 1514 nell’opera
2273 1439 2334 1497 di
2364 1448 2576 1514 questo
2609 1448 2831 1507 autore,
2864 1458 2897 1497 e
2927 1440 2983 1497 le
3015 1458 3120 1497 sue
3148 1439 3437 1497 relazioni
3468 1458 3590 1497 non
3622 1458 3772 1497 sono
3805 1439 4039 1514 spoglie
4070 1439 4232 1514 degli
4264 1439 4486 1497 antichi

697 1535 1027 1610 pregiudizj
1058 1554 1091 1593 e
1118 1535 1553 1610 superstizioni.

473 1726 655 1784 4152.
686 1728 903 1784 VENNI
926 1726 1254 1801 Giuseppe,
1284 1726 1503 1801 Elogio
1534 1726 1754 1784 storico
1783 1727 1941 1784 delle
1969 1735 2138 1801 gesta
2165 1727 2263 1784 del
2290 1728 2359 1784 R.
2392 1726 2638 1784 oderico
2667 1726 3028 1784 dell’ordine
3056 1727 3152 1784 de’
3186 1728 3348 1784 MM.
3381 1727 3506 1784 CC.
3538 1727 3698 1784 colla
3726 1726 3907 1784 storia
3933 1726 4031 1784 dei
4065 1728 4143 1801 [p.
4175 1726 4319 1796 264]
4355 1726 4487 1784 suoi

699 1822 902 1897 viaggi
928 1822 1177 1890 asiatici,
1204 1822 1511 1890 illustrata,
1538 1822 1810 1880 Venezia
1840 1822 2014 1890 1761,
2041 1822 2103 1879 in
2126 1823 2183 1890 4,
2211 1822 2315 1897 fig.

473 2014 655 2072 4153.
682 2016 962 2072 WRIGHT
981 2015 1256 2082 Edward,
1287 2015 1469 2072 Some
1496 2014 1911 2072 observations
1938 2015 2115 2072 made
2140 2014 2202 2071 in
2226 2014 2542 2089 travelling
2567 2014 2823 2089 through
2847 2016 3089 2082 France,
3117 2015 3284 2089 Italy,
3312 2014 3374 2071 in
3398 2014 3496 2072 the
3522 2033 3693 2089 years
3727 2015 3883 2072 1720
3916 2015 4065 2072 1721
4099 2015 4215 2072 and
4246 2015 4401 2072 1722
4427 2014 4489 2071 in

698 2119 818 2168 two
845 2111 1140 2178 volumes,
1168 2111 1424 2168 London
1455 2111 1630 2178 1730,
1657 2110 1719 2167 in
1742 2111 1799 2178 4,
1827 2110 1931 2185 fig.

1305 2207 1323 2221 \

698 2206 1077 2264 Pochissimo
1117 2215 1261 2264 noto
1301 2225 1334 2264 e
1372 2206 1435 2263 in
1472 2206 1642 2264 Italia
1679 2215 1892 2281 questo
1933 2206 2177 2281 viaggio
2215 2206 2564 2281 pubblicato
2604 2225 2721 2264 con
2759 2207 2839 2264 40
2878 2207 3078 2264 tavole
3116 2206 3178 2263 in
3214 2225 3397 2274 rame,
3438 2225 3561 2264 non
3599 2225 3915 2281 comprese
3955 2207 4166 2264 alcune
4205 2206 4267 2263 in
4305 2207 4486 2281 legno

701 2310 990 2376 stampate
1016 2301 1106 2359 fra
1128 2301 1171 2358 il
1195 2310 1366 2359 testo.
1394 2301 1474 2359 Vi
1501 2320 1652 2359 sono
1679 2302 1734 2359 al
1761 2301 1939 2359 solito
1965 2301 2136 2359 molti
2161 2301 2361 2369 errori,
2388 2320 2487 2359 ma
2511 2301 2701 2359 anche
2725 2302 2913 2359 molta
2938 2301 3292 2376 semplicità,
3320 2320 3353 2359 e
3376 2301 3573 2376 poche
3600 2301 3835 2359 sinistre
3858 2301 4266 2376 prevenzioni.

473 2493 655 2551 4154.
684 2495 778 2551 W.
809 2495 895 2561 L.,
924 2493 1051 2551 The
1077 2493 1337 2568 painters
1366 2512 1603 2568 voyage
1631 2493 1703 2551 of
1723 2494 1890 2568 Italy,
1921 2494 2178 2551 London
2212 2493 2387 2561 1679,
2417 2493 2479 2550 in
2509 2494 2561 2551 8.
2592 2494 2709 2551 Nel
2737 2494 2913 2568 quale
2943 2493 2992 2551 si
3018 2494 3185 2568 parla
3211 2494 3369 2551 delle
3395 2493 3610 2568 pitture
3638 2512 3671 2551 e
3701 2494 3958 2551 sculture
3986 2494 4144 2551 delle
4170 2493 4487 2568 principali

699 2589 840 2647 città
863 2589 1101 2647 d’Italia
1123 2598 1286 2647 tanto
1311 2589 1409 2647 nei
1434 2589 1643 2664 luoghi
1666 2589 1937 2664 pubblici
1962 2589 2073 2647 che
2096 2589 2329 2664 privati,
2357 2608 2390 2647 e
2417 2589 2883 2664 singolarmente
2908 2590 3006 2647 del
3030 2591 3252 2647 Museo
3280 2590 3503 2647 Setalla
3525 2589 3587 2646 in
3610 2589 3865 2647 Milano.

701 2685 916 2743 Scritto
942 2685 1400 2760 originalmente
1424 2685 1487 2742 in
1510 2685 1757 2743 italiano
1783 2686 1860 2743 da
1884 2685 2182 2743 Giacomo
2207 2685 2376 2743 Barri
2399 2685 2580 2760 pittor
2603 2685 2953 2753 veneziano,
2981 2704 3014 2743 e
3038 2686 3294 2743 tradotto
3319 2685 3381 2742 in
3404 2685 3653 2760 inglese.

473 2876 655 2934 4155.
682 2878 1074 2934 ZACHARIAE
1093 2876 1395 2934 Francisci
1420 2876 1688 2944 Antonii,
1715 2878 2017 2934 Excursus
2043 2876 2307 2934 litterarii
2330 2895 2437 2951 per
2459 2876 2709 2944 Italiam,
2738 2877 2811 2934 ab
2838 2895 2994 2934 anno
3027 2877 3183 2934 1742
3210 2877 3284 2934 ad
3309 2895 3531 2934 annum
3561 2876 3736 2944 1752,
3763 2876 4035 2934 Venetiis
4068 2876 4243 2944 1754,
4271 2876 4375 2951 fig.

698 2974 782 3030 Le
813 2972 1008 3047 figure
1039 2972 1100 3030 di
1129 2972 1398 3047 pessimo
1429 2972 1680 3047 intaglio
1715 2991 1865 3030 sono
1899 2991 2101 3047 sparse
2132 2972 2222 3030 fra
2250 2972 2293 3029 il
2323 2981 2477 3030 testo
2509 2973 2846 3047 dell’opera
2875 2972 3294 3030 eruditissima.
3329 2973 3671 3047 Comparve
3702 2991 3782 3030 un
3813 2973 4058 3030 volume
4091 2973 4358 3030 secondo
4389 2973 4487 3030 nel

706 3068 880 3126 1762.

2303 3269 2660 3350 GUIDE

2262 3491 2697 3548 AMSTERDAM

473 3681 655 3739 4156.
678 3683 762 3739 Le
784 3682 1015 3749 GUIDE,
1039 3700 1119 3739 ou
1143 3682 1426 3739 nouvelle
1451 3681 1818 3756 description
1842 3682 1917 3739 de
1942 3682 2000 3739 la
2023 3681 2166 3739 ville
2191 3682 2663 3749 d’Amsterdam,
2691 3682 3079 3739 Amsterdam
3108 3682 3283 3749 1720,
3311 3681 3437 3756 fig.,
3464 3681 3526 3738 in
3554 3682 3606 3739 8.

701 3777 930 3835 Sonovi
955 3778 1141 3835 molte
1165 3778 1365 3835 tavole
1391 3777 1481 3835 fra
1503 3777 1546 3834 il
1570 3786 1743 3845 testo,
1771 3796 1804 3835 e
1829 3778 1887 3835 la
1912 3777 2063 3835 serie
2088 3778 2246 3835 delle
2269 3777 2554 3835 bandiere
2578 3777 2913 3835 marittime.

473 3969 655 4027 4157.
682 3971 766 4027 Le
788 3970 1003 4027 GUIDE
1023 3970 1479 4027 d’Amsterdam
1503 3988 1649 4027 avec
1675 3970 1733 4027 la
1756 3969 2123 4044 description
2147 3970 2222 4027 de
2247 3988 2317 4027 ce
2342 3969 2444 4044 qui
2468 3969 2511 4026 il
2536 3989 2574 4044 y
2599 3988 2633 4027 a
2656 3970 2731 4027 de
2754 3970 2889 4044 plus
2914 3969 3285 4037 intéressant,
3313 3970 3700 4027 Amsterdam
3729 3970 3904 4037 1793,
3931 3969 3993 4026 in
4020 3970 4073 4037 8,
4101 3969 4205 4044 fig.

701 4066 865 4123 Sono
890 4065 952 4122 in
976 4074 1187 4140 questa
1210 4065 1488 4123 edizione
1513 4066 1569 4123 le
1596 4074 1825 4140 stampe
1850 4065 1911 4123 di
1936 4065 2108 4123 molti
2133 4065 2342 4123 edifici
2367 4065 2428 4123 di
2453 4065 2759 4123 mediocre
2784 4065 3162 4133 esecuzione,
3190 4084 3223 4123 e
3248 4065 3642 4123 l’estensione
3667 4066 3765 4123 del
3789 4074 3942 4123 testo
3968 4066 4001 4123 e
4024 4066 4143 4123 ben
4167 4065 4327 4123 fatta.

2257 4257 2705 4314 ANGLETERRE

473 4448 655 4506 4158.
678 4450 762 4506 Le
784 4449 998 4506 GUIDE
1018 4449 1460 4523 d’Angleterre;
1489 4467 1569 4506 ou
1591 4448 1844 4506 relation
1868 4448 2141 4506 curieuse
2166 4449 2246 4506 du
2271 4467 2507 4523 voyage
2533 4449 2608 4506 de
2632 4450 2720 4506 M.
2749 4449 2824 4506 de
2847 4449 3062 4516 B.***,
3090 4449 3477 4506 Amsterdam
3507 4449 3682 4516 1744,
3708 4448 3770 4505 in
3793 4449 3849 4506 4.

698 4544 879 4602 Libro
906 4544 1062 4602 assai
1085 4544 1378 4619 piccante,
1406 4563 1439 4602 e
1465 4544 1612 4602 fatto
1638 4563 1755 4602 con
1779 4544 2034 4619 qualche
2057 4545 2222 4602 buon
2247 4553 2440 4619 gusto.

2318 4736 2644 4793 ANVERSA

473 4927 655 4986 4159.
681 4929 1123 4985 DESCRIPTION
1144 4928 1251 4985 des
1277 4927 1632 5002 principaux
1658 4946 1954 5002 ouvrages
1983 4928 2058 4985 de
2083 4927 2290 5002 peintu
2321 4929 2399 5002 [p.
2430 4927 2664 4997 265]re,
2694 4936 2752 4985 et
2779 4928 3077 5002 sculpture
3105 4927 3428 4985 existantes
3458 4928 3605 4985 dans
3633 4928 3721 4985 les
3749 4927 3913 4985 lieux
3937 4927 4300 5002 pubbliques
4328 4928 4403 4985 de
4431 4928 4490 4985 la

699 5023 842 5081 ville
867 5024 1228 5091 d’Anverse,
1256 5024 1529 5081 Anverse
1561 5024 1736 5091 1774,
1763 5023 1825 5080 in
1852 5024 1904 5081 8.

473 5215 655 5273 4160.
690 5217 1132 5273 DESCRIPTION
1159 5216 1265 5273 des
1296 5215 1652 5290 principaux
1683 5234 1979 5290 ouvrages
2013 5216 2088 5273 de
2118 5215 2407 5290 peinture,
2442 5224 2501 5273 et
2534 5216 2833 5290 sculpture
2866 5216 3289 5273 actuellement
3320 5215 3606 5273 existants
3641 5216 3675 5273 a
3705 5216 3960 5283 Anvers,
3996 5209 4099 5273 5me
4132 5215 4377 5283 édition,
4412 5234 4488 5273 en

706 5311 797 5378 12,
826 5329 972 5368 avec
996 5310 1292 5385 plusieurs
1319 5310 1637 5368 additions.

697 5442 780 5446 —
802 5406 1131 5481 Aggiunto:
1161 5407 1218 5463 A
1242 5425 1377 5464 new
1400 5406 1622 5481 pocket
1645 5406 2012 5481 companion
2037 5406 2132 5464 for
2156 5406 2410 5474 Oxford,
2437 5406 2733 5474 Bleneim,
2763 5407 2928 5464 Stow
2953 5415 3085 5474 etc.,
3114 5406 3351 5464 Oxford
3382 5407 3556 5474 1787,
3584 5406 3689 5481 fig.

697 5538 780 5542 —
808 5502 1137 5577 Aggiunto:
1173 5502 1606 5560 Observations
1640 5521 1738 5560 sur
1766 5503 1824 5560 la
1852 5502 2218 5560 destruction
2247 5503 2322 5560 de
2352 5503 2410 5560 la
2436 5503 2806 5577 promenade
2836 5503 2916 5560 du
2937 5502 3137 5577 jardin
3166 5503 3246 5560 du
3274 5502 3438 5560 Palai
3467 5503 3680 5577 Royal,
3713 5503 3881 5560 lettre
3911 5503 4060 5560 d’un
4090 5502 4320 5577 anglais
4351 5511 4483 5570 etc.,

698 5599 1086 5656 Amsterdam
1115 5599 1289 5656 1781.

2344 5790 2616 5847 AREZZO

473 5981 655 6039 4161.
678 5983 1090 6039 RONDINELLI
1110 5981 1433 6049 Giovanni,
1460 5981 1789 6039 Relazione
1816 6000 1993 6056 sopra
2016 5982 2076 6039 lo
2104 5990 2254 6039 stato
2281 5981 2498 6049 antico,
2526 6000 2559 6039 e
2583 5982 2874 6039 moderno
2900 5982 3060 6039 della
3083 5981 3224 6039 città
3247 5981 3308 6039 di
3332 5982 3588 6049 Arezzo,
3615 5982 3851 6039 Arezzo
3884 5981 4058 6049 1755,
4085 5981 4147 6038 in
4174 5982 4226 6039 8.

2355 6174 2606 6231 ASCOLI

473 6364 655 6422 4162.
678 6366 971 6421 LAZZARI
988 6364 1207 6432 Tullio,
1235 6364 1448 6422 Ascoli
1472 6364 1535 6421 in
1557 6364 1927 6439 prospettiva
1950 6365 2108 6422 colle
2135 6383 2240 6422 sue
2263 6364 2368 6439 più
2394 6364 2680 6439 singolari
2707 6365 2982 6432 sculture,
3008 6364 3242 6439 pitture,
3270 6383 3303 6422 e
3329 6364 3702 6422 architetture
3727 6383 3836 6432 ec.,
3863 6364 4077 6422 Ascoli
4109 6365 4284 6432 1724,
4311 6364 4373 6421 in
4400 6365 4452 6422 8.

2171 6657 2347 6694 WWW.
2358 6637 2734 6710 memofonte.
2748 6639 2791 6694 il
