<?xml version="1.0" encoding="UTF-8"?>
<!DOCTYPE html PUBLIC "-//W3C//DTD XHTML 1.0 Transitional//EN"
    "http://www.w3.org/TR/xhtml1/DTD/xhtml1-transitional.dtd">
<html xmlns="http://www.w3.org/1999/xhtml" xml:lang="en" lang="en">
 <head>
  <title>
</title>
<meta http-equiv="Content-Type" content="text/html;charset=utf-8" />
  <meta name='ocr-system' content='tesseract 3.04.00' />
  <meta name='ocr-capabilities' content='ocr_page ocr_carea ocr_par ocr_line ocrx_word'/>
</head>
<body>
  <div class='ocr_page' id='page_1' title='image "tess/page158.tif"; bbox 0 0 4958 7017; ppageno 0'>
   <div class='ocr_carea' id='block_1_1' title="bbox 2188 398 2776 772">
    <p class='ocr_par' dir='ltr' id='par_1_1' title="bbox 2188 398 2776 772">
     <span class='ocr_line' id='line_1_1' title="bbox 2188 398 2776 772; baseline 0 6245"><span class='ocrx_word' id='word_1_1' title='bbox 2188 398 2776 772; x_wconf 95' lang='ita' dir='ltr'> </span> 
     </span>
    </p>
   </div>
   <div class='ocr_carea' id='block_1_2' title="bbox 1390 841 3571 1035">
    <p class='ocr_par' dir='ltr' id='par_1_2' title="bbox 1390 841 3571 1035">
     <span class='ocr_line' id='line_1_2' title="bbox 1981 841 2976 922; baseline 0.001 -1"><span class='ocrx_word' id='word_1_2' title='bbox 1981 864 2366 922; x_wconf 80' lang='ita' dir='ltr'>Fondazione</span> <span class='ocrx_word' id='word_1_3' title='bbox 2390 841 2775 922; x_wconf 89' lang='ita' dir='ltr'>Mernofonte</span> <span class='ocrx_word' id='word_1_4' title='bbox 2800 865 2976 922; x_wconf 86' lang='ita' dir='ltr'>onlus</span> 
     </span>
     <span class='ocr_line' id='line_1_3' title="bbox 1390 960 3571 1035; baseline 0 -17"><span class='ocrx_word' id='word_1_5' title='bbox 1390 960 1600 1018; x_wconf 94' lang='ita' dir='ltr'>Studio</span> <span class='ocrx_word' id='word_1_6' title='bbox 1624 979 1731 1035; x_wconf 99' lang='ita' dir='ltr'>per</span> <span class='ocrx_word' id='word_1_7' title='bbox 1754 960 2226 1018; x_wconf 98' lang='ita' dir='ltr'>l’elaborazione</span> <span class='ocrx_word' id='word_1_8' title='bbox 2250 960 2632 1018; x_wconf 93' lang='ita' dir='ltr'>informatica</span> <span class='ocrx_word' id='word_1_9' title='bbox 2655 961 2813 1018; x_wconf 98' lang='ita' dir='ltr'>delle</span> <span class='ocrx_word' id='word_1_10' title='bbox 2838 960 2991 1018; x_wconf 93' lang='ita' dir='ltr'>fonti</span> <span class='ocrx_word' id='word_1_11' title='bbox 3018 960 3571 1018; x_wconf 97' lang='ita' dir='ltr'>storico—artistiche</span> 
     </span>
    </p>
   </div>
   <div class='ocr_carea' id='block_1_3' title="bbox 472 1119 4264 1123">
    <p class='ocr_par' dir='ltr' id='par_1_3' title="bbox 472 1119 4264 1123">
     <span class='ocr_line' id='line_1_4' title="bbox 472 1119 4264 1123; baseline 0 0"><span class='ocrx_word' id='word_1_12' title='bbox 472 1119 4264 1123; x_wconf 95' lang='ita' dir='ltr'> </span> 
     </span>
    </p>
   </div>
   <div class='ocr_carea' id='block_1_4' title="bbox 707 1247 4487 1418">
    <p class='ocr_par' dir='ltr' id='par_1_4' title="bbox 707 1247 4487 1418">
     <span class='ocr_line' id='line_1_5' title="bbox 709 1247 4487 1322; baseline 0 -17"><span class='ocrx_word' id='word_1_13' title='bbox 709 1248 957 1305; x_wconf 89' lang='ita' dir='ltr'>solenne</span> <span class='ocrx_word' id='word_1_14' title='bbox 985 1247 1415 1305; x_wconf 80' lang='ita' dir='ltr'>distribuzione</span> <span class='ocrx_word' id='word_1_15' title='bbox 1443 1247 1541 1305; x_wconf 99' lang='ita' dir='ltr'>dei</span> <span class='ocrx_word' id='word_1_16' title='bbox 1567 1247 1777 1322; x_wconf 80' lang='ita' dir='ltr'>premi,</span> <span class='ocrx_word' id='word_1_17' title='bbox 1807 1266 1929 1305; x_wconf 99' lang='ita' dir='ltr'>non</span> <span class='ocrx_word' id='word_1_18' title='bbox 1956 1248 2215 1305; x_wconf 89' lang='ita' dir='ltr'>essendo</span> <span class='ocrx_word' id='word_1_19' title='bbox 2244 1256 2452 1322; x_wconf 92' lang='ita' dir='ltr'>queste</span> <span class='ocrx_word' id='word_1_20' title='bbox 2479 1247 2542 1304; x_wconf 99' lang='ita' dir='ltr'>in</span> <span class='ocrx_word' id='word_1_21' title='bbox 2569 1247 2844 1322; x_wconf 82' lang='ita' dir='ltr'>maggior</span> <span class='ocrx_word' id='word_1_22' title='bbox 2869 1266 3120 1305; x_wconf 99' lang='ita' dir='ltr'>numero</span> <span class='ocrx_word' id='word_1_23' title='bbox 3149 1247 3210 1305; x_wconf 99' lang='ita' dir='ltr'>di</span> <span class='ocrx_word' id='word_1_24' title='bbox 3240 1247 3334 1305; x_wconf 99' lang='ita'>36.</span> <span class='ocrx_word' id='word_1_25' title='bbox 3365 1248 3544 1305; x_wconf 93' lang='ita' dir='ltr'>Nella</span> <span class='ocrx_word' id='word_1_26' title='bbox 3567 1247 3672 1322; x_wconf 88' lang='ita' dir='ltr'>più</span> <span class='ocrx_word' id='word_1_27' title='bbox 3697 1256 3862 1322; x_wconf 97' lang='ita' dir='ltr'>parte</span> <span class='ocrx_word' id='word_1_28' title='bbox 3889 1247 4051 1322; x_wconf 82' lang='ita' dir='ltr'>degli</span> <span class='ocrx_word' id='word_1_29' title='bbox 4079 1247 4398 1322; x_wconf 87' lang='ita' dir='ltr'>esemplari</span> <span class='ocrx_word' id='word_1_30' title='bbox 4426 1247 4487 1305; x_wconf 99' lang='ita' dir='ltr'>di</span> 
     </span>
     <span class='ocr_line' id='line_1_6' title="bbox 707 1343 4022 1418; baseline 0 -17"><span class='ocrx_word' id='word_1_31' title='bbox 707 1352 917 1418; x_wconf 92' lang='ita' dir='ltr'>questa</span> <span class='ocrx_word' id='word_1_32' title='bbox 939 1345 1064 1401; x_wconf 96' lang='ita' dir='ltr'>Rac</span> <span class='ocrx_word' id='word_1_33' title='bbox 1095 1345 1173 1418; x_wconf 90' lang='ita' dir='ltr'>[p.</span> <span class='ocrx_word' id='word_1_34' title='bbox 1202 1343 1346 1413; x_wconf 89' lang='ita'>226]</span> <span class='ocrx_word' id='word_1_35' title='bbox 1377 1344 1536 1401; x_wconf 97' lang='ita' dir='ltr'>colta</span> <span class='ocrx_word' id='word_1_36' title='bbox 1558 1343 1781 1401; x_wconf 98' lang='ita' dir='ltr'>trovasi</span> <span class='ocrx_word' id='word_1_37' title='bbox 1806 1362 2084 1401; x_wconf 97' lang='ita' dir='ltr'>mancare</span> <span class='ocrx_word' id='word_1_38' title='bbox 2109 1343 2442 1401; x_wconf 97' lang='ita' dir='ltr'>l’orazione</span> <span class='ocrx_word' id='word_1_39' title='bbox 2467 1344 2565 1401; x_wconf 99' lang='ita' dir='ltr'>del</span> <span class='ocrx_word' id='word_1_40' title='bbox 2597 1344 2772 1411; x_wconf 97' lang='ita'>1713,</span> <span class='ocrx_word' id='word_1_41' title='bbox 2800 1343 2911 1401; x_wconf 97' lang='ita' dir='ltr'>che</span> <span class='ocrx_word' id='word_1_42' title='bbox 2935 1362 3057 1401; x_wconf 99' lang='ita' dir='ltr'>non</span> <span class='ocrx_word' id='word_1_43' title='bbox 3081 1362 3296 1401; x_wconf 97' lang='ita' dir='ltr'>manca</span> <span class='ocrx_word' id='word_1_44' title='bbox 3319 1344 3417 1401; x_wconf 99' lang='ita' dir='ltr'>nel</span> <span class='ocrx_word' id='word_1_45' title='bbox 3441 1352 3646 1401; x_wconf 99' lang='ita' dir='ltr'>nostro</span> <span class='ocrx_word' id='word_1_46' title='bbox 3672 1344 4022 1418; x_wconf 90' lang='ita' dir='ltr'>esemplare.</span> 
     </span>
    </p>
   </div>
   <div class='ocr_carea' id='block_1_5' title="bbox 483 1558 4486 1763">
    <p class='ocr_par' dir='ltr' id='par_1_5' title="bbox 483 1558 4486 1763">
     <span class='ocr_line' id='line_1_7' title="bbox 483 1558 4486 1648; baseline 0 -22"><span class='ocrx_word' id='word_1_47' title='bbox 483 1559 690 1627; x_wconf 95' lang='ita'>1308.</span> <span class='ocrx_word' id='word_1_48' title='bbox 727 1560 1099 1627; x_wconf 88' lang='ita' dir='ltr'>DESIDERI</span> <span class='ocrx_word' id='word_1_49' title='bbox 1125 1558 1525 1640; x_wconf 89' lang='ita' dir='ltr'>Girolamo,</span> <span class='ocrx_word' id='word_1_50' title='bbox 1561 1558 1773 1627; x_wconf 97' lang='ita' dir='ltr'>Delle</span> <span class='ocrx_word' id='word_1_51' title='bbox 1804 1569 1906 1627; x_wconf 91' lang='ita' dir='ltr'>tre</span> <span class='ocrx_word' id='word_1_52' title='bbox 1940 1558 2087 1627; x_wconf 91' lang='ita' dir='ltr'>arti.</span> <span class='ocrx_word' id='word_1_53' title='bbox 2125 1558 2487 1627; x_wconf 89' lang='ita' dir='ltr'>Orazione</span> <span class='ocrx_word' id='word_1_54' title='bbox 2518 1558 2810 1627; x_wconf 90' lang='ita' dir='ltr'>recitata</span> <span class='ocrx_word' id='word_1_55' title='bbox 2840 1558 3033 1627; x_wconf 90' lang='ita' dir='ltr'>nella</span> <span class='ocrx_word' id='word_1_56' title='bbox 3064 1558 3581 1627; x_wconf 85' lang='ita' dir='ltr'>distribuzione</span> <span class='ocrx_word' id='word_1_57' title='bbox 3614 1558 3730 1627; x_wconf 90' lang='ita' dir='ltr'>dei</span> <span class='ocrx_word' id='word_1_58' title='bbox 3762 1558 3991 1648; x_wconf 91' lang='ita' dir='ltr'>premi</span> <span class='ocrx_word' id='word_1_59' title='bbox 4024 1558 4486 1627; x_wconf 88' lang='ita' dir='ltr'>nell’Istituto</span> 
     </span>
     <span class='ocr_line' id='line_1_8' title="bbox 708 1673 1617 1763; baseline 0.001 -22"><span class='ocrx_word' id='word_1_60' title='bbox 708 1673 780 1742; x_wconf 90' lang='ita' dir='ltr'>di</span> <span class='ocrx_word' id='word_1_61' title='bbox 810 1673 1165 1763; x_wconf 89' lang='ita' dir='ltr'>Bologna,</span> <span class='ocrx_word' id='word_1_62' title='bbox 1207 1673 1415 1755; x_wconf 93' lang='ita'>1767,</span> <span class='ocrx_word' id='word_1_63' title='bbox 1448 1673 1522 1741; x_wconf 90' lang='ita' dir='ltr'>in</span> <span class='ocrx_word' id='word_1_64' title='bbox 1555 1674 1617 1742; x_wconf 88' lang='ita'>8.</span> 
     </span>
    </p>
   </div>
   <div class='ocr_carea' id='block_1_6' title="bbox 483 1884 4487 2204">
    <p class='ocr_par' dir='ltr' id='par_1_6' title="bbox 483 1884 4487 2204">
     <span class='ocr_line' id='line_1_9' title="bbox 483 1884 4487 1974; baseline 0 -22"><span class='ocrx_word' id='word_1_65' title='bbox 483 1885 690 1954; x_wconf 95' lang='ita'>1309.</span> <span class='ocrx_word' id='word_1_66' title='bbox 729 1886 1128 1953; x_wconf 90' lang='ita' dir='ltr'>DISCOURS</span> <span class='ocrx_word' id='word_1_67' title='bbox 1163 1906 1280 1953; x_wconf 91' lang='ita' dir='ltr'>sur</span> <span class='ocrx_word' id='word_1_68' title='bbox 1312 1884 1840 1953; x_wconf 90' lang='ita' dir='ltr'>l’architecture</span> <span class='ocrx_word' id='word_1_69' title='bbox 1873 1906 2055 1974; x_wconf 90' lang='ita' dir='ltr'>pour</span> <span class='ocrx_word' id='word_1_70' title='bbox 2087 1884 2528 1953; x_wconf 88' lang='ita' dir='ltr'>l’ouverture</span> <span class='ocrx_word' id='word_1_71' title='bbox 2563 1884 2652 1953; x_wconf 97' lang='ita' dir='ltr'>de</span> <span class='ocrx_word' id='word_1_72' title='bbox 2686 1884 2756 1953; x_wconf 91' lang='ita' dir='ltr'>la</span> <span class='ocrx_word' id='word_1_73' title='bbox 2791 1885 3050 1953; x_wconf 85' lang='ita' dir='ltr'>séance</span> <span class='ocrx_word' id='word_1_74' title='bbox 3083 1884 3430 1974; x_wconf 90' lang='ita' dir='ltr'>publique</span> <span class='ocrx_word' id='word_1_75' title='bbox 3465 1884 3554 1953; x_wconf 97' lang='ita' dir='ltr'>de</span> <span class='ocrx_word' id='word_1_76' title='bbox 3588 1884 4050 1953; x_wconf 85' lang='ita' dir='ltr'>l’Académie</span> <span class='ocrx_word' id='word_1_77' title='bbox 4086 1906 4261 1953; x_wconf 82' lang='ita' dir='ltr'>avec</span> <span class='ocrx_word' id='word_1_78' title='bbox 4297 1884 4487 1953; x_wconf 78' lang='ita' dir='ltr'>deux</span> 
     </span>
     <span class='ocr_line' id='line_1_10' title="bbox 707 1999 4484 2089; baseline 0 -21"><span class='ocrx_word' id='word_1_79' title='bbox 707 1999 968 2081; x_wconf 92' lang='ita' dir='ltr'>lettres,</span> <span class='ocrx_word' id='word_1_80' title='bbox 1002 1999 1072 2068; x_wconf 91' lang='ita' dir='ltr'>la</span> <span class='ocrx_word' id='word_1_81' title='bbox 1099 1999 1451 2089; x_wconf 90' lang='ita' dir='ltr'>premiere</span> <span class='ocrx_word' id='word_1_82' title='bbox 1484 2021 1601 2068; x_wconf 91' lang='ita' dir='ltr'>sur</span> <span class='ocrx_word' id='word_1_83' title='bbox 1628 2021 1725 2068; x_wconf 95' lang='ita' dir='ltr'>un</span> <span class='ocrx_word' id='word_1_84' title='bbox 1755 1999 1987 2089; x_wconf 85' lang='ita' dir='ltr'>projet</span> <span class='ocrx_word' id='word_1_85' title='bbox 2016 1999 2294 2068; x_wconf 92' lang='ita' dir='ltr'>d’hotel</span> <span class='ocrx_word' id='word_1_86' title='bbox 2325 1999 2414 2068; x_wconf 97' lang='ita' dir='ltr'>de</span> <span class='ocrx_word' id='word_1_87' title='bbox 2444 1999 2618 2068; x_wconf 90' lang='ita' dir='ltr'>ville</span> <span class='ocrx_word' id='word_1_88' title='bbox 2647 2021 2830 2089; x_wconf 90' lang='ita' dir='ltr'>pour</span> <span class='ocrx_word' id='word_1_89' title='bbox 2858 1999 3075 2081; x_wconf 90' lang='ita' dir='ltr'>Paris,</span> <span class='ocrx_word' id='word_1_90' title='bbox 3109 1999 3179 2068; x_wconf 91' lang='ita' dir='ltr'>la</span> <span class='ocrx_word' id='word_1_91' title='bbox 3208 1999 3592 2068; x_wconf 77' lang='ita' dir='ltr'>deuxieme</span> <span class='ocrx_word' id='word_1_92' title='bbox 3625 2021 3742 2068; x_wconf 91' lang='ita' dir='ltr'>sur</span> <span class='ocrx_word' id='word_1_93' title='bbox 3772 1999 4147 2068; x_wconf 91' lang='ita' dir='ltr'>differents</span> <span class='ocrx_word' id='word_1_94' title='bbox 4179 2021 4484 2089; x_wconf 93' lang='ita' dir='ltr'>moyens</span> 
     </span>
     <span class='ocr_line' id='line_1_11' title="bbox 706 2114 2700 2204; baseline 0 -21"><span class='ocrx_word' id='word_1_95' title='bbox 706 2136 1000 2204; x_wconf 91' lang='ita' dir='ltr'>propres</span> <span class='ocrx_word' id='word_1_96' title='bbox 1033 2115 1073 2183; x_wconf 83' lang='ita' dir='ltr'><strong>à</strong></span> <span class='ocrx_word' id='word_1_97' title='bbox 1102 2136 1542 2204; x_wconf 90' lang='ita' dir='ltr'>encourager</span> <span class='ocrx_word' id='word_1_98' title='bbox 1569 2114 1675 2183; x_wconf 93' lang='ita' dir='ltr'>les</span> <span class='ocrx_word' id='word_1_99' title='bbox 1709 2114 2007 2196; x_wconf 90' lang='ita' dir='ltr'>artistes,</span> <span class='ocrx_word' id='word_1_100' title='bbox 2040 2114 2234 2183; x_wconf 90' lang='ita' dir='ltr'>Paris</span> <span class='ocrx_word' id='word_1_101' title='bbox 2274 2115 2482 2196; x_wconf 93' lang='ita'>1771,</span> <span class='ocrx_word' id='word_1_102' title='bbox 2516 2136 2605 2183; x_wconf 95' lang='ita' dir='ltr'>en</span> <span class='ocrx_word' id='word_1_103' title='bbox 2638 2115 2700 2183; x_wconf 88' lang='ita'>8.</span> 
     </span>
    </p>
   </div>
   <div class='ocr_carea' id='block_1_7' title="bbox 483 2325 4479 2530">
    <p class='ocr_par' dir='ltr' id='par_1_7' title="bbox 483 2325 4479 2530">
     <span class='ocr_line' id='line_1_12' title="bbox 483 2325 4479 2415; baseline 0 -22"><span class='ocrx_word' id='word_1_104' title='bbox 483 2326 690 2394; x_wconf 89' lang='ita'>1310.</span> <span class='ocrx_word' id='word_1_105' title='bbox 734 2327 1299 2394; x_wconf 88' lang='ita' dir='ltr'>DISTRIBUTION</span> <span class='ocrx_word' id='word_1_106' title='bbox 1339 2325 1428 2394; x_wconf 97' lang='ita' dir='ltr'>de</span> <span class='ocrx_word' id='word_1_107' title='bbox 1467 2325 1579 2394; x_wconf 93' lang='ita' dir='ltr'>los</span> <span class='ocrx_word' id='word_1_108' title='bbox 1619 2325 1936 2415; x_wconf 91' lang='ita' dir='ltr'>premios</span> <span class='ocrx_word' id='word_1_109' title='bbox 1978 2325 2421 2394; x_wconf 91' lang='ita' dir='ltr'>concedidos</span> <span class='ocrx_word' id='word_1_110' title='bbox 2461 2347 2593 2415; x_wconf 91' lang='ita' dir='ltr'>por</span> <span class='ocrx_word' id='word_1_111' title='bbox 2631 2325 2698 2394; x_wconf 98' lang='ita' dir='ltr'>el</span> <span class='ocrx_word' id='word_1_112' title='bbox 2736 2347 2861 2415; x_wconf 92' lang='ita' dir='ltr'>rey</span> <span class='ocrx_word' id='word_1_113' title='bbox 2902 2347 2942 2394; x_wconf 90' lang='ita' dir='ltr'>a</span> <span class='ocrx_word' id='word_1_114' title='bbox 2979 2325 3090 2394; x_wconf 93' lang='ita' dir='ltr'>los</span> <span class='ocrx_word' id='word_1_115' title='bbox 3132 2325 3481 2415; x_wconf 90' lang='ita' dir='ltr'>disciplos</span> <span class='ocrx_word' id='word_1_116' title='bbox 3524 2325 3613 2394; x_wconf 97' lang='ita' dir='ltr'>de</span> <span class='ocrx_word' id='word_1_117' title='bbox 3652 2325 3757 2394; x_wconf 90' lang='ita' dir='ltr'>las</span> <span class='ocrx_word' id='word_1_118' title='bbox 3797 2336 3936 2394; x_wconf 91' lang='ita' dir='ltr'>tres</span> <span class='ocrx_word' id='word_1_119' title='bbox 3977 2325 4233 2394; x_wconf 93' lang='ita' dir='ltr'>nobles</span> <span class='ocrx_word' id='word_1_120' title='bbox 4276 2336 4479 2394; x_wconf 90' lang='ita' dir='ltr'>artes:</span> 
     </span>
     <span class='ocr_line' id='line_1_13' title="bbox 707 2440 3450 2530; baseline 0 -21"><span class='ocrx_word' id='word_1_121' title='bbox 707 2440 959 2509; x_wconf 90' lang='ita' dir='ltr'>Hecha</span> <span class='ocrx_word' id='word_1_122' title='bbox 985 2462 1118 2530; x_wconf 91' lang='ita' dir='ltr'>por</span> <span class='ocrx_word' id='word_1_123' title='bbox 1145 2440 1215 2509; x_wconf 91' lang='ita' dir='ltr'>la</span> <span class='ocrx_word' id='word_1_124' title='bbox 1242 2440 1421 2509; x_wconf 90' lang='ita' dir='ltr'>Real</span> <span class='ocrx_word' id='word_1_125' title='bbox 1449 2440 1855 2509; x_wconf 86' lang='ita' dir='ltr'>Academia</span> <span class='ocrx_word' id='word_1_126' title='bbox 1883 2440 1972 2509; x_wconf 97' lang='ita' dir='ltr'>de</span> <span class='ocrx_word' id='word_1_127' title='bbox 2003 2441 2073 2509; x_wconf 90' lang='ita' dir='ltr'>S.</span> <span class='ocrx_word' id='word_1_128' title='bbox 2106 2440 2501 2522; x_wconf 90' lang='ita' dir='ltr'>Fernando,</span> <span class='ocrx_word' id='word_1_129' title='bbox 2533 2440 2826 2509; x_wconf 90' lang='ita' dir='ltr'>Madrid</span> <span class='ocrx_word' id='word_1_130' title='bbox 2863 2440 3071 2522; x_wconf 87' lang='ita'>1756,</span> <span class='ocrx_word' id='word_1_131' title='bbox 3105 2462 3194 2509; x_wconf 95' lang='ita' dir='ltr'>en</span> <span class='ocrx_word' id='word_1_132' title='bbox 3222 2441 3290 2522; x_wconf 92' lang='ita'>4,</span> <span class='ocrx_word' id='word_1_133' title='bbox 3323 2440 3450 2530; x_wconf 91' lang='ita' dir='ltr'>fig.</span> 
     </span>
    </p>
   </div>
   <div class='ocr_carea' id='block_1_8' title="bbox 483 2650 4488 2740">
    <p class='ocr_par' dir='ltr' id='par_1_8' title="bbox 483 2650 4488 2740">
     <span class='ocr_line' id='line_1_14' title="bbox 483 2650 4488 2740; baseline 0 -22"><span class='ocrx_word' id='word_1_134' title='bbox 483 2651 690 2719; x_wconf 95' lang='ita'>1311.</span> <span class='ocrx_word' id='word_1_135' title='bbox 745 2652 1222 2718; x_wconf 90' lang='ita' dir='ltr'>EFFEMERIDI</span> <span class='ocrx_word' id='word_1_136' title='bbox 1266 2650 1617 2719; x_wconf 90' lang='ita' dir='ltr'>letterarie</span> <span class='ocrx_word' id='word_1_137' title='bbox 1669 2650 1741 2719; x_wconf 90' lang='ita' dir='ltr'>di</span> <span class='ocrx_word' id='word_1_138' title='bbox 1793 2652 2049 2732; x_wconf 92' lang='ita' dir='ltr'>Roma,</span> <span class='ocrx_word' id='word_1_139' title='bbox 2106 2650 2427 2740; x_wconf 90' lang='ita' dir='ltr'>giornale</span> <span class='ocrx_word' id='word_1_140' title='bbox 2480 2650 2613 2719; x_wconf 97' lang='ita' dir='ltr'>che</span> <span class='ocrx_word' id='word_1_141' title='bbox 2664 2650 2954 2719; x_wconf 86' lang='ita' dir='ltr'>include</span> <span class='ocrx_word' id='word_1_142' title='bbox 3006 2650 3114 2719; x_wconf 90' lang='ita' dir='ltr'>fra</span> <span class='ocrx_word' id='word_1_143' title='bbox 3163 2650 3231 2719; x_wconf 98' lang='ita' dir='ltr'>le</span> <span class='ocrx_word' id='word_1_144' title='bbox 3286 2672 3412 2719; x_wconf 93' lang='ita' dir='ltr'>sue</span> <span class='ocrx_word' id='word_1_145' title='bbox 3464 2650 3759 2719; x_wconf 90' lang='ita' dir='ltr'>materie</span> <span class='ocrx_word' id='word_1_146' title='bbox 3809 2661 3989 2719; x_wconf 92' lang='ita' dir='ltr'>tutto</span> <span class='ocrx_word' id='word_1_147' title='bbox 4042 2650 4158 2719; x_wconf 90' lang='ita' dir='ltr'>ciò</span> <span class='ocrx_word' id='word_1_148' title='bbox 4211 2650 4344 2719; x_wconf 97' lang='ita' dir='ltr'>che</span> <span class='ocrx_word' id='word_1_149' title='bbox 4394 2650 4488 2719; x_wconf 90' lang='ita' dir='ltr'>ha</span> 
     </span>
    </p>
   </div>
   <div class='ocr_carea' id='block_1_9' title="bbox 706 2765 3362 2951">
    <p class='ocr_par' dir='ltr' id='par_1_9' title="bbox 706 2765 3362 2951">
     <span class='ocr_line' id='line_1_15' title="bbox 706 2765 3286 2855; baseline 0 -21"><span class='ocrx_word' id='word_1_150' title='bbox 706 2765 1069 2834; x_wconf 90' lang='ita' dir='ltr'>relazione</span> <span class='ocrx_word' id='word_1_151' title='bbox 1099 2765 1293 2834; x_wconf 97' lang='ita' dir='ltr'>collo</span> <span class='ocrx_word' id='word_1_152' title='bbox 1326 2765 1563 2834; x_wconf 91' lang='ita' dir='ltr'>studio</span> <span class='ocrx_word' id='word_1_153' title='bbox 1594 2765 1783 2834; x_wconf 97' lang='ita' dir='ltr'>delle</span> <span class='ocrx_word' id='word_1_154' title='bbox 1814 2765 1961 2834; x_wconf 90' lang='ita' dir='ltr'>arti.</span> <span class='ocrx_word' id='word_1_155' title='bbox 1997 2766 2368 2855; x_wconf 90' lang='ita' dir='ltr'>Stampato</span> <span class='ocrx_word' id='word_1_156' title='bbox 2398 2765 2472 2833; x_wconf 90' lang='ita' dir='ltr'>in</span> <span class='ocrx_word' id='word_1_157' title='bbox 2501 2767 2756 2847; x_wconf 90' lang='ita' dir='ltr'>Roma,</span> <span class='ocrx_word' id='word_1_158' title='bbox 2789 2765 2933 2834; x_wconf 96' lang='ita' dir='ltr'>vol.</span> <span class='ocrx_word' id='word_1_159' title='bbox 2968 2766 3084 2847; x_wconf 88' lang='ita'>28,</span> <span class='ocrx_word' id='word_1_160' title='bbox 3117 2765 3191 2833; x_wconf 90' lang='ita' dir='ltr'>in</span> <span class='ocrx_word' id='word_1_161' title='bbox 3224 2766 3286 2834; x_wconf 96' lang='ita'>8.</span> 
     </span>
     <span class='ocr_line' id='line_1_16' title="bbox 707 2876 3362 2951; baseline 0 -18"><span class='ocrx_word' id='word_1_162' title='bbox 707 2878 802 2934; x_wconf 96' lang='ita' dir='ltr'>Ha</span> <span class='ocrx_word' id='word_1_163' title='bbox 824 2876 867 2933; x_wconf 99' lang='ita' dir='ltr'>il</span> <span class='ocrx_word' id='word_1_164' title='bbox 894 2895 1002 2934; x_wconf 98' lang='ita' dir='ltr'>suo</span> <span class='ocrx_word' id='word_1_165' title='bbox 1026 2876 1324 2951; x_wconf 97' lang='ita' dir='ltr'>principio</span> <span class='ocrx_word' id='word_1_166' title='bbox 1350 2877 1448 2934; x_wconf 97' lang='ita' dir='ltr'>dal</span> <span class='ocrx_word' id='word_1_167' title='bbox 1480 2877 1636 2934; x_wconf 98' lang='ita'>1772</span> <span class='ocrx_word' id='word_1_168' title='bbox 1663 2877 1718 2934; x_wconf 98' lang='ita' dir='ltr'>al</span> <span class='ocrx_word' id='word_1_169' title='bbox 1749 2877 1922 2935; x_wconf 90' lang='ita'>1798.</span> <span class='ocrx_word' id='word_1_170' title='bbox 1951 2877 2086 2934; x_wconf 95' lang='ita' dir='ltr'>Con</span> <span class='ocrx_word' id='word_1_171' title='bbox 2109 2895 2189 2934; x_wconf 99' lang='ita' dir='ltr'>un</span> <span class='ocrx_word' id='word_1_172' title='bbox 2214 2877 2459 2934; x_wconf 86' lang='ita' dir='ltr'>volume</span> <span class='ocrx_word' id='word_1_173' title='bbox 2485 2876 2864 2934; x_wconf 97' lang='ita' dir='ltr'>addizionale</span> <span class='ocrx_word' id='word_1_174' title='bbox 2889 2877 2987 2934; x_wconf 99' lang='ita' dir='ltr'>del</span> <span class='ocrx_word' id='word_1_175' title='bbox 3019 2876 3194 2944; x_wconf 93' lang='ita'>1806,</span> <span class='ocrx_word' id='word_1_176' title='bbox 3221 2876 3283 2933; x_wconf 98' lang='ita' dir='ltr'>in</span> <span class='ocrx_word' id='word_1_177' title='bbox 3306 2877 3362 2934; x_wconf 92' lang='ita'>4.</span> 
     </span>
    </p>
   </div>
   <div class='ocr_carea' id='block_1_10' title="bbox 483 3091 4487 3296">
    <p class='ocr_par' dir='ltr' id='par_1_10' title="bbox 483 3091 4487 3296">
     <span class='ocr_line' id='line_1_17' title="bbox 483 3091 4487 3181; baseline 0 -22"><span class='ocrx_word' id='word_1_178' title='bbox 483 3092 690 3160; x_wconf 96' lang='ita'>1312.</span> <span class='ocrx_word' id='word_1_179' title='bbox 742 3093 985 3159; x_wconf 88' lang='ita' dir='ltr'>FABRI</span> <span class='ocrx_word' id='word_1_180' title='bbox 1025 3091 1494 3173; x_wconf 91' lang='ita' dir='ltr'>Alessandro,</span> <span class='ocrx_word' id='word_1_181' title='bbox 1547 3091 1908 3160; x_wconf 89' lang='ita' dir='ltr'>Orazione</span> <span class='ocrx_word' id='word_1_182' title='bbox 1955 3113 2081 3181; x_wconf 91' lang='ita' dir='ltr'>per</span> <span class='ocrx_word' id='word_1_183' title='bbox 2127 3091 2198 3160; x_wconf 91' lang='ita' dir='ltr'>la</span> <span class='ocrx_word' id='word_1_184' title='bbox 2245 3091 2763 3160; x_wconf 90' lang='ita' dir='ltr'>distribuzione</span> <span class='ocrx_word' id='word_1_185' title='bbox 2812 3091 2925 3160; x_wconf 93' lang='ita' dir='ltr'>de’</span> <span class='ocrx_word' id='word_1_186' title='bbox 2981 3091 3210 3181; x_wconf 90' lang='ita' dir='ltr'>premi</span> <span class='ocrx_word' id='word_1_187' title='bbox 3261 3091 3399 3160; x_wconf 90' lang='ita' dir='ltr'>alle</span> <span class='ocrx_word' id='word_1_188' title='bbox 3448 3091 3655 3160; x_wconf 98' lang='ita' dir='ltr'>Belle</span> <span class='ocrx_word' id='word_1_189' title='bbox 3702 3091 3859 3160; x_wconf 90' lang='ita' dir='ltr'>Arti</span> <span class='ocrx_word' id='word_1_190' title='bbox 3908 3091 4365 3160; x_wconf 89' lang='ita' dir='ltr'>nell’istituto</span> <span class='ocrx_word' id='word_1_191' title='bbox 4415 3091 4487 3160; x_wconf 89' lang='ita' dir='ltr'>di</span> 
     </span>
     <span class='ocr_line' id='line_1_18' title="bbox 707 3206 1795 3296; baseline 0 -22"><span class='ocrx_word' id='word_1_192' title='bbox 707 3206 1062 3296; x_wconf 91' lang='ita' dir='ltr'>Bologna,</span> <span class='ocrx_word' id='word_1_193' title='bbox 1095 3206 1345 3275; x_wconf 91' lang='ita' dir='ltr'>l’anno</span> <span class='ocrx_word' id='word_1_194' title='bbox 1384 3207 1592 3288; x_wconf 93' lang='ita'>1782,</span> <span class='ocrx_word' id='word_1_195' title='bbox 1625 3206 1699 3274; x_wconf 90' lang='ita' dir='ltr'>in</span> <span class='ocrx_word' id='word_1_196' title='bbox 1728 3207 1795 3275; x_wconf 92' lang='ita'>4.</span> 
     </span>
    </p>
   </div>
   <div class='ocr_carea' id='block_1_11' title="bbox 483 3417 4483 3614">
    <p class='ocr_par' dir='ltr' id='par_1_11' title="bbox 483 3417 4483 3614">
     <span class='ocr_line' id='line_1_19' title="bbox 483 3417 4483 3507; baseline 0 -22"><span class='ocrx_word' id='word_1_197' title='bbox 483 3418 690 3486; x_wconf 96' lang='ita'>1313.</span> <span class='ocrx_word' id='word_1_198' title='bbox 737 3419 895 3485; x_wconf 94' lang='ita' dir='ltr'>FEA</span> <span class='ocrx_word' id='word_1_199' title='bbox 932 3417 1170 3499; x_wconf 91' lang='ita' dir='ltr'>Carlo,</span> <span class='ocrx_word' id='word_1_200' title='bbox 1217 3417 1568 3486; x_wconf 90' lang='ita' dir='ltr'>Discorso</span> <span class='ocrx_word' id='word_1_201' title='bbox 1612 3417 1896 3486; x_wconf 90' lang='ita' dir='ltr'>intorno</span> <span class='ocrx_word' id='word_1_202' title='bbox 1942 3417 2080 3486; x_wconf 92' lang='ita' dir='ltr'>alle</span> <span class='ocrx_word' id='word_1_203' title='bbox 2123 3417 2329 3486; x_wconf 98' lang='ita' dir='ltr'>Belle</span> <span class='ocrx_word' id='word_1_204' title='bbox 2371 3417 2528 3486; x_wconf 90' lang='ita' dir='ltr'>Arti</span> <span class='ocrx_word' id='word_1_205' title='bbox 2572 3417 2646 3485; x_wconf 90' lang='ita' dir='ltr'>in</span> <span class='ocrx_word' id='word_1_206' title='bbox 2688 3419 2944 3499; x_wconf 92' lang='ita' dir='ltr'>Roma,</span> <span class='ocrx_word' id='word_1_207' title='bbox 2990 3417 3285 3486; x_wconf 91' lang='ita' dir='ltr'>recitato</span> <span class='ocrx_word' id='word_1_208' title='bbox 3329 3417 3915 3486; x_wconf 91' lang='ita' dir='ltr'>nell’Adunanza</span> <span class='ocrx_word' id='word_1_209' title='bbox 3957 3417 4150 3507; x_wconf 90' lang='ita' dir='ltr'>degli</span> <span class='ocrx_word' id='word_1_210' title='bbox 4193 3417 4483 3499; x_wconf 85' lang='ita' dir='ltr'>Arcadi,</span> 
     </span>
     <span class='ocr_line' id='line_1_20' title="bbox 707 3532 1390 3614; baseline 0.001 -14"><span class='ocrx_word' id='word_1_211' title='bbox 707 3534 944 3601; x_wconf 91' lang='ita' dir='ltr'>Roma</span> <span class='ocrx_word' id='word_1_212' title='bbox 980 3533 1188 3614; x_wconf 89' lang='ita'>1797,</span> <span class='ocrx_word' id='word_1_213' title='bbox 1221 3532 1295 3600; x_wconf 90' lang='ita' dir='ltr'>in</span> <span class='ocrx_word' id='word_1_214' title='bbox 1328 3533 1390 3601; x_wconf 96' lang='ita'>8.</span> 
     </span>
    </p>
   </div>
   <div class='ocr_carea' id='block_1_12' title="bbox 483 3743 4483 3940">
    <p class='ocr_par' dir='ltr' id='par_1_12' title="bbox 483 3743 4483 3940">
     <span class='ocr_line' id='line_1_21' title="bbox 483 3743 4483 3833; baseline 0 -22"><span class='ocrx_word' id='word_1_215' title='bbox 483 3744 690 3812; x_wconf 95' lang='ita'>1314.</span> <span class='ocrx_word' id='word_1_216' title='bbox 727 3745 1107 3825; x_wconf 88' lang='ita' dir='ltr'>FELIBIEN,</span> <span class='ocrx_word' id='word_1_217' title='bbox 1140 3743 1633 3812; x_wconf 85' lang='ita' dir='ltr'>Conferences</span> <span class='ocrx_word' id='word_1_218' title='bbox 1669 3743 1758 3812; x_wconf 97' lang='ita' dir='ltr'>de</span> <span class='ocrx_word' id='word_1_219' title='bbox 1791 3743 2253 3812; x_wconf 85' lang='ita' dir='ltr'>l’Académie</span> <span class='ocrx_word' id='word_1_220' title='bbox 2286 3743 2566 3833; x_wconf 87' lang='ita' dir='ltr'>Royale</span> <span class='ocrx_word' id='word_1_221' title='bbox 2600 3743 2689 3812; x_wconf 97' lang='ita' dir='ltr'>de</span> <span class='ocrx_word' id='word_1_222' title='bbox 2722 3743 3051 3812; x_wconf 91' lang='ita' dir='ltr'>Peinture</span> <span class='ocrx_word' id='word_1_223' title='bbox 3085 3754 3154 3812; x_wconf 92' lang='ita' dir='ltr'>et</span> <span class='ocrx_word' id='word_1_224' title='bbox 3187 3743 3564 3833; x_wconf 91' lang='ita' dir='ltr'>Sculpture</span> <span class='ocrx_word' id='word_1_225' title='bbox 3596 3743 3911 3833; x_wconf 90' lang='ita' dir='ltr'>pendant</span> <span class='ocrx_word' id='word_1_226' title='bbox 3942 3743 4232 3812; x_wconf 85' lang='ita' dir='ltr'>l’année</span> <span class='ocrx_word' id='word_1_227' title='bbox 4274 3743 4483 3825; x_wconf 93' lang='ita'>1667,</span> 
     </span>
     <span class='ocr_line' id='line_1_22' title="bbox 707 3858 1351 3940; baseline 0 -14"><span class='ocrx_word' id='word_1_228' title='bbox 707 3858 901 3927; x_wconf 90' lang='ita' dir='ltr'>Paris</span> <span class='ocrx_word' id='word_1_229' title='bbox 941 3858 1149 3940; x_wconf 94' lang='ita'>1669,</span> <span class='ocrx_word' id='word_1_230' title='bbox 1182 3858 1256 3926; x_wconf 90' lang='ita' dir='ltr'>in</span> <span class='ocrx_word' id='word_1_231' title='bbox 1284 3859 1351 3927; x_wconf 97' lang='ita'>4.</span> 
     </span>
    </p>
   </div>
   <div class='ocr_carea' id='block_1_13' title="bbox 706 3969 4487 4140">
    <p class='ocr_par' dir='ltr' id='par_1_13' title="bbox 706 3969 4487 4140">
     <span class='ocr_line' id='line_1_23' title="bbox 706 3969 4487 4044; baseline 0 -17"><span class='ocrx_word' id='word_1_232' title='bbox 706 3970 989 4027; x_wconf 97' lang='ita' dir='ltr'>L’autore</span> <span class='ocrx_word' id='word_1_233' title='bbox 1021 3970 1175 4027; x_wconf 99' lang='ita' dir='ltr'>ebbe</span> <span class='ocrx_word' id='word_1_234' title='bbox 1207 3969 1415 4027; x_wconf 98' lang='ita' dir='ltr'>ordine</span> <span class='ocrx_word' id='word_1_235' title='bbox 1447 3969 1508 4027; x_wconf 99' lang='ita' dir='ltr'>di</span> <span class='ocrx_word' id='word_1_236' title='bbox 1538 3969 1887 4044; x_wconf 97' lang='ita' dir='ltr'>pubblicare</span> <span class='ocrx_word' id='word_1_237' title='bbox 1919 3970 1975 4027; x_wconf 99' lang='ita' dir='ltr'>le</span> <span class='ocrx_word' id='word_1_238' title='bbox 2007 3969 2367 4027; x_wconf 84' lang='ita' dir='ltr'>conferenze</span> <span class='ocrx_word' id='word_1_239' title='bbox 2397 3969 2626 4044; x_wconf 97' lang='ita' dir='ltr'>private</span> <span class='ocrx_word' id='word_1_240' title='bbox 2658 3969 2770 4027; x_wconf 97' lang='ita' dir='ltr'>che</span> <span class='ocrx_word' id='word_1_241' title='bbox 2801 3978 3016 4027; x_wconf 98' lang='ita' dir='ltr'>teneva</span> <span class='ocrx_word' id='word_1_242' title='bbox 3045 3969 3088 4026; x_wconf 99' lang='ita' dir='ltr'>il</span> <span class='ocrx_word' id='word_1_243' title='bbox 3118 3969 3486 4044; x_wconf 98' lang='ita' dir='ltr'>rispettabile</span> <span class='ocrx_word' id='word_1_244' title='bbox 3518 3988 3809 4027; x_wconf 97' lang='ita' dir='ltr'>consesso</span> <span class='ocrx_word' id='word_1_245' title='bbox 3842 3969 4004 4044; x_wconf 98' lang='ita' dir='ltr'>degli</span> <span class='ocrx_word' id='word_1_246' title='bbox 4037 3969 4239 4037; x_wconf 97' lang='ita' dir='ltr'>artisti,</span> <span class='ocrx_word' id='word_1_247' title='bbox 4273 3969 4293 4026; x_wconf 99' lang='ita' dir='ltr'>i</span> <span class='ocrx_word' id='word_1_248' title='bbox 4325 3969 4487 4044; x_wconf 92' lang='ita' dir='ltr'>quali</span> 
     </span>
     <span class='ocr_line' id='line_1_24' title="bbox 706 4065 3421 4140; baseline 0 -17"><span class='ocrx_word' id='word_1_249' title='bbox 706 4066 804 4123; x_wconf 99' lang='ita' dir='ltr'>nel</span> <span class='ocrx_word' id='word_1_250' title='bbox 827 4065 1023 4140; x_wconf 98' lang='ita' dir='ltr'>primo</span> <span class='ocrx_word' id='word_1_251' title='bbox 1051 4066 1257 4123; x_wconf 98' lang='ita' dir='ltr'>sabato</span> <span class='ocrx_word' id='word_1_252' title='bbox 1283 4065 1496 4140; x_wconf 98' lang='ita' dir='ltr'>d’ogni</span> <span class='ocrx_word' id='word_1_253' title='bbox 1521 4084 1688 4123; x_wconf 98' lang='ita' dir='ltr'>mese</span> <span class='ocrx_word' id='word_1_254' title='bbox 1714 4065 2014 4123; x_wconf 98' lang='ita' dir='ltr'>venivano</span> <span class='ocrx_word' id='word_1_255' title='bbox 2039 4065 2188 4123; x_wconf 98' lang='ita' dir='ltr'>uniti</span> <span class='ocrx_word' id='word_1_256' title='bbox 2213 4084 2246 4123; x_wconf 99' lang='ita' dir='ltr'>e</span> <span class='ocrx_word' id='word_1_257' title='bbox 2269 4065 2595 4140; x_wconf 98' lang='ita' dir='ltr'>presieduti</span> <span class='ocrx_word' id='word_1_258' title='bbox 2620 4066 2718 4123; x_wconf 97' lang='ita' dir='ltr'>dal</span> <span class='ocrx_word' id='word_1_259' title='bbox 2744 4065 3131 4140; x_wconf 97' lang='ita' dir='ltr'>magnanimo</span> <span class='ocrx_word' id='word_1_260' title='bbox 3158 4066 3421 4123; x_wconf 90' lang='ita' dir='ltr'>Colbert.</span> 
     </span>
    </p>
   </div>
   <div class='ocr_carea' id='block_1_14' title="bbox 487 4279 4489 4484">
    <p class='ocr_par' dir='ltr' id='par_1_14' title="bbox 487 4279 4489 4484">
     <span class='ocr_line' id='line_1_25' title="bbox 487 4279 4489 4369; baseline 0 -21"><span class='ocrx_word' id='word_1_261' title='bbox 487 4279 694 4348; x_wconf 87' lang='ita'>1315.</span> <span class='ocrx_word' id='word_1_262' title='bbox 743 4281 1213 4348; x_wconf 98' lang='ita' dir='ltr'>FONDATION</span> <span class='ocrx_word' id='word_1_263' title='bbox 1253 4279 1343 4348; x_wconf 98' lang='ita' dir='ltr'>de</span> <span class='ocrx_word' id='word_1_264' title='bbox 1388 4279 1850 4348; x_wconf 85' lang='ita' dir='ltr'>l’Académie</span> <span class='ocrx_word' id='word_1_265' title='bbox 1895 4279 2175 4369; x_wconf 87' lang='ita' dir='ltr'>Royale</span> <span class='ocrx_word' id='word_1_266' title='bbox 2220 4279 2544 4348; x_wconf 90' lang='ita' dir='ltr'>Danoise</span> <span class='ocrx_word' id='word_1_267' title='bbox 2590 4279 2679 4348; x_wconf 97' lang='ita' dir='ltr'>de</span> <span class='ocrx_word' id='word_1_268' title='bbox 2724 4279 3074 4361; x_wconf 90' lang='ita' dir='ltr'>Peinture,</span> <span class='ocrx_word' id='word_1_269' title='bbox 3125 4279 3524 4369; x_wconf 91' lang='ita' dir='ltr'>Sculpture,</span> <span class='ocrx_word' id='word_1_270' title='bbox 3572 4279 4089 4361; x_wconf 86' lang='ita' dir='ltr'>Architecture,</span> <span class='ocrx_word' id='word_1_271' title='bbox 4140 4279 4401 4348; x_wconf 85' lang='ita' dir='ltr'>étab1ie</span> <span class='ocrx_word' id='word_1_272' title='bbox 4449 4280 4489 4348; x_wconf 83' lang='ita' dir='ltr'><strong>à</strong></span> 
     </span>
     <span class='ocr_line' id='line_1_26' title="bbox 708 4394 2200 4484; baseline -0.001 -21"><span class='ocrx_word' id='word_1_273' title='bbox 708 4394 1223 4484; x_wconf 90' lang='ita' dir='ltr'>Copenaghue,</span> <span class='ocrx_word' id='word_1_274' title='bbox 1257 4394 1752 4484; x_wconf 90' lang='ita' dir='ltr'>Copenaghue</span> <span class='ocrx_word' id='word_1_275' title='bbox 1790 4394 1998 4476; x_wconf 93' lang='ita'>1764,</span> <span class='ocrx_word' id='word_1_276' title='bbox 2031 4394 2105 4462; x_wconf 90' lang='ita' dir='ltr'>in</span> <span class='ocrx_word' id='word_1_277' title='bbox 2133 4395 2200 4463; x_wconf 96' lang='ita'>4.</span> 
     </span>
    </p>
   </div>
   <div class='ocr_carea' id='block_1_15' title="bbox 487 4605 4483 4906">
    <p class='ocr_par' dir='ltr' id='par_1_15' title="bbox 487 4605 4483 4906">
     <span class='ocr_line' id='line_1_27' title="bbox 487 4605 4483 4695; baseline 0 -21"><span class='ocrx_word' id='word_1_278' title='bbox 487 4605 694 4674; x_wconf 96' lang='ita'>1316.</span> <span class='ocrx_word' id='word_1_279' title='bbox 728 4607 1198 4674; x_wconf 98' lang='ita' dir='ltr'>FONDATION</span> <span class='ocrx_word' id='word_1_280' title='bbox 1221 4605 1685 4674; x_wconf 85' lang='ita' dir='ltr'>renouvellée</span> <span class='ocrx_word' id='word_1_281' title='bbox 1714 4627 1896 4695; x_wconf 90' lang='ita' dir='ltr'>pour</span> <span class='ocrx_word' id='word_1_282' title='bbox 1924 4605 2386 4674; x_wconf 85' lang='ita' dir='ltr'>l’Académie</span> <span class='ocrx_word' id='word_1_283' title='bbox 2416 4605 2696 4695; x_wconf 87' lang='ita' dir='ltr'>Royale</span> <span class='ocrx_word' id='word_1_284' title='bbox 2727 4605 2853 4674; x_wconf 93' lang='ita' dir='ltr'>des</span> <span class='ocrx_word' id='word_1_285' title='bbox 2883 4605 3119 4674; x_wconf 76' lang='ita' dir='ltr'>beaux</span> <span class='ocrx_word' id='word_1_286' title='bbox 3152 4616 3288 4674; x_wconf 90' lang='ita' dir='ltr'>arts</span> <span class='ocrx_word' id='word_1_287' title='bbox 3322 4606 3362 4674; x_wconf 83' lang='ita' dir='ltr'><strong>à</strong></span> <span class='ocrx_word' id='word_1_288' title='bbox 3391 4605 3906 4695; x_wconf 90' lang='ita' dir='ltr'>Copenhague,</span> <span class='ocrx_word' id='word_1_289' title='bbox 3941 4605 4236 4674; x_wconf 85' lang='ita' dir='ltr'>Odense</span> <span class='ocrx_word' id='word_1_290' title='bbox 4275 4606 4483 4687; x_wconf 93' lang='ita'>1814,</span> 
     </span>
     <span class='ocr_line' id='line_1_28' title="bbox 707 4720 876 4789; baseline 0.006 -1"><span class='ocrx_word' id='word_1_291' title='bbox 707 4720 781 4788; x_wconf 90' lang='ita' dir='ltr'>in</span> <span class='ocrx_word' id='word_1_292' title='bbox 814 4721 876 4789; x_wconf 96' lang='ita'>8.</span> 
     </span>
     <span class='ocr_line' id='line_1_29' title="bbox 708 4831 4142 4906; baseline 0 -17"><span class='ocrx_word' id='word_1_293' title='bbox 708 4831 920 4903; x_wconf 88' lang='ita' dir='ltr'>Questi</span> <span class='ocrx_word' id='word_1_294' title='bbox 947 4831 1144 4889; x_wconf 97' lang='ita' dir='ltr'>statuti</span> <span class='ocrx_word' id='word_1_295' title='bbox 1169 4831 1225 4889; x_wconf 97' lang='ita' dir='ltr'>ci</span> <span class='ocrx_word' id='word_1_296' title='bbox 1251 4850 1514 4889; x_wconf 99' lang='ita' dir='ltr'>vennero</span> <span class='ocrx_word' id='word_1_297' title='bbox 1540 4831 1661 4889; x_wconf 98' lang='ita' dir='ltr'>dati</span> <span class='ocrx_word' id='word_1_298' title='bbox 1686 4832 1848 4889; x_wconf 97' lang='ita' dir='ltr'>dallo</span> <span class='ocrx_word' id='word_1_299' title='bbox 1876 4840 2067 4889; x_wconf 98' lang='ita' dir='ltr'>stesso</span> <span class='ocrx_word' id='word_1_300' title='bbox 2091 4831 2431 4906; x_wconf 98' lang='ita' dir='ltr'>presidente</span> <span class='ocrx_word' id='word_1_301' title='bbox 2456 4831 2959 4889; x_wconf 97' lang='ita' dir='ltr'>dell’accademia</span> <span class='ocrx_word' id='word_1_302' title='bbox 2982 4831 3282 4889; x_wconf 95' lang='ita' dir='ltr'>Cristiano</span> <span class='ocrx_word' id='word_1_303' title='bbox 3307 4831 3614 4899; x_wconf 96' lang='ita' dir='ltr'>Federico,</span> <span class='ocrx_word' id='word_1_304' title='bbox 3641 4831 3915 4906; x_wconf 91' lang='ita' dir='ltr'>Principe</span> <span class='ocrx_word' id='word_1_305' title='bbox 3939 4832 4142 4889; x_wconf 96' lang='ita' dir='ltr'>Reale.</span> 
     </span>
    </p>
   </div>
   <div class='ocr_carea' id='block_1_16' title="bbox 487 5027 4489 5117">
    <p class='ocr_par' dir='ltr' id='par_1_16' title="bbox 487 5027 4489 5117">
     <span class='ocr_line' id='line_1_30' title="bbox 487 5027 4489 5117; baseline 0 -21"><span class='ocrx_word' id='word_1_306' title='bbox 487 5028 694 5096; x_wconf 96' lang='ita'>1317.</span> <span class='ocrx_word' id='word_1_307' title='bbox 731 5029 1061 5096; x_wconf 87' lang='ita' dir='ltr'>FOSSATI</span> <span class='ocrx_word' id='word_1_308' title='bbox 1089 5027 1461 5117; x_wconf 91' lang='ita' dir='ltr'>Giuseppe</span> <span class='ocrx_word' id='word_1_309' title='bbox 1494 5027 1727 5117; x_wconf 91' lang='ita' dir='ltr'>Luigi.</span> <span class='ocrx_word' id='word_1_310' title='bbox 1764 5027 2129 5096; x_wconf 90' lang='ita' dir='ltr'>Memoria</span> <span class='ocrx_word' id='word_1_311' title='bbox 2163 5049 2375 5117; x_wconf 90' lang='ita' dir='ltr'>sopra</span> <span class='ocrx_word' id='word_1_312' title='bbox 2407 5027 2547 5096; x_wconf 97' lang='ita' dir='ltr'>due</span> <span class='ocrx_word' id='word_1_313' title='bbox 2581 5027 2736 5096; x_wconf 97' lang='ita' dir='ltr'>cele</span> <span class='ocrx_word' id='word_1_314' title='bbox 2776 5029 2869 5117; x_wconf 92' lang='ita' dir='ltr'>[p.</span> <span class='ocrx_word' id='word_1_315' title='bbox 2908 5028 3079 5110; x_wconf 91' lang='ita'>227]</span> <span class='ocrx_word' id='word_1_316' title='bbox 3118 5027 3226 5096; x_wconf 91' lang='ita' dir='ltr'>bri</span> <span class='ocrx_word' id='word_1_317' title='bbox 3262 5027 3677 5096; x_wconf 90' lang='ita' dir='ltr'>accademie</span> <span class='ocrx_word' id='word_1_318' title='bbox 3710 5027 4126 5109; x_wconf 90' lang='ita' dir='ltr'>veneziane,</span> <span class='ocrx_word' id='word_1_319' title='bbox 4163 5027 4489 5096; x_wconf 87' lang='ita' dir='ltr'>Venezia</span> 
     </span>
    </p>
   </div>
   <div class='ocr_carea' id='block_1_17' title="bbox 706 5142 3252 5321">
    <p class='ocr_par' dir='ltr' id='par_1_17' title="bbox 706 5142 3252 5321">
     <span class='ocr_line' id='line_1_31' title="bbox 716 5142 1276 5224; baseline 0.002 -14"><span class='ocrx_word' id='word_1_320' title='bbox 716 5142 924 5224; x_wconf 93' lang='ita'>1806,</span> <span class='ocrx_word' id='word_1_321' title='bbox 957 5142 1031 5210; x_wconf 90' lang='ita' dir='ltr'>in</span> <span class='ocrx_word' id='word_1_322' title='bbox 1061 5153 1276 5211; x_wconf 90' lang='ita' dir='ltr'>ottav.</span> 
     </span>
     <span class='ocr_line' id='line_1_32' title="bbox 706 5253 3252 5321; baseline 0 -10"><span class='ocrx_word' id='word_1_323' title='bbox 706 5255 790 5311; x_wconf 99' lang='ita' dir='ltr'>Le</span> <span class='ocrx_word' id='word_1_324' title='bbox 815 5254 931 5311; x_wconf 98' lang='ita' dir='ltr'>due</span> <span class='ocrx_word' id='word_1_325' title='bbox 957 5253 1303 5311; x_wconf 97' lang='ita' dir='ltr'>accademie</span> <span class='ocrx_word' id='word_1_326' title='bbox 1331 5272 1481 5311; x_wconf 98' lang='ita' dir='ltr'>sono</span> <span class='ocrx_word' id='word_1_327' title='bbox 1507 5253 1776 5311; x_wconf 82' lang='ita' dir='ltr'>l’Aldina</span> <span class='ocrx_word' id='word_1_328' title='bbox 1802 5272 1835 5311; x_wconf 99' lang='ita' dir='ltr'>e</span> <span class='ocrx_word' id='word_1_329' title='bbox 1860 5254 1918 5311; x_wconf 98' lang='ita' dir='ltr'>la</span> <span class='ocrx_word' id='word_1_330' title='bbox 1940 5253 2305 5321; x_wconf 92' lang='ita' dir='ltr'>Veneziana,</span> <span class='ocrx_word' id='word_1_331' title='bbox 2333 5254 2493 5311; x_wconf 98' lang='ita' dir='ltr'>detta</span> <span class='ocrx_word' id='word_1_332' title='bbox 2517 5253 2835 5311; x_wconf 97' lang='ita' dir='ltr'>altrimenti</span> <span class='ocrx_word' id='word_1_333' title='bbox 2859 5253 3022 5311; x_wconf 81' lang='ita' dir='ltr'>della</span> <span class='ocrx_word' id='word_1_334' title='bbox 3047 5256 3252 5311; x_wconf 82' lang='ita' dir='ltr'>Fama.</span> 
     </span>
    </p>
   </div>
   <div class='ocr_carea' id='block_1_18' title="bbox 487 5448 4483 5645">
    <p class='ocr_par' dir='ltr' id='par_1_18' title="bbox 487 5448 4483 5645">
     <span class='ocr_line' id='line_1_33' title="bbox 487 5448 4483 5538; baseline 0 -22"><span class='ocrx_word' id='word_1_335' title='bbox 487 5449 694 5517; x_wconf 95' lang='ita'>1318.</span> <span class='ocrx_word' id='word_1_336' title='bbox 729 5450 1078 5530; x_wconf 86' lang='ita' dir='ltr'>FOSSATI,</span> <span class='ocrx_word' id='word_1_337' title='bbox 1109 5448 1471 5517; x_wconf 89' lang='ita' dir='ltr'>Orazione</span> <span class='ocrx_word' id='word_1_338' title='bbox 1501 5470 1627 5538; x_wconf 91' lang='ita' dir='ltr'>per</span> <span class='ocrx_word' id='word_1_339' title='bbox 1656 5448 1726 5517; x_wconf 91' lang='ita' dir='ltr'>la</span> <span class='ocrx_word' id='word_1_340' title='bbox 1756 5448 2273 5517; x_wconf 90' lang='ita' dir='ltr'>distribuzione</span> <span class='ocrx_word' id='word_1_341' title='bbox 2305 5448 2418 5517; x_wconf 94' lang='ita' dir='ltr'>de’</span> <span class='ocrx_word' id='word_1_342' title='bbox 2456 5448 2685 5538; x_wconf 91' lang='ita' dir='ltr'>premi</span> <span class='ocrx_word' id='word_1_343' title='bbox 2717 5448 2909 5517; x_wconf 90' lang='ita' dir='ltr'>nella</span> <span class='ocrx_word' id='word_1_344' title='bbox 2937 5448 3280 5538; x_wconf 90' lang='ita' dir='ltr'>pubblica</span> <span class='ocrx_word' id='word_1_345' title='bbox 3309 5450 3589 5517; x_wconf 87' lang='ita' dir='ltr'>Veneta</span> <span class='ocrx_word' id='word_1_346' title='bbox 3617 5448 4065 5517; x_wconf 90' lang='ita' dir='ltr'>Accademia</span> <span class='ocrx_word' id='word_1_347' title='bbox 4095 5448 4167 5517; x_wconf 91' lang='ita' dir='ltr'>di</span> <span class='ocrx_word' id='word_1_348' title='bbox 4199 5448 4483 5530; x_wconf 90' lang='ita' dir='ltr'>Pittura,</span> 
     </span>
     <span class='ocr_line' id='line_1_34' title="bbox 709 5563 2705 5645; baseline 0 -13"><span class='ocrx_word' id='word_1_349' title='bbox 709 5563 1038 5632; x_wconf 90' lang='ita' dir='ltr'>Scultura</span> <span class='ocrx_word' id='word_1_350' title='bbox 1066 5585 1105 5632; x_wconf 97' lang='ita' dir='ltr'>e</span> <span class='ocrx_word' id='word_1_351' title='bbox 1133 5563 1634 5645; x_wconf 90' lang='ita' dir='ltr'>Architettura,</span> <span class='ocrx_word' id='word_1_352' title='bbox 1667 5563 1718 5631; x_wconf 91' lang='ita' dir='ltr'>li</span> <span class='ocrx_word' id='word_1_353' title='bbox 1757 5564 1843 5631; x_wconf 96' lang='ita'>12</span> <span class='ocrx_word' id='word_1_354' title='bbox 1876 5563 2257 5632; x_wconf 91' lang='ita' dir='ltr'>settembre</span> <span class='ocrx_word' id='word_1_355' title='bbox 2295 5564 2503 5645; x_wconf 93' lang='ita'>1774,</span> <span class='ocrx_word' id='word_1_356' title='bbox 2536 5563 2610 5631; x_wconf 90' lang='ita' dir='ltr'>in</span> <span class='ocrx_word' id='word_1_357' title='bbox 2643 5564 2705 5632; x_wconf 96' lang='ita'>8.</span> 
     </span>
    </p>
   </div>
   <div class='ocr_carea' id='block_1_19' title="bbox 487 5774 4488 5979">
    <p class='ocr_par' dir='ltr' id='par_1_19' title="bbox 487 5774 4488 5979">
     <span class='ocr_line' id='line_1_35' title="bbox 487 5774 4488 5864; baseline 0 -22"><span class='ocrx_word' id='word_1_358' title='bbox 487 5775 694 5844; x_wconf 95' lang='ita'>1319.</span> <span class='ocrx_word' id='word_1_359' title='bbox 727 5776 1077 5856; x_wconf 93' lang='ita' dir='ltr'>FOSSATI,</span> <span class='ocrx_word' id='word_1_360' title='bbox 1107 5774 1468 5843; x_wconf 90' lang='ita' dir='ltr'>Orazione</span> <span class='ocrx_word' id='word_1_361' title='bbox 1498 5774 1790 5843; x_wconf 90' lang='ita' dir='ltr'>recitata</span> <span class='ocrx_word' id='word_1_362' title='bbox 1818 5774 2010 5843; x_wconf 90' lang='ita' dir='ltr'>nella</span> <span class='ocrx_word' id='word_1_363' title='bbox 2037 5774 2380 5864; x_wconf 90' lang='ita' dir='ltr'>pubblica</span> <span class='ocrx_word' id='word_1_364' title='bbox 2408 5776 2689 5843; x_wconf 87' lang='ita' dir='ltr'>Veneta</span> <span class='ocrx_word' id='word_1_365' title='bbox 2716 5774 3164 5843; x_wconf 90' lang='ita' dir='ltr'>Accademia</span> <span class='ocrx_word' id='word_1_366' title='bbox 3193 5774 3265 5843; x_wconf 91' lang='ita' dir='ltr'>di</span> <span class='ocrx_word' id='word_1_367' title='bbox 3296 5774 3503 5843; x_wconf 98' lang='ita' dir='ltr'>Belle</span> <span class='ocrx_word' id='word_1_368' title='bbox 3531 5774 3688 5843; x_wconf 91' lang='ita' dir='ltr'>Arti</span> <span class='ocrx_word' id='word_1_369' title='bbox 3717 5796 3844 5864; x_wconf 91' lang='ita' dir='ltr'>per</span> <span class='ocrx_word' id='word_1_370' title='bbox 3872 5774 3942 5843; x_wconf 91' lang='ita' dir='ltr'>la</span> <span class='ocrx_word' id='word_1_371' title='bbox 3970 5774 4488 5843; x_wconf 90' lang='ita' dir='ltr'>distribuzione</span> 
     </span>
     <span class='ocr_line' id='line_1_36' title="bbox 708 5889 1940 5979; baseline 0 -21"><span class='ocrx_word' id='word_1_372' title='bbox 708 5889 821 5958; x_wconf 94' lang='ita' dir='ltr'>de’</span> <span class='ocrx_word' id='word_1_373' title='bbox 858 5889 1087 5979; x_wconf 91' lang='ita' dir='ltr'>premi</span> <span class='ocrx_word' id='word_1_374' title='bbox 1118 5889 1490 5958; x_wconf 90' lang='ita' dir='ltr'>dell’anno</span> <span class='ocrx_word' id='word_1_375' title='bbox 1529 5889 1738 5971; x_wconf 93' lang='ita'>1776,</span> <span class='ocrx_word' id='word_1_376' title='bbox 1771 5889 1845 5957; x_wconf 90' lang='ita' dir='ltr'>in</span> <span class='ocrx_word' id='word_1_377' title='bbox 1878 5890 1940 5958; x_wconf 96' lang='ita'>8.</span> 
     </span>
    </p>
   </div>
   <div class='ocr_carea' id='block_1_20' title="bbox 487 6100 4486 6305">
    <p class='ocr_par' dir='ltr' id='par_1_20' title="bbox 487 6100 4486 6305">
     <span class='ocr_line' id='line_1_37' title="bbox 487 6100 4486 6190; baseline 0 -21"><span class='ocrx_word' id='word_1_378' title='bbox 487 6101 694 6169; x_wconf 96' lang='ita'>1320.</span> <span class='ocrx_word' id='word_1_379' title='bbox 734 6101 1136 6169; x_wconf 92' lang='ita' dir='ltr'>GIORDANI</span> <span class='ocrx_word' id='word_1_380' title='bbox 1162 6100 1418 6182; x_wconf 90' lang='ita' dir='ltr'>Pietro,</span> <span class='ocrx_word' id='word_1_381' title='bbox 1457 6100 1807 6169; x_wconf 91' lang='ita' dir='ltr'>Discorso</span> <span class='ocrx_word' id='word_1_382' title='bbox 1845 6122 2056 6190; x_wconf 90' lang='ita' dir='ltr'>sopra</span> <span class='ocrx_word' id='word_1_383' title='bbox 2087 6122 2184 6169; x_wconf 95' lang='ita' dir='ltr'>un</span> <span class='ocrx_word' id='word_1_384' title='bbox 2218 6100 2490 6190; x_wconf 90' lang='ita' dir='ltr'>quadro</span> <span class='ocrx_word' id='word_1_385' title='bbox 2526 6100 2643 6169; x_wconf 97' lang='ita' dir='ltr'>del</span> <span class='ocrx_word' id='word_1_386' title='bbox 2678 6101 2854 6169; x_wconf 90' lang='ita' dir='ltr'>Cav.</span> <span class='ocrx_word' id='word_1_387' title='bbox 2892 6100 3119 6169; x_wconf 90' lang='ita' dir='ltr'>Landi</span> <span class='ocrx_word' id='word_1_388' title='bbox 3155 6100 3245 6169; x_wconf 97' lang='ita' dir='ltr'>ed</span> <span class='ocrx_word' id='word_1_389' title='bbox 3277 6122 3423 6169; x_wconf 95' lang='ita' dir='ltr'>uno</span> <span class='ocrx_word' id='word_1_390' title='bbox 3459 6100 3576 6169; x_wconf 97' lang='ita' dir='ltr'>del</span> <span class='ocrx_word' id='word_1_391' title='bbox 3611 6101 3787 6169; x_wconf 90' lang='ita' dir='ltr'>Cav.</span> <span class='ocrx_word' id='word_1_392' title='bbox 3827 6100 4276 6182; x_wconf 91' lang='ita' dir='ltr'>Camuccini,</span> <span class='ocrx_word' id='word_1_393' title='bbox 4314 6100 4486 6169; x_wconf 92' lang='ita' dir='ltr'>letto</span> 
     </span>
     <span class='ocr_line' id='line_1_38' title="bbox 707 6215 3056 6305; baseline 0 -22"><span class='ocrx_word' id='word_1_394' title='bbox 707 6215 781 6283; x_wconf 90' lang='ita' dir='ltr'>in</span> <span class='ocrx_word' id='word_1_395' title='bbox 810 6215 1146 6305; x_wconf 91' lang='ita' dir='ltr'>Bologna</span> <span class='ocrx_word' id='word_1_396' title='bbox 1173 6215 1805 6284; x_wconf 90' lang='ita' dir='ltr'>nell’Accademia</span> <span class='ocrx_word' id='word_1_397' title='bbox 1833 6215 1905 6284; x_wconf 90' lang='ita' dir='ltr'>di</span> <span class='ocrx_word' id='word_1_398' title='bbox 1935 6215 2141 6284; x_wconf 98' lang='ita' dir='ltr'>Belle</span> <span class='ocrx_word' id='word_1_399' title='bbox 2169 6215 2326 6284; x_wconf 90' lang='ita' dir='ltr'>Arti</span> <span class='ocrx_word' id='word_1_400' title='bbox 2356 6215 2606 6284; x_wconf 91' lang='ita' dir='ltr'>l’anno</span> <span class='ocrx_word' id='word_1_401' title='bbox 2646 6216 2854 6297; x_wconf 93' lang='ita'>1811,</span> <span class='ocrx_word' id='word_1_402' title='bbox 2887 6215 2961 6283; x_wconf 90' lang='ita' dir='ltr'>in</span> <span class='ocrx_word' id='word_1_403' title='bbox 2994 6216 3056 6284; x_wconf 96' lang='ita'>8.</span> 
     </span>
    </p>
   </div>
   <div class='ocr_carea' id='block_1_21' title="bbox 487 6426 4478 6516">
    <p class='ocr_par' dir='ltr' id='par_1_21' title="bbox 487 6426 4478 6516">
     <span class='ocr_line' id='line_1_39' title="bbox 487 6426 4478 6516; baseline 0 -22"><span class='ocrx_word' id='word_1_404' title='bbox 487 6427 694 6495; x_wconf 95' lang='ita'>1321.</span> <span class='ocrx_word' id='word_1_405' title='bbox 749 6427 1151 6495; x_wconf 92' lang='ita' dir='ltr'>GIORDANI</span> <span class='ocrx_word' id='word_1_406' title='bbox 1193 6426 1449 6508; x_wconf 91' lang='ita' dir='ltr'>Pietro,</span> <span class='ocrx_word' id='word_1_407' title='bbox 1503 6426 1853 6495; x_wconf 91' lang='ita' dir='ltr'>Discorso</span> <span class='ocrx_word' id='word_1_408' title='bbox 1903 6426 2076 6495; x_wconf 92' lang='ita' dir='ltr'>letto</span> <span class='ocrx_word' id='word_1_409' title='bbox 2126 6426 2318 6495; x_wconf 90' lang='ita' dir='ltr'>nella</span> <span class='ocrx_word' id='word_1_410' title='bbox 2364 6426 2708 6516; x_wconf 90' lang='ita' dir='ltr'>pubblica</span> <span class='ocrx_word' id='word_1_411' title='bbox 2755 6426 3101 6495; x_wconf 85' lang='ita' dir='ltr'>funzione</span> <span class='ocrx_word' id='word_1_412' title='bbox 3149 6426 3456 6495; x_wconf 90' lang='ita' dir='ltr'>tenutasi</span> <span class='ocrx_word' id='word_1_413' title='bbox 3505 6448 3631 6516; x_wconf 91' lang='ita' dir='ltr'>per</span> <span class='ocrx_word' id='word_1_414' title='bbox 3678 6426 3748 6495; x_wconf 91' lang='ita' dir='ltr'>la</span> <span class='ocrx_word' id='word_1_415' title='bbox 3796 6426 4314 6495; x_wconf 91' lang='ita' dir='ltr'>distribuzione</span> <span class='ocrx_word' id='word_1_416' title='bbox 4364 6426 4478 6495; x_wconf 91' lang='ita' dir='ltr'>de’</span> 
     </span>
    </p>
   </div>
   <div class='ocr_carea' id='block_1_22' title="bbox 521 6604 4439 6608">
    <p class='ocr_par' dir='ltr' id='par_1_22' title="bbox 521 6604 4439 6608">
     <span class='ocr_line' id='line_1_40' title="bbox 521 6604 4439 6608; baseline 0 0"><span class='ocrx_word' id='word_1_417' title='bbox 521 6604 4439 6608; x_wconf 95' lang='ita' dir='ltr'> </span> 
     </span>
    </p>
   </div>
   <div class='ocr_carea' id='block_1_23' title="bbox 2171 6637 2791 6710">
    <p class='ocr_par' dir='ltr' id='par_1_23' title="bbox 2171 6637 2791 6710">
     <span class='ocr_line' id='line_1_41' title="bbox 2171 6637 2791 6710; baseline 0 -16"><span class='ocrx_word' id='word_1_418' title='bbox 2171 6657 2347 6694; x_wconf 88' lang='ita' dir='ltr'>WWW.</span> <span class='ocrx_word' id='word_1_419' title='bbox 2358 6637 2734 6710; x_wconf 78' lang='ita' dir='ltr'>memofonte.</span> <span class='ocrx_word' id='word_1_420' title='bbox 2748 6639 2791 6694; x_wconf 77' lang='ita' dir='ltr'>il</span> 
     </span>
    </p>
   </div>
  </div>
 </body>
</html>
