4958 7017
1981 864 2366 922 Fondazione
2390 864 2775 922 Memofonte
2800 865 2976 922 onlus

1390 960 1600 1018 Studio
1624 979 1731 1035 per
1754 960 2226 1018 l’elaborazione
2250 960 2632 1018 informatica
2655 961 2813 1018 delle
2838 960 2991 1018 fonti
3018 960 3571 1018 storico—artistiche

483 1347 690 1416 1058.
731 1348 1001 1416 GILPIN
1029 1347 1376 1429 William,
1415 1347 1620 1416 Trois
1658 1347 1884 1416 essais
1924 1369 2041 1416 sur
2075 1347 2143 1416 le
2176 1347 2363 1416 beau
2397 1347 2860 1437 pittoresque,
2902 1369 3019 1416 sur
3053 1347 3121 1416 le
3156 1369 3441 1437 voyage
3476 1347 3917 1437 pittoresque
3953 1358 4022 1416 et
4058 1369 4175 1416 sur
4209 1347 4374 1416 l’art
4408 1347 4477 1416 d’

708 1462 1071 1552 esquisser
1098 1462 1166 1531 le
1194 1484 1534 1552 paysage,
1568 1462 1869 1531 Breslau
1907 1463 2115 1544 1799,
2148 1462 2222 1530 in
2255 1463 2318 1544 8,
2351 1462 2477 1552 fig.

707 1574 842 1631 Con
868 1582 1014 1631 sette
1037 1573 1373 1631 bellissime
1397 1574 1598 1631 tavole
1621 1573 1985 1648 pittoresche
2009 1573 2316 1648 intagliate
2342 1592 2376 1631 a
2399 1592 2611 1631 mezzo
2636 1573 2804 1631 tinto.

487 1770 694 1839 1089.
728 1771 1126 1838 HOGARTH
1150 1769 1595 1859 Guglielmo,
1628 1769 1978 1838 L’analisi
2009 1769 2200 1838 della
2227 1769 2590 1851 Bellezza,
2622 1769 2926 1838 tradotta
2954 1769 3435 1859 dall’inglese,
3469 1769 3785 1838 Livorno
3824 1770 4032 1851 1771,
4065 1769 4139 1837 in
4172 1770 4235 1851 8,
4268 1769 4395 1859 fig.

707 1881 901 1938 Come
931 1899 1050 1938 una
1078 1899 1223 1955 gran
1250 1889 1415 1955 parte
1445 1881 1543 1938 del
1571 1880 1782 1955 pregio
1813 1881 1971 1938 delle
2001 1899 2183 1955 opere
2213 1880 2274 1938 di
2304 1889 2516 1955 questo
2546 1880 2783 1955 insigne
2814 1889 3018 1938 autore
3050 1889 3138 1938 sta
3166 1881 3264 1938 nel
3295 1889 3470 1955 gusto
3501 1899 3534 1938 e
3564 1881 3724 1938 nella
3751 1880 4091 1955 precisione
4121 1880 4219 1938 dei
4249 1880 4486 1955 disegni

706 1976 998 2051 intagliati
1032 1976 1509 2051 originalmente,
1546 1977 1676 2034 così
1711 1985 1926 2051 troppo
1963 1976 2012 2034 si
2044 1977 2227 2051 perde
2259 1995 2366 2051 per
2398 1977 2456 2034 la
2487 1995 2818 2034 mancanza
2850 1977 3008 2034 delle
3040 1977 3242 2034 buone
3275 1977 3475 2034 tavole
3509 1976 3571 2033 in
3604 1995 3723 2034 una
3756 1976 4033 2034 versione
4068 1976 4339 2051 eseguita
4371 1995 4488 2034 con

706 2071 1080 2146 negligenza.

479 2267 686 2336 1060.
743 2269 1184 2336 JAGEMANN
1230 2269 1362 2336 Fra
1414 2267 1864 2349 Gaudenzio,
1923 2267 2193 2357 Saggio
2250 2267 2360 2336 sul
2411 2267 2610 2336 buon
2664 2278 2874 2357 gusto
2928 2267 3118 2336 nelle
3169 2267 3362 2336 belle
3417 2267 3566 2349 arti,
3624 2267 3813 2336 dove
3869 2267 3928 2336 si
3985 2267 4332 2357 spiegano
4388 2267 4487 2357 gli

708 2382 1046 2451 elementi
1077 2382 1575 2464 dell’estetica,
1608 2382 1905 2451 Firenze
1943 2383 2150 2451 1771.

705 2540 804 2545 —
846 2497 1319 2587 Aggiuntovi:
1370 2497 1438 2566 le
1482 2497 1644 2566 idee
1691 2497 1876 2566 sulla
1918 2497 2237 2566 maniera
2280 2497 2352 2566 di
2397 2497 2731 2566 formarsi
2778 2497 3172 2566 eccellente
3216 2497 3290 2565 in
3334 2497 3737 2566 letteratura
3781 2519 3820 2566 e
3864 2497 4054 2566 nelle
4096 2497 4288 2566 belle
4335 2497 4483 2579 arti,

716 2612 923 2682 1795.

709 2724 873 2781 Sono
899 2732 1107 2798 queste
1132 2732 1397 2798 operette
1422 2723 1770 2781 elementari
1795 2742 1828 2781 e
1855 2723 2239 2798 superficiali.

479 2919 686 2988 1061.
735 2921 1083 2988 LIEBAUT
1119 2921 1315 3001 Jean,
1363 2919 1568 2988 Trois
1614 2919 1830 2988 livres
1877 2919 1966 2988 de
2010 2919 2690 2988 l’embellissement
2733 2930 2802 2988 et
2845 2930 3219 2988 ornement
3262 2919 3357 2988 du
3402 2941 3574 3009 corp
3618 2919 3915 2988 humain
3958 2919 4103 3009 pris
4150 2919 4245 2988 du
4289 2919 4483 3001 latin,

707 3034 901 3103 Paris
941 3034 1149 3116 1582,
1182 3034 1256 3102 in
1287 3035 1351 3103 3.

706 3147 773 3202 In
802 3154 1015 3220 questo
1046 3145 1199 3203 libro
1232 3145 1281 3203 si
1309 3145 1559 3220 ragiona
1587 3146 1748 3203 della
1775 3146 2061 3203 Bellezza
2088 3145 2150 3202 in
2180 3146 2458 3220 generale
2488 3164 2521 3203 e
2551 3145 2613 3202 in
2640 3145 2996 3220 particolare
3026 3145 3087 3203 di
3116 3154 3260 3203 tutte
3291 3146 3347 3203 le
3375 3145 3480 3220 più
3512 3146 3695 3203 scelte
3727 3145 3921 3203 forme
3951 3145 4165 3220 d’ogni
4193 3154 4358 3220 parte
4388 3146 4486 3203 del

707 3260 893 3316 corpo
918 3260 1139 3299 umano
1165 3260 1198 3299 e
1223 3241 1321 3299 dei
1346 3242 1531 3299 modo
1557 3241 1618 3299 di
1643 3242 2039 3299 conservarle.

483 3455 690 3524 1062.
734 3457 1095 3524 LONGEVI
1128 3455 1468 3537 Dionisii,
1511 3457 1623 3524 De
1665 3455 1980 3537 sublimi,
2023 3455 2312 3524 libellus
2354 3477 2609 3545 graece
2650 3455 3121 3545 conscriptus,
3164 3455 3409 3537 latino,
3452 3455 3698 3524 italico
3739 3466 3808 3524 et
3847 3455 4112 3545 gallico
4155 3477 4487 3524 sermone

706 3570 1045 3639 redditus.
1078 3570 1368 3639 Additis
1401 3570 2005 3652 adnotationibus,
2038 3572 2371 3639 Veronae
2409 3571 2617 3652 1733,
2650 3570 2724 3638 in
2758 3571 2820 3639 8.

706 3683 792 3739 La
824 3681 1102 3739 versione
1136 3681 1318 3739 latina
1350 3682 1383 3739 e
1417 3682 1618 3756 quella
1649 3690 1819 3739 tratta
1851 3681 2281 3739 dall’edizione
2315 3681 2639 3749 d’Oxford,
2683 3682 2856 3739 1710.
2892 3681 3213 3739 L’italiana
3245 3682 3278 3739 e
3312 3682 3556 3739 dell’ab.
3593 3682 3799 3739 Anton
3831 3683 4164 3739 Francesco
4200 3681 4365 3739 Gori.
4402 3683 4488 3739 La

707 3777 980 3835 francese
1005 3778 1038 3835 e
1063 3777 1124 3835 di
1148 3777 1421 3835 Boileau.

483 3973 690 4042 1063.
726 3975 1065 4042 LONGINI
1089 3973 1435 4042 Federico
1469 3973 1560 4042 da
1588 3973 1850 4055 Udine,
1887 3973 1942 4041 Il
1974 3973 2158 4042 libro
2191 3973 2382 4042 della
2409 3973 2604 4042 bella
2634 3973 2894 4055 donna,
2929 3973 3274 4055 Venezia,
3308 3995 3435 4063 per
3465 3973 3700 4042 Plinio
3732 3973 3963 4042 Pietra
3994 3974 4231 4055 Santa,
4275 3973 4483 4055 1554,

707 4088 781 4156 in
814 4089 876 4157 8.

706 4200 994 4274 Elegante
1024 4199 1279 4267 libretto,
1312 4199 1590 4257 dedicato
1620 4200 1697 4257 da
1725 4199 2038 4257 Girolamo
2068 4199 2337 4257 Ruscelli
2368 4200 2485 4257 alla
2515 4199 2637 4274 Sig.
2670 4199 2960 4257 Lucrezia
2989 4200 3281 4274 Gonzaga
3308 4199 3636 4257 Manfrona
3664 4200 3865 4257 donna
3891 4199 4229 4257 bellissima
4257 4199 4318 4257 di
4348 4200 4487 4274 quel

709 4296 933 4353 secolo.

483 4509 690 4578 1064.
723 4511 1201 4578 MALASPINA
1223 4511 1329 4578 M.
1364 4509 1436 4578 di
1468 4510 1899 4591 Sannazaro,
1932 4509 2144 4578 Delle
2173 4509 2368 4599 leggi
2399 4509 2517 4578 del
2546 4509 2757 4578 Bello
2789 4509 3144 4599 applicate
3175 4509 3315 4578 alla
3342 4509 3602 4599 pittura
3630 4531 3669 4578 e
3700 4509 4170 4591 architettura,
4206 4509 4483 4599 saggio,

707 4624 901 4693 Paris
941 4625 1149 4706 1791,
1182 4624 1256 4692 in
1289 4625 1351 4693 8.

479 4835 686 4904 1065.
724 4837 1053 4904 NATTAE
1080 4835 1315 4904 Marci
1350 4835 1653 4904 Antonii
1687 4835 2044 4917 Astensis,
2082 4837 2194 4904 De
2227 4835 2479 4925 pulcro
2515 4835 2677 4904 libri
2715 4857 2863 4917 sex,
2901 4835 3184 4917 Paviae,
3225 4835 3414 4925 apud
3447 4835 3911 4904 Franciscum
3943 4835 4484 4917 Moschenium,

716 4950 924 5032 1553,
957 4950 1031 5018 in
1060 4950 1187 5019 fol.
1220 4972 1414 5040 parv.

706 5062 969 5136 L’opera
998 5062 1031 5119 è
1061 5061 1355 5119 intitolata
1385 5062 1440 5119 al
1471 5062 1628 5119 card.
1662 5062 1876 5119 Ercole
1908 5062 2215 5136 Gonzaga.
2249 5062 2533 5119 L’autore
2566 5061 2857 5136 s’ingolfa
2886 5080 3003 5119 con
3032 5080 3151 5119 una
3180 5061 3513 5119 diffusione
3544 5070 3801 5119 estrema
3829 5062 3988 5119 nelle
4019 5061 4398 5119 metafisiche
4429 5062 4486 5119 le

705 5157 810 5232 più
843 5166 1069 5215 astruse
1103 5176 1220 5215 con
1251 5176 1409 5232 poca
1440 5157 1753 5215 chiarezza
1784 5176 1817 5215 e
1850 5176 1972 5215 non
2005 5157 2067 5215 fa
2099 5176 2293 5215 cenno
2327 5157 2439 5215 che
2472 5158 2551 5215 20
2586 5157 2724 5215 anni
2756 5157 2950 5232 prima
2981 5157 3042 5215 di
3076 5157 3160 5215 lui
3193 5176 3373 5215 erano
3409 5157 3645 5232 apparsi
3679 5157 3734 5215 ai
3766 5157 4055 5232 pubblico
4089 5157 4173 5232 gli
4208 5157 4392 5215 scritti
4425 5157 4486 5215 di

706 5253 1007 5328 Agostino
1032 5253 1181 5311 Nifo
1209 5254 1363 5311 sullo
1391 5262 1583 5311 stesso
1610 5262 1978 5328 argomento.

479 5468 686 5537 1066.
745 5470 857 5537 De
910 5470 1268 5550 NICOLAI,
1327 5468 1382 5536 Il
1434 5468 1654 5550 bello,
1712 5468 2023 5537 novella:
2085 5479 2465 5558 composta
2517 5468 2591 5536 in
2644 5468 2939 5537 tedesco
2995 5490 3034 5537 e
3087 5468 3391 5537 tradotta
3443 5468 3517 5536 in
3572 5468 3870 5537 Italiano
3926 5468 4043 5537 dal
4099 5468 4246 5558 Sig.
4306 5469 4482 5537 Cav.

708 5583 1079 5652 Gatteschi
1110 5583 1337 5652 dietro
1369 5583 1509 5652 alla
1536 5583 1872 5652 versione
1901 5583 2229 5652 francese
2259 5583 2377 5652 del
2408 5583 2555 5673 Sig.
2590 5583 2679 5652 de
2709 5583 2779 5652 la
2805 5583 3183 5665 Fermiere,
3216 5583 3542 5652 Venezia
3578 5583 3787 5665 1785,
3820 5583 3894 5651 in
3927 5584 3989 5652 8.

708 5695 1308 5769 Quest’opuscoletto
1334 5694 1400 5752 fu
1424 5694 1702 5752 dedicato
1729 5694 2211 5752 all’Accademia
2233 5696 2468 5752 Veueta
2491 5694 2552 5752 di
2576 5695 2749 5752 Belle
2773 5694 2903 5752 Arti
2928 5695 3090 5752 dallo
3118 5703 3478 5769 stampatore
3502 5694 3698 5752 Pietro
3725 5694 3990 5752 Savioni.

483 5908 690 5977 1067.
739 5910 962 5977 NIPHI
999 5908 1390 5998 Augustini
1436 5908 1703 5977 medici
1751 5908 1840 5977 ad
1884 5908 2240 5977 illustriss.
2287 5910 2641 5977 Joannam
2684 5908 3131 5998 Aragoniam
3175 5908 3604 5998 Tagliacotii
3650 5908 4058 5998 Principem
4103 5908 4192 5977 de
4236 5908 4487 5998 pulcro

707 6023 907 6105 liber,
940 6023 1115 6092 itera
1143 6023 1232 6092 de
1264 6045 1507 6092 amore
1536 6023 1737 6105 liber,
1770 6025 2070 6105 Romae,
2105 6045 2213 6113 ap.
2249 6034 2385 6092 ant.
2420 6023 2754 6105 Bladum,
2789 6045 2976 6092 anno
3006 6025 3094 6092 D.
3137 6023 3345 6105 1531,
3378 6023 3452 6091 in
3482 6034 3673 6092 carta
3702 6023 3968 6113 grande
3997 6023 4071 6091 in
4099 6024 4166 6092 4.

483 6234 690 6303 1068.
726 6235 1029 6303 SAGGIO
1057 6256 1268 6324 sopra
1295 6234 1365 6303 la
1393 6234 1755 6316 Bellezza,
1788 6236 2025 6303 Roma
2061 6234 2269 6316 1763,
2302 6234 2376 6302 in
2409 6235 2471 6303 8.

708 6346 937 6417 Questo
976 6345 1187 6420 saggio
1224 6345 1290 6403 fu
1325 6345 1603 6403 dedicato
1641 6346 1696 6403 al
1730 6345 1946 6420 pittore
1981 6345 2258 6403 Rafaello
2294 6347 2516 6420 Mengs
2553 6364 2586 6403 e
2624 6345 2826 6403 scritto
2861 6364 2968 6420 per
3002 6345 3063 6403 di
3099 6345 3182 6403 lui
3218 6345 3635 6413 eccitamento;
3674 6346 3707 6403 e
3742 6346 3888 6420 però
3924 6345 4220 6403 intitolato
4257 6364 4374 6403 con
4408 6364 4488 6403 un

707 6441 1155 6499 endecasillabo
1181 6441 1365 6499 latino
1392 6442 1447 6499 al
1473 6442 1619 6499 Cav.
1647 6441 2063 6499 Piccolomini.

2171 6657 2347 6694 WWW.
2358 6637 2734 6710 memofonte.
2748 6639 2791 6694 il
