4958 7017
1981 864 2366 922 Fondazione
2390 864 2775 922 Memofonte
2800 865 2976 922 onlus

1390 960 1600 1018 Studio
1624 979 1731 1035 per
1754 960 2226 1018 l’elaborazione
2250 960 2632 1018 informatica
2655 961 2813 1018 delle
2838 960 2991 1018 fonti
3018 960 3571 1018 storico—artistiche

479 1366 694 1436 2359.
731 1368 1053 1435 RIDOLFI
1080 1366 1318 1448 Carlo,
1354 1368 1455 1435 Le
1488 1366 1911 1456 maraviglie
1944 1366 2296 1448 dell’arte;
2333 1388 2604 1435 ovvero
2637 1366 2705 1435 le
2737 1366 2883 1435 vite
2916 1366 3110 1456 degli
3143 1366 3400 1435 illustri
3432 1366 3672 1456 pittori
3705 1366 3944 1435 veneti
3978 1388 4017 1435 e
4050 1366 4244 1435 dello
4280 1377 4483 1448 stato,

712 1481 856 1550 vol.
891 1482 935 1549 2
965 1481 1181 1571 legati
1211 1481 1285 1549 in
1313 1503 1410 1550 un
1442 1481 1623 1563 solo,
1656 1481 1982 1550 Venezia
2018 1481 2226 1563 1648,
2258 1503 2509 1571 presso
2540 1481 2705 1550 Gio.
2740 1483 2822 1550 B.
2858 1482 3117 1571 Sgava,
3150 1481 3224 1549 in
3252 1482 3320 1563 4,
3352 1481 3663 1571 piccolo.

712 1593 847 1650 Con
882 1592 1275 1667 frontespizio
1311 1592 1570 1667 figurato
1606 1611 1639 1650 e
1673 1592 1693 1649 i
1728 1592 1934 1650 ritratti
1969 1592 2067 1650 dei
2100 1592 2302 1667 pittori
2335 1593 2454 1650 ben
2489 1592 2786 1667 disegnati
2821 1611 2854 1650 e
2887 1593 3006 1650 ben
3040 1592 3333 1667 intagliati
3367 1592 3430 1649 in
3462 1611 3645 1660 rame,
3683 1593 4018 1667 esemplare
4051 1592 4390 1650 bellissimo
4427 1592 4488 1650 di

711 1689 1006 1763 un’opera
1028 1697 1230 1746 tenuta
1252 1688 1314 1745 in
1339 1707 1483 1763 gran
1505 1688 1715 1763 pregio
1740 1688 2062 1763 potendosi
2087 1688 2387 1746 chiamare
2412 1697 2625 1763 questo
2652 1697 2856 1746 autore
2880 1688 2923 1745 il
2947 1688 3161 1746 Vasari
3186 1688 3284 1746 dei
3309 1688 3640 1746 veneziani.

479 1884 694 1953 2360.
728 1886 1035 1953 RIGATO
1059 1884 1371 1966 Andrea,
1405 1884 1922 1953 Osservazioni
1955 1906 2166 1974 sopra
2192 1884 2485 1953 Andrea
2513 1884 2858 1966 Palladio,
2891 1884 3183 1953 Padova
3219 1885 3427 1966 1811,
3460 1884 3534 1952 in
3567 1885 3629 1953 8.

479 2095 694 2164 2361.
733 2097 1069 2164 RINALDI
1095 2097 1440 2185 Pompeo,
1478 2095 1575 2163 Al
1611 2095 1758 2185 Sig.
1798 2095 2170 2185 Giuseppe
2205 2095 2483 2164 Ghezzi
2516 2095 2774 2185 pittore
2815 2097 2908 2185 [p.
2948 2096 3118 2178 399]
3160 2095 3731 2164 celebratissimo
3765 2117 3891 2185 per
3923 2106 4201 2185 quattro
4236 2095 4486 2185 quadri

713 2210 804 2279 da
831 2210 932 2279 lui
963 2210 1219 2300 dipinti
1250 2210 1340 2279 ed
1369 2210 1641 2300 esposti
1671 2210 1744 2278 in
1773 2212 2010 2279 Roma
2037 2210 2111 2278 in
2142 2211 2212 2279 S.
2245 2210 2482 2279 Maria
2509 2210 2583 2278 in
2612 2210 2998 2279 Vallicella
3025 2210 3275 2279 l’anno
3314 2210 3521 2280 1699.
3555 2210 3768 2279 Versi
3798 2210 3872 2278 in
3900 2211 3968 2292 4,
4000 2212 4106 2279 M.
4149 2211 4306 2279 103.

479 2420 694 2489 2362.
733 2422 1104 2488 RITRATTI
1140 2420 1285 2505 (Li)
1328 2420 1501 2489 delli
1540 2420 1665 2510 più
1705 2420 1970 2489 celebri
2009 2420 2250 2510 pittori
2291 2420 2483 2489 della
2523 2420 2773 2489 scuola
2810 2420 3208 2489 veneziana
3247 2420 3513 2489 antichi
3554 2442 3593 2489 e
3632 2420 3960 2489 moderni
4000 2431 4485 2489 nuovamente

711 2535 1006 2604 raccolti
1037 2557 1076 2604 e
1104 2535 1523 2625 pubblicati,
1557 2535 1867 2604 dedicati
1899 2535 1965 2604 al
1994 2535 2240 2604 nobile
2271 2535 2418 2625 Sig.
2453 2535 2831 2604 Girolamo
2860 2535 3205 2617 Manfrin,
3238 2535 3564 2604 Venezia
3600 2536 3807 2604 1787.

713 2646 925 2718 Questi
958 2665 1108 2704 sono
1139 2646 1418 2704 trentasei
1447 2646 1653 2704 ritratti
1684 2647 1745 2704 di
1777 2646 1961 2704 artisti
1992 2646 2090 2704 dei
2121 2646 2283 2721 quali
2314 2647 2391 2704 28
2426 2655 2872 2721 appartengono
2905 2647 3020 2704 alle
3051 2646 3171 2704 vite
3202 2647 3300 2704 del
3330 2646 3563 2704 Ridolfi
3594 2665 3627 2704 e
3661 2647 3693 2704 8
3729 2665 3879 2704 sono
3910 2647 4070 2704 nella
4097 2647 4361 2704 raccolta
4390 2647 4488 2704 del

711 2742 966 2817 Lunghi:
994 2761 1101 2817 per
1124 2761 1547 2817 conseguenza
1569 2742 1853 2800 incisioni
1878 2743 2105 2817 logore,
2131 2742 2416 2800 ritoccate
2441 2761 2474 2800 e
2499 2742 2560 2800 di
2583 2761 2756 2817 poca,
2783 2742 3171 2817 importanza.

475 2957 690 3026 2363.
724 2959 937 3025 RIZZI
963 2959 1320 3039 Neuman,
1352 2957 1615 3047 Elogio
1646 2957 1762 3026 dei
1792 2957 2142 3026 Vivarini.
2176 2957 2365 3026 Vedi
2399 2959 2764 3033 Orazioni.

475 3168 690 3237 2364.
729 3170 1078 3237 ROBERTI
1111 3168 1400 3237 Giovan
1440 3168 1762 3250 Battista,
1805 3170 2086 3237 Lettera
2125 3168 2191 3237 al
2231 3169 2465 3237 Conte
2505 3168 2794 3237 Giovan
2833 3168 3137 3237 Battista
3175 3168 3447 3237 Giovio
3485 3190 3696 3258 sopra
3734 3168 4094 3237 Giacomo
4135 3168 4226 3237 da
4263 3170 4487 3237 Ponte

711 3283 990 3373 pittore,
1024 3283 1218 3352 detto
1248 3283 1300 3351 il
1329 3285 1607 3352 Bassan
1636 3283 1964 3352 Vecchio
1995 3305 2034 3352 e
2063 3283 2373 3373 risposta
2401 3283 2518 3352 del
2547 3283 2976 3365 medesimo,
3009 3285 3308 3373 Lugano
3347 3284 3555 3365 1777,
3588 3283 3662 3351 in
3695 3284 3758 3352 8.

475 3494 690 3563 2365.
725 3496 1068 3576 ROSCOE,
1102 3494 1242 3563 Vie
1274 3505 1343 3563 et
1370 3494 1753 3584 pontificat
1782 3494 1871 3563 de
1901 3496 2103 3563 Leon
2132 3496 2201 3562 X
2231 3494 2491 3563 traduit
2521 3494 2610 3563 de
2640 3494 2979 3584 l’anglais
3010 3516 3136 3584 par
3165 3496 3237 3563 P.
3271 3496 3343 3563 F.
3379 3496 3645 3584 Henry,
3680 3494 3874 3563 Paris
3915 3495 4123 3576 1808,
4157 3494 4231 3562 in
4265 3495 4328 3576 8,
4363 3494 4487 3563 vol

711 3610 778 3678 4.

711 3722 797 3778 La
832 3720 1011 3795 copia
1046 3721 1204 3778 delle
1241 3720 1533 3778 memorie
1568 3720 1816 3778 relative
1854 3721 1969 3778 alle
2008 3720 2114 3778 arti
2151 3720 2262 3778 che
2299 3720 2522 3778 trovasi
2559 3720 2621 3777 in
2658 3721 3045 3795 quest’opera
3080 3721 3138 3778 la
3171 3739 3331 3795 pone
3367 3720 3718 3778 immediata
3753 3721 3913 3778 nella
3948 3720 4287 3778 collezione
4324 3720 4486 3795 degli

714 3815 967 3873 scrittori
992 3815 1053 3873 di
1079 3815 1185 3873 arti
1210 3834 1243 3873 e
1268 3816 1326 3873 la
1348 3815 1758 3873 munificenza
1781 3815 1842 3873 di
1867 3824 2079 3890 questo
2103 3815 2374 3890 principe
2399 3824 2709 3873 mecenate
2734 3815 2947 3890 d’ogni
2974 3815 3171 3873 studio
3197 3834 3230 3873 e
3255 3815 3468 3890 d’ogni
3493 3815 3696 3873 chiaro
3721 3815 4005 3890 ingegno,
4033 3815 4116 3890 gli
4142 3815 4408 3873 assicura
4431 3816 4489 3873 la

712 3911 1050 3969 devozione
1075 3912 1235 3969 della
1256 3911 1543 3986 posterità
1564 3911 1999 3969 riconoscente.

475 4107 690 4176 2366.
723 4108 863 4175 DE’
900 4109 1136 4176 ROSSI
1169 4107 1536 4176 Giovanni
1571 4107 1964 4189 Gherardo,
2001 4107 2171 4176 Vita
2203 4107 2321 4176 del
2355 4107 2733 4176 Cavaliere
2768 4107 3134 4176 Giovanni
3168 4107 3449 4176 Pickler
3481 4107 3931 4197 intagliatore
3966 4107 4038 4176 di
4074 4129 4362 4197 gemme
4397 4107 4487 4176 ed

712 4222 786 4290 in
814 4222 1038 4312 pietre
1068 4222 1261 4304 dure,
1294 4224 1531 4291 Roma
1567 4223 1776 4304 1792,
1809 4222 1883 4290 in
1916 4223 1979 4304 8,
2011 4224 2117 4291 M.
2155 4223 2267 4291 87.

475 4433 690 4502 2367.
735 4434 875 4501 DE’
924 4435 1160 4502 ROSSI
1205 4433 1572 4502 Giovanni
1619 4433 2012 4515 Gherardo,
2061 4433 2231 4502 Vita
2275 4433 2347 4502 di
2393 4433 2718 4502 Antonio
2765 4433 3186 4502 Cavallucci
3233 4433 3324 4502 da
3369 4434 3793 4502 Sermoneta
3835 4433 4114 4523 pittore,
4163 4433 4489 4502 Venezia

721 4548 929 4630 1766,
962 4548 1036 4616 in
1069 4549 1132 4630 8,
1164 4550 1270 4617 M.
1308 4549 1420 4617 87.

712 4660 828 4717 Col
851 4659 1075 4717 ritratto
1101 4660 1199 4717 del
1222 4659 1438 4734 pittore
1462 4659 1656 4717 inciso
1682 4660 1758 4717 da
1780 4659 2080 4717 Bettelini.

471 4854 686 4923 2368.
715 4855 855 4922 DE’
888 4856 1124 4923 ROSSI
1152 4854 1519 4923 Giovanni
1550 4854 1942 4936 Gherardo,
1976 4854 2146 4923 Vita
2174 4854 2246 4923 di
2275 4854 2635 4944 Angelica
2663 4854 3113 4923 Kauffmann
3141 4854 3442 4944 pittrice,
3475 4854 3771 4923 Firenze
3809 4855 4017 4936 1810,
4050 4854 4124 4922 in
4157 4855 4219 4923 8.

713 4966 995 5040 Operette
1026 4965 1255 5040 ripiene
1288 4965 1349 5023 di
1382 4984 1582 5023 nuove
1615 4984 1648 5023 e
1684 4965 1877 5023 sicure
1910 4965 2151 5033 notizie,
2188 4965 2331 5023 fatte
2364 4984 2482 5023 con
2514 4965 2737 5033 critica,
2772 4965 3064 5040 impresse
3098 4984 3215 5023 con
3248 4966 3537 5040 eleganza
3568 4965 3629 5023 di
3662 4965 3788 5040 tipi.
3824 4965 3987 5023 Avvi
4020 4984 4100 5023 un
4131 4966 4231 5023 bel
4262 4965 4486 5023 ritratto

712 5062 872 5119 della
893 5061 1127 5136 pittrice
1151 5061 1213 5118 in
1235 5061 1551 5136 principio.

471 5257 686 5327 2369.
718 5258 979 5326 SELVA
1002 5257 1348 5339 Antonio,
1381 5257 1644 5347 Elogio
1676 5257 1748 5326 di
1778 5257 2059 5326 Michel
2091 5257 2563 5326 Sammicheli
2596 5257 2988 5339 architetto,
3022 5259 3259 5326 Roma
3297 5258 3506 5339 1814,
3540 5257 3614 5325 in
3648 5258 3711 5339 8,
3744 5259 3850 5326 M.
3887 5258 4001 5326 37.
4037 5257 4226 5326 Vedi
4260 5257 4487 5326 anche

716 5374 1080 5448 Orazioni.

479 5584 694 5652 2370.
735 5584 961 5652 SERIE
995 5583 1189 5673 degli
1229 5583 1509 5652 uomini
1549 5583 1572 5651 i
1611 5583 1736 5673 più
1775 5583 2032 5652 illustri
2072 5583 2264 5652 nella
2300 5583 2580 5673 pittura,
2626 5583 2938 5652 scultura
2977 5605 3016 5652 e
3058 5583 3509 5652 architettura
3547 5583 3663 5652 coi
3704 5583 3860 5652 loro
3902 5583 4095 5673 elogi
4137 5605 4176 5652 e
4215 5583 4482 5652 ritratti.

712 5698 1013 5767 Volumi
1052 5699 1138 5766 12
1168 5698 1384 5788 legati
1414 5698 1488 5766 in
1518 5698 1562 5767 6
1591 5698 1793 5780 tomi,
1825 5698 2121 5767 Firenze
2151 5698 2268 5767 dal
2306 5698 2491 5768 1769
2524 5698 2590 5767 al
2628 5698 2837 5780 1776,
2870 5698 2944 5766 in
2972 5699 3040 5780 4,
3073 5698 3199 5788 fig.

713 5810 914 5884 Opera
941 5828 1063 5867 non
1093 5810 1223 5867 così
1251 5809 1413 5867 ricca
1442 5809 1503 5867 di
1533 5809 1740 5867 critica
1768 5828 1801 5867 e
1831 5809 1892 5867 di
1922 5809 2270 5884 cognizioni
2301 5828 2477 5867 come
2507 5828 2672 5867 esser
2707 5811 2785 5884 [p.
2818 5810 2962 5879 400]
2998 5810 3305 5867 dovrebbe
3334 5809 3377 5866 il
3407 5810 3754 5884 complesso
3785 5809 3846 5867 di
3876 5818 4084 5884 queste
4114 5809 4356 5877 notizie,
4389 5809 4487 5867 coi

710 5904 916 5962 ritratti
941 5904 1103 5979 degli
1129 5904 1330 5962 artisti.

475 6101 690 6169 2371.
737 6101 1082 6169 SOPRANI
1120 6100 1421 6169 Rafaele
1466 6100 1712 6169 nobile
1758 6122 2145 6190 genovese,
2194 6102 2295 6169 Le
2340 6100 2486 6169 vite
2532 6100 2645 6169 de’
2698 6100 2961 6190 pittori,
3013 6100 3305 6169 scultori
3352 6100 3442 6169 ed
3488 6100 3836 6169 architetti
3883 6100 4232 6190 genovesi
4279 6122 4318 6169 e
4364 6100 4478 6169 de’

712 6215 1067 6284 forestieri
1114 6215 1247 6284 che
1292 6215 1366 6283 in
1412 6216 1719 6284 Genova
1764 6237 2162 6305 operarono
2209 6237 2348 6284 con
2395 6215 2632 6284 alcuni
2677 6215 2923 6284 ritratti
2970 6215 3163 6305 degli
3212 6215 3442 6284 stessi.
3493 6216 3733 6305 Opera
3775 6226 4132 6305 postuma,
4182 6216 4489 6284 Genova

721 6330 929 6412 1674,
962 6330 1036 6398 in
1064 6331 1132 6412 4,
1165 6330 1497 6420 figurato.

712 6442 847 6499 Con
876 6441 1269 6516 frontespizio
1300 6441 1558 6516 figurato
1588 6460 1621 6499 e
1650 6441 1670 6498 i
1697 6441 1904 6499 ritratti
1932 6441 1995 6498 in
2021 6460 2186 6499 rame
2213 6441 2480 6516 riportati
2508 6441 2571 6498 in
2600 6460 2813 6499 mezzo
2844 6460 2878 6499 a
2904 6460 2985 6499 un
3013 6450 3365 6499 ornamento
3395 6441 3705 6516 intagliato
3735 6441 3798 6498 in
3826 6442 4007 6516 legno
4037 6460 4070 6499 e
4102 6450 4396 6516 stampato
4425 6441 4487 6498 in

2171 6657 2347 6694 WWW.
2358 6637 2734 6710 memofonte.
2748 6639 2791 6694 il
