4958 7017
1981 864 2366 922 Fondazione
2390 838 2775 922 Memofonte
2800 865 2976 922 onlus

1390 960 1600 1018 Studio
1624 979 1731 1035 per
1754 960 2226 1018 l’elaborazione
2250 960 2632 1018 informatica
2655 961 2813 1018 delle
2838 960 2991 1018 fonti
3018 960 3571 1018 storico—artistiche

476 1343 655 1401 3305.
682 1345 979 1411 PERUZZI,
1006 1343 1442 1401 Dissertazioni
1469 1343 1842 1411 anconitane,
1870 1344 1989 1401 vol.
2017 1345 2060 1411 I,
2087 1344 2368 1418 Bologna
2398 1344 2573 1411 1818,
2600 1343 2662 1400 in
2685 1344 2742 1411 4,
2770 1343 2874 1418 fig.

704 1440 929 1511 Queste
955 1458 1209 1497 versano
1237 1458 1305 1497 su
1329 1439 1575 1497 materie
1600 1439 2015 1514 d’antiquaria.

479 1633 557 1706 [p.
593 1632 729 1701 123]

476 1822 655 1880 3306.
682 1822 952 1880 Petrucci
976 1822 1230 1890 Joseffo,
1257 1823 1585 1880 Prodromo
1612 1822 1995 1897 apologetico
2022 1822 2142 1897 agli
2169 1822 2325 1880 studi
2351 1822 2743 1890 Kircheriani,
2771 1823 3159 1880 Amsterdam
3188 1822 3363 1890 1677,
3390 1822 3452 1879 in
3475 1823 3531 1890 4,
3559 1822 3663 1897 fig.

712 1919 847 1976 Con
871 1919 1057 1976 molte
1081 1919 1299 1986 tavole,
1328 1918 1661 1993 argomenti
1686 1937 1719 1976 e
1744 1918 2109 1976 discussioni
2137 1918 2186 1976 si
2211 1918 2519 1993 giustifica
2541 1918 2584 1975 il
2610 1918 2924 1976 Kirckerio
2950 1919 3027 1976 da
3049 1919 3234 1976 molte
3259 1918 3505 1976 critiche
3530 1918 3642 1976 che
3667 1918 3751 1993 gli
3776 1937 3956 1976 erano
3984 1927 4130 1976 state
4155 1918 4316 1976 fatte.

476 2111 655 2168 3307.
682 2112 781 2168 Du
804 2112 1071 2167 PEYRAT
1095 2111 1189 2178 G.,
1216 2112 1300 2168 Le
1324 2111 1563 2168 tableau
1587 2111 1662 2168 de
1687 2111 1745 2168 la
1768 2110 2068 2168 calomnie
2093 2110 2372 2185 depeinte
2398 2129 2472 2168 au
2497 2110 2635 2168 vive
2658 2129 2765 2185 par
2788 2111 3024 2185 Apelle,
3051 2110 3385 2185 interprete,
3412 2110 3575 2168 Paris
3608 2110 3783 2178 1604,
3810 2110 3872 2167 in
3903 2111 3992 2168 12.

698 2207 746 2263 Il
782 2206 1018 2264 libretto
1057 2206 1355 2281 singolare
1391 2207 1424 2264 e
1459 2206 1756 2264 intitolato
1793 2225 1910 2264 con
1945 2207 2126 2281 lunga
2160 2225 2193 2264 e
2229 2206 2467 2264 curiosa
2501 2206 2870 2264 dedicatoria
2905 2225 2939 2264 a
2974 2207 3305 2264 très—haute
3343 2218 3401 2264 et
3435 2208 3896 2280 très-puissante
3931 2209 4251 2264 Princesse
4285 2209 4487 2264 Diane

708 2301 1007 2375 legitime'e
1032 2302 1107 2359 de
1132 2304 1184 2358 F
1186 2321 1383 2369 ranee,
1415 2302 1711 2359 duchesse
1736 2302 1778 2359 d
1790 2301 2195 2375 ’Angoule'me.

476 2494 655 2551 3308.
690 2495 892 2551 PHILO
924 2493 1253 2561 Bizantius,
1289 2495 1383 2551 De
1418 2502 1651 2568 septem
1681 2493 1843 2551 orbis
1879 2493 2256 2568 spectaculis,
2292 2493 2515 2551 Leonis
2549 2493 2758 2551 Allatii
2791 2512 2975 2568 opera
3005 2512 3162 2551 nunc
3194 2493 3458 2568 primum
3490 2512 3721 2568 graece,
3757 2502 3815 2551 et
3846 2493 4027 2551 latine
4058 2493 4311 2568 prodita,
4347 2512 4488 2551 cum

706 2589 882 2657 notis,
909 2591 1142 2647 Romae
1174 2589 1349 2657 1640,
1376 2589 1438 2646 in
1465 2590 1517 2647 8.

704 2686 902 2743 Greco
930 2704 963 2743 e
990 2685 1193 2743 latino.
1225 2685 1326 2743 Gli
1354 2685 1466 2743 orti
1491 2685 1730 2760 pensili,
1760 2686 1816 2743 le
1841 2685 2121 2760 piramidi
2149 2685 2210 2743 di
2236 2685 2455 2753 Menfi,
2484 2685 2527 2742 il
2556 2685 2755 2743 Giove
2782 2685 3092 2760 olimpico,
3121 2685 3164 2742 il
3192 2686 3456 2743 Colosso
3484 2685 3545 2743 di
3572 2685 3749 2753 Rodi,
3779 2686 3835 2743 le
3862 2704 4031 2743 mura
4057 2685 4118 2743 di
4144 2685 4483 2753 Babilonia,

706 2781 749 2838 il
773 2781 1000 2856 tempio
1026 2781 1087 2839 di
1111 2781 1308 2839 Diana
1330 2781 1595 2849 Efesina,
1622 2781 1665 2838 il
1692 2782 1969 2856 sepolcro
1994 2781 2055 2839 di
2079 2782 2385 2849 Mausolo,
2415 2800 2565 2839 sono
2591 2782 2647 2839 le
2672 2781 3024 2856 meraviglie
3050 2800 3084 2839 a
3107 2781 3204 2839 cui
3230 2782 3429 2839 allude
3454 2782 3726 2839 l’autore.

476 2973 655 3031 3309.
687 2974 1011 3030 PIGNORIO
1040 2972 1379 3040 Laurentio,
1411 2974 1676 3047 Magnae
1706 2974 1908 3030 Deum
1935 2972 2149 3030 Matris
2179 2973 2394 3030 Idaeae
2424 2981 2482 3030 et
2510 2972 2732 3030 Attidis
2762 2972 2932 3030 initia
2961 2991 3036 3030 ex
3066 2972 3315 3030 vetustis
3346 2972 3753 3030 monumentis
3784 2991 3972 3047 nuper
3999 2972 4256 3030 Tornaci
4286 2972 4484 3040 erutis,

706 3068 979 3126 Venetiis
1012 3068 1187 3136 1624,
1214 3068 1276 3125 in
1299 3069 1356 3136 4,
1384 3068 1510 3143 fig.,
1537 3070 1625 3126 M.
1654 3069 1750 3127 98.

691 3165 826 3222 Con
863 3164 899 3222 6
936 3165 1136 3222 tavole
1172 3164 1235 3221 in
1269 3183 1433 3222 rame
1470 3164 1531 3222 di
1568 3164 1932 3222 nitidissima
1967 3164 2345 3222 esecuzione.
2387 3165 2702 3239 Opuscolo
2738 3164 3018 3239 prezioso
3056 3173 3439 3239 quantunque
3476 3165 3879 3239 l’argomento
3919 3164 3968 3222 si
4004 3164 4158 3222 trovi
4194 3164 4487 3222 illustrato

705 3260 1202 3335 posteriormente
1256 3261 1354 3318 dal
1407 3260 1691 3318 Paciaudi
1745 3261 1905 3318 nella
1959 3279 2066 3318 sua
2115 3263 2572 3324 Dissertazione
2626 3260 2722 3318 sul
2774 3260 2936 3318 culto
2990 3261 3053 3318 di
3109 3260 3318 3318 Cibele
3375 3260 3585 3331 (Vedi)
3641 3279 3674 3318 e
3727 3261 3804 3318 da
3855 3260 4197 3318 Domenico
4253 3260 4483 3335 Giorgi,

704 3358 1128 3429 Interpretatio
1164 3358 1280 3413 Vet.
1316 3358 1481 3413 Mon.
1522 3358 1580 3413 in
1611 3375 1765 3429 agro
1794 3358 2108 3413 Lanuvino
2139 3356 2359 3413 deteeti
2389 3374 2422 3413 e
2453 3356 2530 3413 da
2558 3355 2795 3430 Filippo
2825 3355 3154 3413 Tomasino
3188 3355 3417 3426 (Vedi).
3451 3357 3561 3413 Ma
3589 3355 3632 3412 il
3662 3355 3944 3430 Pignoria
3971 3356 4312 3430 precedette
4342 3364 4487 3413 tutte

707 3460 915 3526 queste
939 3451 1205 3509 ulteriori
1230 3470 1412 3526 opere
1437 3470 1470 3509 e
1494 3451 1704 3509 merita
1727 3452 1785 3509 la
1806 3451 2240 3509 riconoscenza
2263 3452 2423 3509 dalla
2444 3451 2747 3526 posterità.

476 3644 655 3701 3310.
687 3645 929 3711 FINALI,
962 3643 1204 3701 Notizie
1235 3644 1333 3701 del
1364 3643 1687 3711 cenotafio,
1721 3643 2109 3701 denominato
2140 3644 2302 3701 Arco
2334 3644 2429 3701 de’
2468 3643 2647 3701 Gavii
2678 3643 2969 3701 demolito
3000 3643 3062 3700 in
3091 3645 3335 3701 Verona
3364 3644 3462 3701 nel
3493 3662 3660 3701 mese
3691 3643 3752 3701 di
3784 3652 3995 3718 agosto
4034 3643 4209 3711 1805,
4241 3643 4489 3701 Brescia

714 3739 889 3807 1805,
915 3739 977 3796 in
1004 3740 1056 3797 8.

476 3931 655 3988 3311.
688 3932 1087 3988 PLACENTINI
1118 3930 1413 4005 Gregorii,
1447 3932 1541 3988 De
1574 3931 1849 4005 sepulcro
1880 3930 2196 3988 Benedicti
2226 3932 2311 3987 IX
2341 3930 2404 3987 in
2433 3931 2661 4005 templo
2693 3930 3040 3988 monasterii
3072 3931 3633 4005 Cryptae—Ferratae
3664 3931 3919 3998 detecto,
3953 3930 4222 3998 diatriba,
4255 3932 4486 3988 Romae

714 4027 889 4094 1747,
915 4026 977 4083 in
1000 4027 1057 4094 4,
1085 4026 1211 4101 fig.,
1238 4028 1326 4084 M.
1355 4027 1452 4084 27.

703 4123 819 4180 Col
842 4122 1066 4180 ritratto
1091 4122 1153 4179 in
1175 4122 1473 4197 principio
1499 4141 1532 4180 e
1557 4123 1673 4180 due
1697 4123 1897 4180 tavole
1921 4122 1983 4179 in
2005 4141 2170 4180 rame
2195 4141 2228 4180 e
2252 4141 2371 4180 una
2393 4123 2595 4180 tavola
2618 4122 3108 4180 coll’iscrizione.

476 4315 655 4372 3312.
682 4316 1126 4372 PONTEDERAE
1149 4314 1307 4382 Iulii,
1335 4314 1777 4389 Antiquitatum
1801 4314 2134 4382 latinarum,
2162 4333 2629 4389 graecarumque
2654 4314 3078 4382 enarrationes;
3107 4323 3282 4389 atque
3307 4314 3760 4372 emendationes
3784 4314 4143 4389 praecipuae
4169 4315 4244 4372 ad
4269 4314 4486 4372 veteris

708 4410 845 4468 anni
868 4410 1165 4468 rationem
1188 4410 1521 4478 attinentes,
1548 4410 1776 4468 Patavii
1808 4411 1983 4478 1740,
2010 4410 2072 4467 in
2095 4411 2151 4468 4.

476 4602 655 4659 3313.
682 4603 903 4659 PORTII
929 4601 1214 4669 Simonis,
1241 4603 1335 4659 De
1358 4620 1556 4659 rerum
1578 4601 1938 4659 naturalium
1959 4601 2289 4676 principiis,
2316 4601 2578 4676 Neapoli
2610 4601 2783 4659 1561.
2817 4603 2894 4676 [p.
2930 4602 3066 4671 124]

710 4733 793 4737 —
815 4698 914 4754 An
938 4697 1123 4755 homo
1147 4698 1343 4755 bonus
1369 4698 1466 4755 vel
1491 4698 1685 4755 malus
1712 4698 1924 4755 voleus
1950 4697 2074 4765 fiat,
2102 4697 2445 4772 disputatio,
2472 4697 2807 4755 Florentiae
2839 4697 3012 4755 1551.

710 4829 793 4833 —
815 4795 909 4851 De
933 4793 1195 4851 humana
1218 4802 1417 4851 mente
1442 4793 1786 4868 disputatio,
1813 4793 2147 4851 Florentiae
2179 4793 2353 4851 1551.

710 4925 793 4929 —
815 4891 909 4947 De
934 4889 1239 4947 coloribus
1265 4890 1597 4957 oculorum,
1625 4889 1960 4947 Florentiae
1992 4889 2166 4947 1550.

710 5021 793 5025 —
815 4987 909 5043 De
934 4986 1162 5053 dolore,
1189 4985 1523 5043 Florentiae
1555 4985 1728 5043 1551.

710 5116 793 5120 —
815 5082 909 5138 De
932 5081 1135 5155 puella
1158 5080 1503 5155 germanica
1526 5099 1679 5155 quae
1704 5080 1830 5138 fere
1853 5080 2167 5138 biennium
2190 5080 2419 5138 vixerat
2444 5080 2572 5138 sine
2597 5080 2736 5138 cibo
2760 5089 3044 5155 potuque,
3071 5080 3405 5138 Florentiae
3437 5080 3506 5138 15
3515 5080 3548 5138 5
3563 5081 3611 5138 1.

710 5212 793 5216 —
815 5178 909 5234 De
934 5176 1410 5251 conflagratione
1436 5176 1561 5251 agri
1584 5176 1910 5251 puteolani,
1937 5176 2271 5234 Florentiae
2303 5176 2477 5234 1561.

711 5274 888 5330 Tutto
921 5273 954 5330 è
983 5272 1201 5330 riunito
1233 5272 1295 5329 in
1325 5291 1406 5330 un
1437 5273 1683 5330 volume
1715 5291 1748 5330 e
1780 5272 1863 5347 gli
1895 5272 2173 5347 opuscoli
2207 5272 2482 5347 stampati
2515 5291 2549 5330 a
2578 5272 2825 5330 Firenze
2859 5291 3009 5330 sono
3042 5273 3140 5330 del
3170 5272 3541 5330 Torrentino.
3576 5273 3924 5347 Esemplare
3954 5272 4293 5330 bellissimo
4326 5291 4359 5330 e
4391 5272 4488 5330 dei

705 5368 810 5443 più
834 5368 1071 5443 copiosi
1096 5368 1157 5426 di
1182 5368 1376 5443 questi
1401 5368 1679 5443 opuscoli
1707 5368 2009 5443 singolari.

476 5560 655 5617 3314.
686 5561 1021 5617 PROCOPIO
1050 5559 1424 5627 Cesariense,
1456 5560 1633 5617 Delle
1662 5578 1871 5634 guerre
1900 5559 1961 5617 di
1991 5559 2373 5617 Giustiniano
2403 5568 2612 5617 contro
2641 5559 2661 5616 i
2688 5559 2949 5634 persiani
2978 5578 3011 5617 e
3040 5568 3248 5617 contro
3277 5559 3297 5616 i
3326 5559 3586 5627 vandali,
3618 5559 4020 5634 volgarizzate
4049 5560 4126 5617 da
4152 5560 4487 5617 Benedetto

706 5655 859 5730 Egio
885 5656 962 5713 da
987 5655 1235 5730 Spoleti,
1262 5655 1549 5723 Venezia,
1584 5655 1758 5723 1547,
1785 5655 1847 5712 in
1874 5656 1927 5723 8,
1953 5674 2060 5730 per
2082 5655 2314 5713 Michel
2337 5655 2750 5713 Tramezzino.

701 5787 784 5791 —
806 5751 1200 5826 Aggiuntovi:
1229 5752 1277 5808 Il
1302 5751 1455 5809 libro
1481 5751 1643 5826 degli
1668 5751 1899 5809 edifizii
1924 5751 1985 5809 di
2011 5751 2394 5809 Giustiniano
2419 5751 2795 5826 imperatore,
2822 5751 3093 5809 Venezia
3123 5751 3298 5819 1547,
3325 5751 3387 5808 in
3414 5752 3466 5809 8.

705 5848 869 5905 Sono
897 5848 1193 5905 amendue
1218 5847 1238 5904 i
1265 5847 1400 5905 libri
1426 5866 1543 5905 con
1569 5847 1824 5905 dediche
1853 5856 2120 5922 separate
2145 5847 2424 5905 intitolati
2451 5848 2507 5905 al
2533 5848 2723 5905 molto
2750 5847 3083 5922 magniﬁco
3109 5849 3197 5905 M.
3228 5847 3366 5905 Gio.
3398 5848 3664 5905 Soranzo
3691 5866 3724 5905 e
3753 5847 4028 5922 stampati
4055 5866 4172 5905 con
4198 5848 4488 5922 eleganza

707 5943 768 6001 di
792 5943 917 6018 tipi.

476 6134 655 6192 3315.
693 6135 1157 6206 QUATREMERE
1189 6135 1264 6192 de
1298 6134 1537 6206 Quinci,
1573 6134 1823 6192 Recueil
1857 6135 1932 6192 de
1966 6134 2377 6192 dissértations
2414 6153 2512 6192 sur
2544 6134 2857 6192 differents
2894 6135 3076 6209 sujets
3111 6134 3486 6209 d’antiquité,
3522 6134 3704 6202 Paris,
3747 6135 3921 6202 1817,
3957 6135 4032 6192 de
4066 6134 4486 6209 l’Imprimerie

706 6231 956 6305 Royale,
983 6230 1046 6287 in
1069 6231 1126 6298 4,
1154 6230 1258 6305 fig.

706 6328 792 6384 La
817 6326 1193 6384 descrizione
1220 6327 1382 6384 dello
1412 6327 1600 6384 scudo
1628 6326 1689 6384 di
1716 6326 1974 6384 Achille.
2005 6328 2091 6384 La
2117 6345 2291 6384 corsa
2317 6335 2540 6384 armata
2566 6345 2599 6384 e
2627 6326 2710 6401 gli
2738 6326 3144 6401 oplitodromi.
3174 6327 3222 6383 Il
3249 6345 3416 6384 carro
3444 6326 3712 6384 funerale
3741 6326 3852 6384 che
3878 6327 4171 6401 trasportò
4198 6326 4260 6383 in
4286 6326 4486 6401 Egitto

706 6422 749 6479 il
777 6441 963 6497 corpo
992 6422 1053 6480 di
1081 6423 1469 6480 Alessandro.
1500 6423 1548 6479 Il
1574 6441 1724 6497 rogo
1754 6422 1815 6480 di
1842 6422 2171 6480 Efestione.
2202 6423 2250 6479 Il
2278 6423 2464 6480 modo
2493 6441 2610 6480 con
2637 6422 2735 6480 cui
2764 6441 2944 6480 erano
2972 6422 3293 6480 illuminati
3321 6422 3341 6479 i
3368 6422 3578 6497 templi
3607 6423 3702 6480 de’
3739 6422 3901 6497 greci
3929 6441 3962 6480 e
3991 6423 4086 6480 de’
4119 6422 4370 6480 romani.
4403 6424 4489 6480 La

2171 6657 2347 6694 WWW.
2358 6637 2734 6710 memofonte.
2748 6639 2766 6694 i
2770 6648 2791 6694 t
