4958 7017
1981 864 2366 922 Fondazione
2390 841 2775 922 Mernofonte
2800 865 2976 922 onlus

1390 960 1600 1018 Studio
1624 979 1731 1035 per
1754 960 2226 1018 l’elaborazione
2250 960 2632 1018 informatica
2655 961 2813 1018 delle
2838 960 2991 1018 fonti
3018 960 3571 1018 storico—artistiche

487 1251 694 1320 1640.
728 1253 1047 1320 DUTENS
1074 1251 1474 1333 Lodovico,
1509 1251 1808 1341 Origine
1839 1251 1965 1320 des
1997 1251 2467 1320 decouvertes
2501 1251 2881 1320 attribuées
2914 1273 3052 1320 aux
3082 1251 3487 1333 modernes,
3521 1251 3715 1320 Paris
3755 1251 3963 1333 1786,
3996 1251 4140 1320 vol.
4175 1252 4241 1333 2,
4274 1251 4348 1319 in
4381 1252 4443 1320 8.

711 1362 1004 1420 Edizione
1031 1363 1295 1420 seconda
1319 1371 1658 1420 aumentata
1681 1362 2305 1420 considerabilmente.
2333 1364 2400 1419 In
2424 1363 2812 1437 quest’opera
2835 1363 2868 1420 è
2892 1363 3199 1420 un’estesa
3222 1362 3401 1437 copia
3424 1362 3485 1420 di
3510 1362 3783 1420 dottrine.

479 1558 686 1627 1641.
740 1560 1291 1627 EISENCHMIDII
1334 1560 1441 1627 Jo.
1497 1559 1743 1648 Gasp.,
1797 1560 1910 1627 De
1959 1558 2399 1648 ponderibus
2453 1569 2522 1627 et
2570 1558 2925 1627 mensuris
2977 1569 3302 1627 veterum
3351 1560 3869 1640 Romanorum,
3924 1559 4370 1627 Graecorum
4420 1569 4489 1627 et

712 1673 1228 1755 Haebreorum,
1261 1695 1395 1742 nec
1425 1695 1571 1742 non
1601 1673 1690 1742 de
1720 1673 1965 1742 valore
1993 1673 2345 1763 pecuniae
2374 1673 2658 1755 veteris,
2692 1673 3127 1763 disquisitio,
3159 1673 3614 1763 Argentorati
3653 1674 3862 1755 1737,
3895 1673 3969 1741 in
4002 1674 4065 1755 8,
4098 1673 4224 1763 fig.

479 1884 686 1953 1642.
720 1886 1398 1953 EXERCITATIONES
1427 1884 1632 1953 duae:
1671 1884 1888 1953 altera
1917 1884 2007 1953 de
2036 1884 2442 1974 praecipuis
2474 1895 2798 1953 veterum
2827 1886 3324 1953 Romanorum
3356 1884 3759 1953 sacrificiis:
3798 1884 4015 1953 altera
4044 1884 4133 1953 de
4163 1884 4488 1974 ipsorum

712 1999 979 2089 nuptiis
1011 2021 1100 2068 ex
1129 1999 1657 2089 probatissimis
1691 1999 2153 2089 scriptoribus
2185 2010 2583 2089 excerptae,
2616 1999 2690 2067 in
2724 2000 2787 2081 8,
2819 2001 2925 2068 M.
2960 1999 3075 2068 55.

711 2112 966 2168 Estratto
992 2111 1069 2168 da
1092 2110 1346 2185 qualche
1369 2111 1649 2178 raccolta,
1677 2110 1774 2168 cui
1799 2129 2014 2168 manca
2037 2129 2117 2168 un
2139 2110 2335 2185 primo
2362 2110 2773 2185 frontespizio.

479 2305 686 2374 1643.
725 2307 968 2373 FARRI
995 2305 1391 2374 Alexandri
1427 2305 1772 2387 Patavini,
1811 2305 2279 2374 Diversarum
2313 2305 2689 2374 nationum
2724 2316 3011 2374 ornatus
3049 2327 3217 2374 cum
3254 2305 3401 2374 suis
3438 2305 3794 2387 iconibus,
3833 2305 4125 2374 Padova
4167 2305 4375 2387 1593,
4414 2305 4488 2373 in

716 2421 779 2502 8,
812 2420 956 2489 vol.
992 2421 1057 2502 3,
1090 2420 1216 2510 fig.

713 2532 940 2603 Questa
967 2550 1097 2589 rara
1125 2550 1158 2589 e
1188 2531 1441 2606 copiosa
1469 2531 1808 2589 collezione
1838 2532 2205 2606 comprende
2235 2532 2420 2589 molte
2453 2531 2604 2589 serie
2634 2531 2695 2589 di
2726 2531 2985 2589 costumi
3015 2531 3076 2589 di
3107 2531 3232 2589 vari
3260 2531 3489 2606 popoli.
3530 2532 3644 2589 104
3674 2540 3789 2589 tav.
3823 2532 4189 2606 comprende
4219 2531 4262 2588 il
4290 2531 4486 2606 primo

712 2628 957 2685 volume
989 2627 1151 2702 cogli
1184 2627 1327 2685 abiti
1359 2627 1457 2685 dei
1487 2627 1698 2702 popoli
1729 2627 1928 2685 veneti
1960 2628 2036 2685 ed
2067 2627 2357 2685 orientali.
2392 2628 2440 2684 Il
2474 2628 2740 2685 secondo
2772 2627 3049 2685 contiene
3081 2627 3340 2685 costumi
3372 2627 3433 2685 di
3465 2627 3590 2685 vari
3620 2627 3831 2702 popoli
3862 2627 3924 2684 in
3954 2646 4204 2685 numero
4237 2627 4298 2685 di
4330 2627 4490 2685 circa

719 2724 833 2781 100
867 2724 1084 2781 tavole.
1121 2724 1169 2780 Il
1201 2732 1364 2781 terzo
1399 2724 1643 2781 volume
1676 2723 1754 2781 ha
1784 2742 1891 2798 per
1922 2723 2094 2781 titolo
2127 2724 2359 2781 additio
2393 2724 2476 2781 ad
2506 2724 2660 2781 duos
2693 2726 3041 2797 superiores
3076 2723 3265 2781 libros
3298 2724 3373 2781 de
3408 2724 3714 2781 habitibus
3746 2724 4122 2781 diversamm
4155 2726 4485 2791 nationum,

712 2828 1030 2894 composto
1056 2819 1117 2877 di
1142 2819 1304 2877 varie
1331 2819 1482 2877 serie
1507 2838 1540 2877 e
1565 2819 1626 2877 di
1651 2819 1891 2877 diverso
1916 2819 2166 2894 intaglio
2192 2838 2309 2877 con
2334 2820 2477 2877 altre
2509 2820 2623 2877 100
2648 2820 2866 2887 tavole,
2894 2819 2955 2877 di
2978 2838 3108 2877 rara
3131 2838 3164 2877 e
3187 2820 3349 2877 bella
3372 2819 3749 2877 esecuzione.

722 2981 821 2986 —
846 2940 1089 3006 FABRI
1114 2938 1298 3007 Petri
1331 2938 1838 3028 Agonisticon,
1874 2938 2020 3007 live
2053 2938 2142 3007 de
2174 2960 2248 3007 re
2283 2938 2636 3020 athletica,
2680 2940 2773 3028 [p.
2811 2939 2982 3021 284]
3022 2938 3357 3028 ludisque
3389 2938 3706 3007 veterani
3741 2938 4123 3028 gymnicis,
4160 2938 4483 3020 musicis,

725 3053 1167 3122 circensibus
1199 3064 1356 3135 etc.,
1390 3075 1572 3143 opus
1602 3053 2071 3135 tassellatum,
2104 3053 2437 3143 Lugduni
2476 3053 2684 3135 1693,
2718 3053 2792 3121 in
2820 3054 2887 3122 4.

711 3164 1218 3222 Laboriosissima
1241 3183 1425 3239 opera
1446 3183 1553 3239 per
1576 3165 1634 3222 la
1657 3173 1825 3222 vasta
1850 3183 1957 3222 sua
1980 3164 2327 3222 erudizione
2351 3173 2521 3222 tratta
2546 3164 2975 3239 specialmente
3000 3164 3098 3222 dei
3123 3164 3364 3222 classici
3389 3164 3568 3239 greci.

483 3359 690 3428 1644.
726 3361 1065 3428 FABRIUS
1102 3359 1397 3428 Gabriel
1434 3359 1503 3428 le
1540 3361 1623 3428 R.
1665 3361 1860 3441 Pere,
1901 3359 2356 3428 Recherches
2399 3381 2517 3428 sur
2552 3359 2898 3449 l’epoque
2936 3359 3026 3428 de
3063 3359 3521 3449 l’équitation
3559 3370 3628 3428 et
3664 3359 3754 3428 de
3791 3359 4076 3449 l’usage
4114 3359 4241 3428 des
4281 3359 4485 3428 chars

713 3485 1077 3564 equestres
1109 3474 1286 3543 chez
1317 3474 1422 3543 les
1455 3474 1747 3543 anciens
1779 3485 1936 3556 etc.,
1971 3475 2011 3543 a
2037 3474 2412 3543 Marseille
2442 3485 2511 3543 et
2540 3475 2580 3543 à
2607 3476 2843 3543 Rome
2881 3474 3089 3556 1764,
3122 3474 3266 3543 vol.
3301 3475 3367 3556 2,
3400 3474 3474 3542 in
3507 3475 3569 3543 8.

483 3685 690 3754 1645.
728 3687 970 3754 FANTI
999 3685 1471 3775 Sigismondo
1506 3685 1872 3767 ferrarese,
1910 3685 2305 3775 Triompho
2341 3685 2413 3754 di
2448 3685 2754 3767 fortuna,
2792 3685 3125 3775 Vinegia,
3162 3707 3289 3775 per
3320 3685 3635 3775 Agostin
3670 3685 3761 3754 da
3793 3687 4104 3767 Portese,
4151 3685 4359 3767 1527,
4399 3685 4488 3754 ad

712 3800 988 3869 istanza
1016 3800 1088 3869 di
1116 3802 1418 3869 Jacomo
1449 3800 1718 3869 Giunta
1745 3811 2179 3869 mercatante
2208 3800 2618 3869 fiorentino.

713 3912 1117 3986 Quest’opera
1144 3912 1177 3969 è
1206 3920 1522 3986 composta
1549 3911 1610 3969 di
1638 3912 1838 3969 tavole
1867 3911 1928 3969 di
1957 3911 2201 3986 giuochi
2230 3930 2263 3969 e
2292 3911 2353 3969 di
2382 3911 2576 3986 figure
2604 3911 2666 3968 in
2697 3911 2996 3986 singolare
3025 3930 3058 3969 e
3089 3920 3285 3969 strano
3315 3912 3500 3969 modo
3530 3911 3844 3979 delineate,
3876 3912 3952 3969 ed
3979 3911 4169 3969 incise
4197 3911 4259 3968 in
4287 3912 4484 3986 legno.

711 4007 1044 4065 Rarissimo
1071 4008 1104 4065 e
1130 4016 1404 4065 trovarne
1430 4007 1751 4082 esemplari
1777 4007 2132 4065 conservati.
2163 4007 2477 4065 Contiensi
2503 4007 2566 4064 in
2591 4016 2805 4082 questo
2832 4007 2985 4065 libro
3012 4008 3070 4065 la
3092 4007 3351 4082 risposta
3376 4026 3410 4065 a
3434 4008 3507 4065 71
3540 4008 3860 4075 domande,
3889 4008 3947 4065 la
3971 4007 4068 4065 cui
4093 4008 4296 4065 tavola
4319 4007 4382 4064 in
4414 4008 4486 4065 10

712 4103 971 4178 foglietti
994 4104 1252 4178 precede
1277 4104 1333 4161 le
1361 4112 1590 4178 stampe
1616 4122 1649 4161 e
1674 4104 1730 4161 le
1756 4103 1853 4161 cui
1877 4103 2134 4178 risposte
2162 4122 2312 4161 sono
2338 4104 2556 4161 dettate
2582 4103 2680 4161 dai
2703 4103 2960 4178 principi
2985 4103 3464 4178 dell’astrologia
3488 4103 3858 4178 giudiziaria.
3886 4105 3911 4160 I
3935 4112 4020 4161 tre
4043 4103 4221 4178 primi
4247 4103 4400 4178 fogli
4425 4103 4486 4161 di

711 4200 911 4257 tavole
941 4208 1324 4274 contengono
1355 4200 1411 4257 le
1448 4200 1520 4256 12
1551 4199 1786 4257 fortune
1816 4200 1914 4257 col
1942 4199 2137 4257 rinvio
2169 4200 2284 4257 alle
2314 4218 2453 4257 case
2481 4199 2761 4274 primarie
2791 4200 2849 4257 d’
2885 4199 3055 4257 Italia
3083 4218 3356 4274 espresse
3385 4199 3447 4256 in
3483 4200 3555 4256 12
3583 4199 3833 4274 palazzi.
3867 4199 4268 4257 Cominciano
4297 4199 4402 4274 poi
4432 4200 4488 4257 le

712 4295 906 4370 figure
947 4296 1105 4353 delle
1146 4296 1448 4353 domande
1489 4314 1522 4353 e
1561 4295 1818 4370 risposte
1859 4296 1957 4353 dal
1998 4295 2192 4370 foglio
2241 4296 2265 4352 1
2314 4296 2369 4353 al
2417 4296 2549 4353 128.
2593 4295 2883 4353 L’ultimo
2925 4295 3203 4353 contiene
3244 4296 3302 4353 la
3341 4314 3543 4353 marca
3582 4296 3680 4353 del
3722 4295 3929 4353 Giunti
3970 4314 4003 4353 e
4043 4295 4086 4352 il
4125 4295 4395 4370 registro.
4439 4296 4487 4352 Il

712 4390 1104 4465 frontespizio
1134 4391 1167 4448 e
1197 4390 1474 4465 figurato,
1506 4390 1696 4448 dietro
1727 4409 1761 4448 a
1788 4391 1991 4465 quello
2021 4391 2054 4448 e
2082 4390 2125 4447 il
2152 4390 2473 4465 privilegio
2503 4409 2536 4448 e
2565 4390 2783 4465 cinque
2812 4390 3071 4465 foglietti
3100 4390 3161 4448 di
3188 4390 3463 4465 proemio
3493 4409 3526 4448 e
3555 4390 3616 4448 di
3643 4391 3866 4465 regole.
3898 4391 3946 4447 Il
3975 4391 4220 4448 volume
4248 4390 4311 4447 in
4338 4399 4487 4448 tutto

712 4487 865 4544 deve
894 4505 1093 4544 essere
1122 4486 1183 4544 di
1212 4486 1364 4561 fogli
1400 4487 1532 4544 148.
1564 4487 1681 4544 Nel
1710 4486 2102 4561 frontespizio
2130 4486 2312 4561 pieno
2342 4486 2403 4544 di
2432 4495 2607 4561 gusto
2637 4505 2670 4544 e
2697 4486 2966 4544 bizzarra
2993 4486 3248 4544 fantasia
3275 4487 3308 4544 e
3336 4486 3398 4543 in
3426 4505 3544 4544 una
3570 4487 3774 4544 tavola
3801 4487 3859 4544 la
3886 4505 4087 4544 marca
4113 4488 4155 4544 I.
4187 4488 4275 4544 M.
4307 4488 4488 4544 Forse

713 4582 1017 4640 Giovanni
1063 4582 1481 4657 Bonconsigli,
1531 4583 1693 4640 detto
1742 4582 1930 4640 anche
1976 4583 2375 4650 Marescalco,
2423 4583 2714 4657 potrebbe
2761 4601 2901 4640 aver
2948 4591 3195 4657 segnato
3242 4582 3285 4639 il
3334 4601 3442 4640 suo
3489 4601 3671 4640 nome
3718 4582 3865 4640 cosi.
3917 4583 4146 4654 Questo
4192 4582 4408 4657 pittore
4455 4601 4488 4640 e

712 4678 1092 4753 disegnatore
1122 4679 1358 4736 valente
1386 4697 1689 4753 pervenne
1720 4678 1880 4736 circa
1909 4697 1943 4736 a
1971 4679 2275 4753 quell’età,
2306 4678 2540 4736 benché
2570 4679 2626 4736 le
2656 4678 2948 4736 memorie
2976 4678 3353 4753 biografiche
3382 4697 3505 4736 non
3534 4678 3590 4736 ci
3622 4697 4002 4746 soccorrano;
4034 4697 4133 4736 ma
4164 4697 4227 4736 se
4255 4697 4362 4753 per
4390 4678 4487 4736 ciò

712 4774 823 4832 che
847 4774 1125 4849 riguarda
1149 4775 1207 4832 la
1233 4774 1605 4849 spiegazioni
1631 4775 1790 4832 delle
1816 4774 2056 4832 marche
2083 4775 2421 4832 anderebbe
2445 4775 2600 4832 bene
2626 4774 2682 4832 ci
2710 4775 2946 4832 sembra
2968 4775 3114 4849 però
3141 4774 3252 4832 che
3278 4775 3338 4832 lo
3367 4774 3499 4832 stile
3525 4775 3683 4832 delle
3708 4774 3990 4832 incisioni
4016 4774 4077 4832 di
4103 4775 4490 4849 quest’opera

714 4870 802 4928 sia
823 4870 928 4945 più
952 4870 1142 4928 libero
1168 4870 1229 4928 di
1254 4871 1457 4945 quello
1483 4870 1594 4928 che
1621 4870 1670 4928 si
1693 4870 2010 4928 riconosce
2034 4871 2192 4928 nelle
2217 4889 2399 4945 opere
2424 4870 2485 4928 di
2508 4871 2792 4945 pennello
2818 4870 2879 4928 di
2904 4879 3116 4945 questo
3142 4879 3418 4928 maestro.

487 5065 694 5134 1646.
735 5067 1049 5134 FAUSTO
1083 5065 1174 5134 da
1209 5065 1610 5155 Longiano,
1651 5065 1863 5134 Delle
1900 5087 2151 5147 nozze,
2190 5076 2469 5134 trattato
2506 5065 2580 5133 in
2618 5065 2734 5134 cui
2775 5065 2834 5134 si
2871 5065 3187 5155 leggono
3225 5065 3248 5133 i
3285 5065 3420 5147 riti,
3462 5065 3794 5147 costumi,
3836 5065 4230 5134 cerimonie
4268 5087 4371 5134 ec.
4414 5065 4486 5134 di

713 5180 979 5249 diversi
1009 5180 1261 5270 popoli
1293 5180 1482 5249 onde
1515 5180 1574 5249 si
1608 5202 1788 5249 sono
1813 5180 1998 5249 tratti
2029 5180 2235 5249 molti
2265 5180 2644 5270 problemi,
2679 5180 3077 5270 aggiuntivi
3108 5180 3131 5248 i
3161 5180 3456 5270 precetti
3487 5180 4000 5249 matrimoniali
4032 5180 4104 5249 di
4135 5180 4484 5262 Plutarco,

712 5295 1037 5364 Venezia
1063 5317 1189 5385 per
1216 5295 1451 5364 Plinio
1481 5295 1712 5364 Pietra
1742 5296 1979 5377 Santa,
2021 5295 2229 5377 1554,
2262 5295 2336 5363 in
2364 5296 2431 5364 4.

711 5407 759 5463 Il
791 5406 1027 5464 libretto
1060 5407 1535 5481 elegantemente
1570 5415 1865 5481 stampato
1898 5425 1931 5464 e
1961 5425 2092 5464 raro
2125 5425 2242 5464 con
2273 5406 2665 5481 frontespizio
2698 5406 2975 5481 figurato,
3010 5407 3043 5464 e
3075 5406 3353 5464 dedicato
3387 5406 3901 5464 all’illustrissima
3934 5407 3991 5464 S.
4026 5406 4302 5481 Virginia
4334 5407 4391 5464 S.
4427 5406 4488 5464 di

711 5502 1048 5560 Piombino.
1077 5502 1374 5560 Contiene
1398 5502 1460 5559 in
1483 5511 1632 5560 tutto
1659 5502 2057 5577 ventiquattro
2083 5502 2359 5577 foglietti.

487 5717 694 5786 1647.
727 5719 1097 5785 FERRARII
1120 5717 1431 5799 Octavii,
1464 5719 1576 5786 De
1604 5739 1678 5786 re
1707 5717 2044 5786 vestiaria
2071 5717 2233 5786 libri
2266 5728 2486 5807 septe,
2519 5717 2792 5786 Patavii
2831 5717 3039 5799 1664,
3072 5717 3146 5785 in
3174 5718 3242 5799 4,
3275 5717 3401 5807 fig.

711 5833 1025 5922 L’opera
1058 5833 1097 5901 è
1131 5832 1367 5901 divisa
1398 5832 1472 5900 in
1506 5832 1646 5901 due
1678 5832 1858 5922 parti
1891 5832 2090 5901 unita
2121 5832 2195 5900 in
2227 5854 2324 5901 un
2357 5832 2653 5901 volume
2687 5854 2827 5901 con
2869 5833 2952 5901 18
2988 5832 3229 5901 tavole
3263 5832 3335 5901 di
3369 5832 3737 5901 mediocre
3771 5832 4092 5922 intaglio.
4131 5832 4489 5901 Intitolata

712 5961 1056 6016 aetemae
1092 5950 1521 6017 Venetorum
1547 5947 2000 6035 Reipublica.
2034 5948 2379 6016 L’untore
2408 5969 2554 6016 non
2584 5947 2768 6016 ebbe
2797 5947 2849 6015 il
2879 5947 3073 6016 dono
3104 5947 3295 6016 della
3321 5947 3665 6037 profezia.

477 6160 570 6248 [p.
605 6158 776 6241 285]

479 6368 686 6437 1648.
729 6370 1127 6437 FERRARIO
1163 6368 1435 6450 Giulio,
1478 6368 1618 6437 Del
1658 6379 1986 6437 costume
2027 6368 2264 6437 antico
2305 6390 2344 6437 e
2383 6368 2733 6437 moderno
2774 6368 2846 6437 di
2885 6368 3043 6437 tutti
3083 6368 3106 6436 i
3144 6368 3418 6458 popoli,
3459 6368 3744 6437 Milano
3784 6368 3931 6437 i8i5
3975 6368 4049 6436 in
4086 6369 4163 6436 4-
4206 6390 4303 6458 gr.
4348 6390 4488 6437 con

2171 6657 2347 6694 WWW.
2358 6637 2734 6710 memofonte.
2748 6639 2791 6694 il
