4958 7017
1981 864 2366 922 Fondazione
2390 864 2775 922 Memofonte
2800 865 2976 922 onlus

1390 960 1600 1018 Studio
1624 979 1731 1035 per
1754 960 2226 1018 l’elaborazione
2250 960 2632 1018 informatica
2655 961 2813 1018 delle
2838 960 2991 1018 fonti
3018 960 3571 1018 storico—artistiche

697 1283 780 1287 —
802 1247 1058 1305 Litterae
1084 1247 1454 1322 apostolicae
1478 1247 1794 1305 Benedicti
1818 1249 1963 1305 XIV
1988 1247 2204 1322 quibus
2229 1248 2413 1305 tutela
2439 1247 2759 1322 suscipitur
2783 1247 3094 1322 antiquum
3116 1247 3278 1305 urbis
3303 1247 3628 1315 Pantheon,
3655 1249 3888 1305 Romae
3920 1247 4095 1315 1757,
4122 1247 4184 1304 in
4207 1248 4264 1315 4,
4291 1249 4379 1305 M.
4408 1247 4462 1305 5.

476 1439 655 1497 3588.
693 1440 1124 1497 AUGUSTINUS
1162 1439 1482 1507 Antonius,
1522 1448 1580 1497 et
1613 1439 1858 1497 Fulvius
1894 1439 2168 1507 Ursinus,
2209 1439 2527 1514 scriptores
2564 1440 2684 1497 duo
2719 1439 3234 1514 praestantissimi,
3272 1441 3366 1497 De
3400 1458 3790 1497 romanorum
3824 1439 4120 1514 gentibus,
4159 1448 4217 1497 et
4251 1439 4520 1507 familiis,

698 1535 976 1610 Lugduni
1008 1535 1183 1603 1592,
1210 1535 1272 1592 in
1295 1536 1351 1593 4.

476 1726 655 1785 3589.
687 1728 900 1784 BACCI
926 1728 1116 1784 Mass.
1150 1727 1410 1794 Andrea,
1442 1727 1559 1784 Del
1588 1728 1835 1794 Tevere,
1868 1745 1901 1784 e
1931 1727 2091 1784 della
2118 1735 2340 1794 natura,
2373 1745 2406 1784 e
2434 1727 2619 1784 bontà
2647 1727 3007 1801 dell’acqua,
3040 1745 3073 1784 e
3103 1727 3261 1784 delle
3290 1726 3699 1784 inondazioni:
3734 1726 3869 1784 libri
3899 1727 4033 1794 due,
4065 1728 4279 1794 Roma,
4310 1745 4520 1801 presso

698 1822 1013 1880 Vincenzo
1038 1822 1367 1890 Lucchino,
1402 1822 1577 1890 1558,
1604 1822 1666 1879 in
1690 1831 1911 1880 ottavo.

698 1920 875 1986 Raro,
903 1937 936 1976 e
963 1918 1261 1993 singolare
1286 1918 1522 1976 libretto
1550 1927 1845 1993 stampato
1870 1918 1932 1975 in
1954 1918 2054 1976 bei
2079 1918 2348 1976 caratteri
2373 1918 2595 1976 corsivi
2620 1918 2845 1993 grandi.
2873 1919 3221 1993 Esemplare
3245 1918 3308 1975 in
3332 1937 3474 1976 mar.
3501 1919 3627 1976 rub.

479 2112 557 2185 [p.
593 2111 729 2180 170]

476 2301 655 2360 3590.
697 2303 941 2359 BANCK
976 2303 1062 2369 L.,
1104 2303 1270 2359 Taxa
1308 2301 1701 2359 cancelleriae
1739 2320 2023 2359 romanae
2062 2301 2124 2358 in
2163 2302 2364 2359 lucem
2402 2301 2643 2369 emissa,
2686 2310 2744 2359 et
2781 2301 2938 2359 notis
2978 2301 3283 2359 illustrata.
3327 2301 3585 2359 Accedit
3622 2301 3804 2359 index
3843 2301 4342 2359 latino—barbarus
4383 2320 4524 2359 cum

698 2397 898 2455 indice
922 2397 1231 2455 titulorum
1252 2416 1466 2465 rerum,
1494 2406 1552 2455 et
1576 2398 1914 2465 verborum,
1941 2397 2308 2455 Franekerae
2340 2397 2515 2465 1651,
2542 2397 2604 2454 in
2635 2398 2724 2455 12.

698 2493 879 2551 Libro
905 2494 1094 2551 molto
1123 2493 1422 2568 singolare
1445 2512 1552 2568 per
1575 2494 1997 2568 l’argomento,
2025 2512 2058 2551 e
2081 2512 2188 2568 per
2211 2512 2329 2551 una
2355 2493 2506 2551 serie
2532 2493 2593 2551 di
2619 2493 2854 2551 antiche
2879 2493 3292 2551 osservazioni
3316 2493 3553 2551 intorno
3580 2493 3636 2551 ai
3661 2493 3921 2551 costumi
3946 2493 4007 2551 di
4032 2495 4246 2561 Roma,
4274 2493 4385 2551 che
4413 2493 4462 2551 si
4488 2494 4521 2551 e

697 2608 833 2647 reso
857 2608 1007 2647 raro.

476 2781 655 2840 3591.
698 2783 942 2839 BANCK
978 2783 1064 2849 L.,
1107 2783 1304 2839 Roma
1342 2781 1732 2856 triumphans,
1778 2800 1884 2839 seu
1925 2790 2090 2839 actus
2131 2781 2657 2856 inaugurationum
2695 2790 2754 2839 et
2793 2781 3253 2839 coronationum
3290 2781 3656 2856 pontificum
3692 2800 4081 2839 romanorum
4120 2790 4178 2839 et
4216 2781 4278 2838 in
4320 2781 4523 2856 specie

698 2876 1032 2934 Innocentii
1056 2878 1113 2933 X
1136 2885 1299 2951 pont.
1328 2895 1484 2934 max.
1512 2876 1726 2934 Brevis
1752 2876 2076 2951 descriptio
2102 2885 2212 2934 etc.
2240 2876 2440 2934 Editio
2468 2877 2732 2934 secunda
2754 2876 2931 2951 triplo
2958 2876 3202 2944 auctior,
3229 2876 3595 2934 Franekerae
3627 2876 3802 2944 1656,
3829 2876 3891 2933 in
3922 2877 4013 2944 12,
4041 2876 4145 2951 fig.

698 2972 962 3030 Libretto
996 2991 1216 3030 ancora
1244 2972 1349 3047 più
1378 2991 1510 3030 raro
1543 2991 1576 3030 e
1611 2972 1910 3047 singolare
1942 2973 2040 3030 del
2070 2973 2429 3047 precedente
2459 2991 2566 3047 per
2596 2973 2783 3030 molte
2817 2972 3164 3047 singolarità
3195 2973 3293 3030 del
3324 2981 3497 3040 testo,
3532 2991 3565 3030 e
3597 2973 3756 3030 delle
3787 2973 3987 3030 tavole
4019 2972 4131 3030 che
4163 2972 4428 3030 trovansi
4459 2972 4522 3029 in

699 3068 824 3126 fine
860 3068 922 3125 in
958 3087 1208 3126 numero
1246 3068 1307 3126 di
1351 3068 1423 3126 16
1461 3087 1577 3126 ove
1616 3077 1825 3126 stanno
1863 3069 1919 3126 le
1956 3069 2262 3126 cavalcate
2297 3068 2614 3143 pontiﬁcie
2651 3069 2750 3126 col
2786 3077 2953 3126 treno
2991 3087 3078 3126 ec.
3120 3069 3286 3126 Oltre
3322 3068 3365 3125 il
3402 3068 3795 3143 frontespizio
3833 3068 4110 3143 figurato,
4150 3087 4183 3126 e
4219 3068 4262 3125 il
4297 3068 4521 3126 ritratto

699 3165 1110 3222 d’Innocenzo
1135 3166 1209 3222 X.

476 3355 655 3414 3592.
695 3357 1079 3423 BARBAULT,
1120 3357 1235 3413 Les
1272 3356 1408 3430 plus
1445 3356 1643 3413 beaux
1680 3374 2041 3413 monumens
2080 3356 2155 3413 de
2193 3357 2388 3413 Rome
2427 3355 2736 3423 ancienne,
2777 3374 2858 3413 ou
2893 3355 3118 3413 recueil
3156 3356 3262 3413 des
3299 3356 3435 3430 plus
3472 3356 3670 3413 beaux
3707 3374 4033 3413 morceaux
4070 3356 4145 3413 de
4183 3355 4521 3430 l’antiquité

697 3451 967 3509 romaine
992 3451 1095 3526 qui
1120 3451 1377 3509 existent
1400 3470 1637 3519 encore,
1665 3452 1877 3526 graves
1903 3470 1979 3509 en
2010 3452 2122 3509 128
2148 3451 2436 3526 planches
2463 3470 2610 3509 avec
2636 3452 2764 3509 leur
2787 3451 3171 3526 explication,
3199 3453 3412 3519 Rome,
3440 3451 3589 3509 chez
3613 3451 3935 3509 Bouchard
3959 3460 4017 3509 et
4042 3451 4309 3519 Gravier,
4344 3451 4519 3519 1761,

698 3547 760 3604 in
784 3547 889 3605 fol.

476 3739 655 3798 3593.
697 3741 1081 3807 BARBAULT,
1123 3739 1374 3797 Recueil
1414 3740 1489 3797 de
1529 3739 1727 3797 divers
1768 3758 2128 3797 monumens
2170 3739 2432 3807 anciens,
2473 3740 2770 3814 repandus
2811 3740 2958 3797 dans
2997 3739 3295 3814 plusieurs
3336 3739 3599 3797 endroits
3640 3740 3715 3797 de
3755 3739 3990 3807 l’Italie,
4033 3740 4245 3814 graves
4286 3758 4361 3797 en
4407 3739 4521 3797 166

697 3835 933 3910 planch.
960 3854 1113 3910 pour
1138 3835 1323 3893 servir
1346 3836 1421 3893 de
1448 3835 1599 3893 suite
1625 3854 1741 3893 aux
1765 3854 2125 3893 monumens
2151 3836 2226 3893 de
2250 3837 2464 3903 Rome,
2499 3836 2674 3903 1770,
2701 3835 2762 3892 in
2786 3835 2891 3893 fol.

476 4026 655 4085 3594.
682 4028 1066 4094 BARBAULT,
1093 4028 1482 4094 Monumens,
1511 4045 1774 4101 ouvrage
1799 4026 1902 4101 qui
1927 4026 2169 4084 contien
2193 4027 2314 4084 200
2338 4027 2533 4101 planc.
2563 4045 2709 4084 avec
2735 4027 2891 4084 leurs
2917 4026 3315 4101 explications
3341 4045 3416 4084 en
3441 4027 3677 4101 abregé,
3704 4028 3899 4084 Rome
3931 4027 4105 4084 1783.

476 4218 655 4277 3595.
683 4220 1067 4286 BARBAULT,
1095 4220 1262 4276 Vues
1290 4219 1396 4276 des
1421 4219 1557 4293 plus
1582 4219 1780 4276 beaux
1804 4227 1990 4276 restes
2017 4219 2124 4276 des
2152 4218 2470 4293 antiquités
2496 4218 2816 4286 romaines,
2845 4219 3016 4276 telles
3044 4218 3146 4293 qui
3175 4218 3499 4276 subsistent
3524 4237 3742 4276 encore
3769 4219 3803 4276 à
3826 4220 4040 4286 Rome,
4069 4227 4127 4276 et
4151 4237 4227 4276 en
4252 4218 4521 4276 diverses

699 4314 962 4372 endroits
988 4315 1063 4372 de
1088 4314 1323 4382 l’Italie,
1350 4316 1546 4372 Rome
1578 4315 1752 4372 1787.

698 4412 765 4467 In
789 4410 983 4485 questi
1008 4411 1125 4468 due
1149 4410 1345 4468 ultimi
1370 4410 1602 4468 volumi
1629 4429 1780 4468 sono
1804 4410 2056 4485 ripetute
2082 4411 2294 4468 alcune
2319 4411 2477 4468 delle
2501 4410 2785 4468 incisioni
2810 4410 2910 4485 già
2931 4410 3276 4485 pubblicate
3300 4410 3463 4485 negli
3489 4410 3618 4468 altri
3643 4411 3760 4468 due
3785 4411 3883 4468 del
3915 4410 4064 4468 1761
4096 4429 4129 4468 e
4161 4411 4316 4468 1770
4344 4429 4524 4468 senza

699 4505 810 4563 che
841 4524 1026 4580 possa
1058 4505 1202 4563 dirsi
1235 4505 1347 4563 che
1383 4505 1551 4563 siano
1585 4506 1702 4563 due
1736 4505 2000 4563 edizioni
2033 4506 2193 4563 della
2227 4514 2417 4563 stessa
2448 4524 2647 4580 opera.
2684 4507 2768 4563 Le
2804 4514 3033 4580 stampe
3069 4524 3219 4563 sono
3252 4505 3633 4580 pittoresche,
3672 4524 3853 4563 senza
3884 4514 4183 4563 esattezza
4215 4506 4430 4563 alcuna
4461 4505 4522 4563 di

699 4601 972 4676 disegno,
1000 4620 1033 4659 e
1058 4620 1175 4659 con
1197 4620 1357 4676 poco
1383 4610 1557 4676 gusto
1583 4601 1869 4676 eseguite.

476 4793 655 4852 3596.
684 4795 988 4851 BARGAEI
1011 4793 1166 4851 Petri
1193 4793 1433 4868 Angeli,
1463 4795 1557 4851 De
1581 4793 1967 4868 privatorum,
1994 4793 2539 4868 pubblicorumque
2566 4793 2989 4851 aedificiorum
3013 4793 3175 4851 urbis
3202 4795 3434 4851 Romae
3462 4793 3858 4851 eversoribus.
3887 4793 4160 4868 Epistola
4185 4794 4260 4851 ad
4284 4795 4524 4851 Petrum

698 4889 1147 4957 Usimbardum,
1174 4889 1527 4957 Florentiae,
1556 4890 1714 4964 apud
1740 4889 2227 4957 Sermartellium,
2262 4889 2437 4957 1589,
2464 4889 2526 4946 in
2549 4890 2605 4947 4.

476 5080 655 5139 3597.
686 5082 983 5138 BARTOLI
1012 5080 1177 5138 Santi
1204 5080 1419 5148 Pietro,
1452 5080 1553 5138 Gli
1582 5080 1804 5138 antichi
1835 5080 2111 5155 sepolcri,
2142 5099 2299 5138 ovve
2333 5082 2411 5155 [p.
2451 5081 2588 5150 171]
2620 5099 2687 5138 ro
2715 5080 3011 5138 mausolei
3038 5080 3290 5148 romani,
3321 5081 3397 5138 ed
3424 5080 3684 5138 etruschi
3711 5080 3926 5138 trovati
3954 5080 4016 5137 in
4043 5082 4257 5148 Roma,
4288 5081 4364 5138 ed
4392 5080 4523 5138 altri

699 5176 907 5251 luoghi
948 5176 1171 5234 celebri
1212 5177 1307 5234 ne’
1355 5176 1518 5251 quali
1562 5176 1611 5234 si
1652 5185 2036 5251 contengono
2078 5177 2264 5234 molte
2305 5176 2532 5234 erudite
2573 5176 2883 5244 memorie,
2925 5176 3191 5244 raccolti,
3235 5176 3550 5251 disegnati,
3594 5195 3627 5234 e
3667 5176 3960 5251 intagliati
4001 5177 4078 5234 da
4116 5176 4312 5234 Pietro
4356 5176 4521 5234 Santi

698 5272 945 5340 Bartoli,
972 5274 1168 5330 Roma
1198 5273 1373 5340 1704,
1400 5272 1462 5329 in
1486 5272 1613 5340 fol.,
1641 5273 1975 5347 esemplare
2000 5272 2061 5330 di
2086 5272 2317 5330 dedica.

700 5369 901 5443 Opera
927 5369 960 5426 e
988 5377 1198 5443 questa
1224 5368 1571 5443 magniﬁca,
1601 5369 1762 5426 nella
1788 5369 1964 5443 quale
1992 5368 2303 5426 l’incisore
2333 5369 2548 5443 superò
2579 5387 2642 5426 se
2672 5377 2865 5426 stesso
2892 5387 2999 5443 per
3025 5369 3083 5426 la
3109 5368 3347 5426 finezza
3373 5368 3905 5436 dell’esecuzione,
3936 5387 3969 5426 e
3995 5387 4102 5443 per
4128 5387 4521 5443 compensare

699 5465 859 5522 colla
899 5464 1260 5539 squisitezza
1298 5464 1700 5539 dell’intaglio
1742 5465 1800 5522 la
1838 5483 2168 5522 mancanza
2206 5464 2701 5532 d’illustrazione,
2745 5465 3003 5522 essendo
3045 5465 3232 5522 allora
3270 5473 3464 5522 morto
3504 5464 3547 5521 il
3586 5464 3832 5522 Bellori.
3878 5465 4042 5522 Sono
4081 5465 4227 5539 però
4265 5464 4521 5522 bastanti

698 5559 1064 5617 indicazioni
1090 5578 1124 5617 a
1149 5559 1536 5634 spiegazione
1561 5560 1720 5617 delle
1752 5560 1866 5617 110
1891 5560 2109 5627 tavole,
2137 5559 2248 5617 che
2274 5578 2767 5634 accompagnano
2792 5559 2835 5616 il
2858 5559 3138 5634 prezioso
3164 5560 3425 5617 volume.

476 5751 655 5810 3598.
683 5753 981 5809 BARTOLI
1003 5751 1168 5809 Santi
1193 5751 1408 5819 Pietro,
1436 5751 1686 5809 Recueil
1712 5752 1787 5809 de
1811 5751 2082 5826 peinture
2109 5751 2380 5826 antiques
2407 5752 2685 5809 trouvées
2713 5752 2747 5809 à
2770 5753 2966 5809 Rome
2991 5751 3227 5809 imitées
3255 5751 3609 5809 fidélément
3631 5770 3784 5826 pour
3808 5752 3895 5809 les
3922 5752 4199 5809 couleurs
4226 5760 4285 5809 et
4309 5752 4365 5809 le
4390 5751 4523 5809 trait

699 5848 939 5922 d’apres
967 5848 1054 5905 les
1082 5847 1318 5905 dessins
1346 5847 1587 5905 coloris:
1621 5848 1884 5905 seconde
1911 5847 2156 5915 edition,
2186 5848 2223 5904 2
2251 5848 2392 5915 vol.,
2421 5847 2603 5915 Paris,
2633 5848 2708 5905 de
2735 5847 3151 5922 l’imprimerie
3178 5848 3253 5905 de
3279 5847 3484 5915 Didot,
3514 5847 3700 5905 l’ainé
3735 5848 3910 5915 1783,
3939 5847 4001 5904 in
4026 5866 4106 5905 un
4133 5848 4274 5915 vol.,
4303 5847 4365 5904 in
4392 5847 4519 5915 fol.,

699 5943 804 6018 fig.

700 6040 927 6111 Questa
961 6040 994 6097 è
1030 6040 1325 6114 un’opera
1358 6040 1518 6097 nella
1552 6040 1730 6114 quale
1765 6058 1887 6097 non
1920 6039 2366 6097 riconosciamo
2404 6040 2551 6097 altro
2590 6040 2909 6114 splendore
2945 6039 3056 6097 che
3092 6040 3295 6114 quello
3332 6039 3430 6097 dei
3465 6039 3591 6114 tipi,
3632 6039 4052 6097 sembrandoci
4087 6048 4233 6097 tutta
4268 6040 4326 6097 la
4358 6048 4523 6114 parte

699 6134 1103 6209 calcografica
1133 6135 1188 6192 al
1219 6134 1280 6192 di
1313 6143 1468 6192 sotto
1500 6135 1660 6192 della
1689 6134 2059 6192 mediocrità.
2093 6136 2177 6192 Le
2208 6134 2570 6192 descrizioni
2603 6153 2754 6192 sono
2786 6134 2929 6192 fatte
2960 6135 3037 6192 da
3066 6134 3298 6192 uomini
3329 6134 3557 6192 distinti
3588 6153 3764 6192 come
3794 6134 3837 6191 il
3866 6135 4053 6192 bravo
4084 6134 4381 6202 Mariette,
4415 6153 4448 6192 e
4478 6134 4521 6191 il

699 6239 875 6288 conte
906 6230 967 6288 di
999 6231 1244 6305 Caylus,
1278 6249 1311 6288 e
1342 6230 1385 6287 il
1419 6230 1527 6305 sig.
1563 6231 1654 6288 ab.
1689 6230 2074 6305 Barthélémy
2105 6230 2217 6288 che
2249 6230 2541 6305 aggiunse
2572 6231 2630 6288 la
2660 6230 3035 6288 descrizione
3066 6231 3164 6288 del
3196 6230 3469 6288 mosaico
3501 6230 3562 6288 di
3592 6230 3935 6288 Palestrina.
3969 6231 4017 6287 Il
4047 6230 4243 6305 primo
4276 6231 4521 6288 volume

699 6326 976 6384 contiene
1006 6326 1080 6384 35
1111 6327 1312 6384 tavole
1340 6326 1585 6384 miniate
1614 6345 1648 6384 a
1674 6326 1884 6394 colori,
1915 6345 1948 6384 e
1976 6327 2052 6384 73
2081 6326 2300 6401 pagine
2328 6326 2389 6384 di
2416 6335 2588 6384 testo:
2620 6326 2874 6384 termina
2900 6327 2998 6384 col
3024 6335 3332 6401 prospetto
3361 6327 3713 6401 dell’opera,
3743 6327 3820 6384 da
3846 6326 3943 6384 cui
3973 6326 4022 6384 si
4051 6327 4204 6384 vede
4231 6326 4274 6383 il
4300 6345 4520 6401 prezzo

699 6422 1124 6480 enormissimo
1155 6441 1189 6480 a
1216 6422 1313 6480 cui
1343 6422 1556 6497 giunse
1585 6423 1643 6480 la
1668 6422 1862 6497 prima
1889 6422 2185 6490 edizione,
2218 6422 2694 6480 annunciandosi
2722 6423 2868 6497 però
2898 6431 3108 6497 questa
3137 6423 3401 6480 seconda
3426 6441 3533 6497 per
3559 6422 3602 6479 il
3630 6422 3775 6480 mite
3802 6441 4022 6497 prezzo
4051 6422 4112 6480 di
4141 6423 4261 6481 900
4291 6422 4521 6480 franchi

2171 6657 2347 6694 WWW.
2358 6637 2734 6710 memofonte.
2748 6639 2791 6694 il
