4958 7017
1981 864 2366 922 Fondazione
2390 838 2775 922 Memofonte
2800 865 2976 922 onlus

1390 960 1600 1018 Studio
1624 979 1731 1035 per
1754 960 2226 1018 l’elaborazione
2250 960 2632 1018 informatica
2655 961 2813 1018 delle
2838 960 2991 1018 fonti
3018 960 3571 1018 storico—artistiche

475 1348 690 1416 2417.
723 1349 1076 1416 ZANOTTI
1100 1347 1550 1437 Giampietro
1581 1347 2025 1429 Gavazzoni,
2058 1347 2228 1416 Vita
2256 1347 2328 1416 di
2357 1347 2747 1416 Eustachio
2776 1347 3166 1429 Manfredi,
3199 1347 3536 1437 Bologna
3572 1347 3780 1429 1745,
3813 1347 3887 1415 in
3915 1348 3982 1416 4.

712 1459 828 1516 Col
855 1458 1079 1516 ritratto
1108 1458 1171 1515 in
1197 1458 1513 1533 principio.
1545 1458 1770 1533 Troppi
1801 1477 1951 1516 sono
1980 1458 2000 1515 i
2028 1458 2183 1516 titoli
2210 1458 2310 1533 pei
2339 1458 2502 1533 quali
2531 1458 2959 1516 l’architettura
2986 1477 3019 1516 e
3049 1459 3105 1516 le
3134 1458 3523 1516 meccaniche
3552 1459 3835 1516 debbono
3866 1458 4161 1516 ascrivere
4191 1458 4281 1516 fra
4307 1458 4327 1515 i
4357 1459 4487 1516 loro

712 1554 1088 1629 cooperatori
1113 1563 1325 1629 questo
1351 1554 1735 1612 matematico
1760 1554 2013 1629 insigne.

479 1751 694 1819 2418.
739 1752 1092 1819 ZANOTTI
1133 1750 1298 1819 Gio.
1350 1750 1605 1819 Pietro.
1658 1750 1893 1819 Storia
1938 1750 2569 1819 dell’Accademia
2614 1750 3072 1819 Clementina
3117 1750 3189 1819 di
3237 1750 3593 1840 Bologna,
3645 1761 4029 1840 aggregata
4076 1750 4486 1819 all’Istituto

713 1865 902 1934 delle
933 1865 1238 1934 Scienze
1268 1887 1307 1934 e
1336 1865 1543 1934 Belle
1571 1865 1751 1947 Arti,
1784 1865 1928 1934 vol.
1963 1866 2029 1947 2,
2062 1865 2136 1933 in
2166 1887 2337 1955 gran
2365 1866 2433 1947 4,
2467 1865 2619 1955 fig.,
2653 1865 3007 1955 Bologna.

712 1977 847 2034 Con
876 1976 1143 2051 quantità
1171 1976 1250 2034 eli
1281 1976 1665 2034 annotazioni
1695 1995 1728 2034 e
1757 1976 2000 2051 postille
2029 1977 2174 2034 tolte
2204 1977 2302 2034 dal
2332 1976 2721 2034 manoscritto
2754 1976 3067 2051 autografo
3098 1976 3381 2034 esistente
3410 1976 3473 2033 in
3502 1995 3643 2034 casa
3671 1977 3769 2034 del
3799 1976 4074 2051 Principe
4103 1976 4382 2034 Ercolani
4412 1977 4488 2034 ed

712 2080 948 2129 estratte
991 2071 1052 2129 di
1093 2090 1298 2146 pugno
1342 2072 1440 2129 dal
1485 2071 1808 2146 segretario
1852 2072 2032 2129 Carlo
2075 2071 2372 2129 Bianconi
2415 2072 2513 2129 nel
2563 2071 2737 2130 1795.
2785 2072 3189 2146 Quest’opera
3230 2072 3263 2129 è
3305 2071 3367 2128 in
3409 2071 3553 2146 ogni
3597 2071 3720 2129 vita
3760 2072 4084 2146 preceduta
4125 2072 4223 2129 dal
4264 2071 4487 2129 ritratto

712 2168 853 2225 dell’
865 2176 1086 2225 autore.

471 2383 686 2452 2419.
750 2384 993 2451 ZORZI
1050 2384 1156 2451 M.
1220 2382 1533 2472 Angelo,
1597 2382 1767 2451 Vita
1826 2382 1943 2451 del
2005 2382 2153 2472 Sig,
2218 2383 2452 2451 Conte
2512 2382 2829 2451 Camillo
2891 2382 3218 2451 Silvestri
3278 2382 3523 2451 nobile
3584 2382 3656 2451 di
3717 2382 4028 2472 Rovigo,
4093 2404 4232 2451 con
4292 2382 4487 2451 varie

713 2497 1207 2566 osservazioni
1239 2497 1305 2566 al
1337 2519 1468 2566 suo
1498 2519 1754 2566 museo
1787 2497 2140 2587 spettanti,
2173 2497 2465 2566 Padova
2501 2498 2709 2579 1720,
2742 2497 2816 2565 in
2844 2498 2912 2579 4,
2944 2499 3050 2566 M.
3085 2497 3200 2566 64.

712 2609 828 2666 Col
859 2608 1083 2666 ritratto
1117 2609 1215 2666 del
1251 2608 1522 2666 Silvestri
1555 2608 1617 2665 in
1648 2608 1964 2683 principio.
2003 2608 2066 2666 Si
2098 2609 2281 2666 rende
2314 2617 2495 2666 conto
2528 2608 2590 2665 in
2623 2609 3010 2683 quest’opera
3041 2608 3139 2666 dei
3172 2608 3404 2676 marmi,
3441 2608 3742 2676 antichità,
3778 2608 4097 2683 medaglie,
4131 2609 4393 2666 raccolte
4425 2608 4488 2665 in

711 2704 952 2779 Rovigo
978 2705 1055 2762 da
1078 2713 1290 2779 questo
1316 2705 1602 2762 letterato.

2171 6657 2347 6694 WWW.
2358 6637 2734 6710 memofonte.
2748 6639 2791 6694 il
