4958 7017
1981 864 2366 922 Fondazione
2390 838 2775 922 Memofonte
2800 865 2976 922 onlus

1390 960 1600 1018 Studio
1624 979 1731 1035 per
1754 960 2226 1018 l’elaborazione
2250 960 2632 1018 informatica
2655 961 2813 1018 delle
2838 960 2991 1018 fonti
3018 960 3571 1018 storico—artistiche

483 1348 698 1416 2177.
745 1348 1149 1429 SAVERIES,
1188 1347 1684 1416 Dictionnaire
1723 1347 2087 1416 universel
2128 1347 2217 1416 de
2257 1347 2771 1437 matematique
2812 1358 2881 1416 et
2920 1347 3009 1416 de
3048 1347 3406 1437 physique
3448 1369 3543 1416 ou
3583 1347 3740 1416 l’on
3779 1347 3981 1416 traite
4022 1347 4148 1416 des
4189 1348 4485 1437 progrès

713 1462 839 1531 des
873 1462 1197 1531 sciences
1229 1473 1298 1531 et
1326 1462 1452 1531 des
1485 1473 1645 1544 arts,
1679 1463 1723 1530 2
1753 1462 1923 1544 vol.,
1965 1462 2151 1531 1750
2181 1462 2398 1544 Paris,
2432 1484 2521 1531 en
2550 1473 2801 1552 quarto
2831 1462 3163 1552 figurato.

713 1574 914 1648 Opera
937 1573 1048 1631 che
1075 1573 1124 1631 si
1149 1574 1395 1631 estende
1421 1592 1455 1631 a
1477 1573 1607 1631 tutti
1631 1573 1651 1630 i
1677 1573 1881 1648 generi
1906 1573 2352 1631 d’architettura
2375 1592 2492 1631 con
2517 1573 2589 1631 51
2620 1582 2736 1631 tav.
2764 1573 2826 1630 in
2848 1592 3029 1631 rame.

488 1770 703 1838 2178.
772 1770 1077 1838 STRUTT
1131 1769 1422 1859 Joseph,
1487 1770 1556 1837 A
1616 1769 2113 1859 biographical
2176 1769 2577 1859 dictionary
2640 1769 3056 1859 containing
3121 1791 3209 1838 an
3270 1769 3639 1838 historical
3703 1780 4009 1838 account
4070 1769 4155 1838 of
4213 1769 4307 1838 all
4368 1769 4487 1838 the

713 1906 1094 1974 engravers
1126 1895 1283 1966 etc.,
1316 1884 1623 1953 London
1661 1884 1870 1966 1786,
1903 1884 1977 1952 in
2005 1885 2073 1966 4,
2106 1884 2250 1953 vol.
2285 1885 2351 1966 2,
2384 1884 2510 1974 fig.

711 1997 778 2052 In
809 1996 1196 2070 quest’opera
1224 1995 1587 2053 riccamente
1620 1996 1696 2053 ed
1728 1996 2204 2070 elegantemente
2235 1995 2582 2070 pubblicata
2615 2014 2766 2053 sono
2799 1995 2970 2053 molti
2989 1996 3101 2069 fac
3132 1995 3327 2053 simile
3360 1995 3421 2053 di
3451 1995 3565 2053 rari
3597 2014 3630 2053 e
3665 1995 3900 2070 squisiti
3931 1995 4159 2070 intagli,
4194 1995 4292 2053 dei
4325 1995 4487 2070 quali

710 2091 815 2166 più
840 2091 952 2149 che
978 2092 1036 2149 la
1061 2091 1285 2149 fedeltà
1310 2092 1343 2149 e
1370 2091 1746 2149 ammirabite
1772 2092 1830 2149 la
1854 2091 2158 2149 laboriosa
2182 2091 2560 2149 esecuzione.
2591 2091 2754 2149 Avvi
2780 2091 2993 2166 d’ogni
3021 2091 3221 2149 artista
3246 2091 3426 2149 citato
3453 2110 3534 2149 un
3559 2110 3754 2149 cenno
3781 2092 3941 2149 della
3965 2091 4087 2149 vita
4112 2110 4145 2149 e
4169 2091 4487 2166 principati

712 2205 894 2261 opere
922 2205 955 2244 e
982 2205 1100 2244 una
1128 2186 1279 2244 serie
1307 2186 1368 2244 di
1395 2187 1595 2244 tavole
1623 2186 1684 2244 di
1711 2186 1859 2244 cifre
1887 2205 1920 2244 e
1948 2186 2409 2261 monogrammi.
2440 2187 2488 2243 Il
2516 2186 2909 2261 frontespizio
2938 2187 3036 2244 del
3071 2187 3095 2243 1
3130 2187 3249 2244 vol.
3281 2187 3314 2244 è
3339 2187 3665 2261 preceduto
3694 2187 3770 2244 da
3795 2205 3913 2244 una
3941 2195 4173 2261 stampa
4199 2186 4260 2244 di
4286 2195 4490 2261 patera

713 2282 908 2340 antica
931 2291 1165 2340 etrusca
1188 2283 1246 2340 la
1267 2282 1372 2357 più
1394 2301 1524 2340 rara
1547 2301 1580 2340 e
1607 2282 1906 2357 singolare
1931 2283 2029 2340 del
2053 2284 2275 2340 Museo
2300 2282 2666 2340 Britannico.

475 2498 690 2567 2179.
725 2499 1042 2566 TICOZZI
1072 2497 1393 2579 Stefano,
1427 2497 1850 2566 Dizionario
1882 2497 1998 2566 dei
2028 2497 2269 2587 pittori
2301 2497 2418 2566 dal
2447 2497 2992 2566 Rinascimento
3024 2497 3213 2566 delle
3243 2497 3449 2566 Belle
3479 2497 3636 2566 Arti
3667 2497 3823 2566 fino
3856 2497 3922 2566 al
3961 2498 4169 2579 1800,
4202 2497 4486 2566 Milano

721 2613 929 2694 1818,
962 2612 1106 2681 vol.
1141 2613 1207 2694 2,
1240 2612 1314 2680 in
1347 2613 1409 2681 8.

713 2724 914 2798 Opera
937 2723 1262 2798 compilata
1285 2724 1362 2781 da
1385 2724 1572 2781 molta
1593 2724 1797 2781 buona
1820 2724 2067 2781 volontà
2090 2724 2466 2791 dell’autore,
2494 2723 2605 2781 che
2628 2732 2850 2798 poteva
2873 2723 3146 2798 eseguire
3171 2742 3288 2781 con
3312 2723 3588 2798 maggior
3609 2723 3949 2798 precisione
3974 2724 4050 2781 ed
4074 2723 4434 2781 estensione.

479 2920 694 2988 2180.
727 2921 1137 3001 WATELET,
1165 2919 1661 2988 Dictionnaire
1691 2919 1817 2988 des
1851 2930 2010 3001 arts,
2044 2919 2133 2988 de
2161 2919 2507 3009 peinture,
2543 2919 2902 3009 sculpture
2932 2930 3001 2988 et
3030 2941 3351 3009 gravure,
3384 2919 3578 2988 Paris
3618 2920 3826 3001 1792,
3859 2919 4003 2988 vol.
4038 2919 4104 3001 5,
4137 2919 4211 2987 in
4244 2920 4306 2988 8.

713 3031 1117 3105 Quest’opera
1146 3030 1223 3088 ha
1256 3030 1475 3088 servito
1510 3030 1583 3088 sii
1615 3031 1825 3088 lavoro
1858 3030 2445 3105 dell’enciclopedia,
2480 3049 2579 3088 ma
2609 3049 2714 3088 ora
2744 3031 2777 3088 e
2809 3030 2870 3088 di
2902 3031 3091 3088 molto
3125 3030 3492 3088 accresciuta
3522 3049 3639 3088 con
3670 3030 3768 3088 ciò
3801 3030 3912 3088 che
3946 3030 3995 3088 si
4027 3031 4060 3088 e
4090 3031 4356 3088 raccolto
4389 3030 4487 3088 dai

711 3126 966 3184 membri
991 3126 1417 3184 dell’Instituto
1443 3126 1504 3184 di
1528 3126 1793 3194 Francia,
1823 3127 2085 3184 sebbene
2109 3126 2129 3183 i
2153 3126 2339 3184 nuovi
2364 3126 2656 3184 materiali
2683 3126 2852 3184 siano
2876 3145 2983 3201 per
3007 3126 3195 3184 anche
3219 3126 3446 3184 inediti.

481 3342 574 3430 [p.
610 3340 780 3423 376]

2216 3437 2983 3535 BIOGRAFIA

475 3705 690 3773 2181.
734 3702 1063 3773 ABRÉGÉ
1103 3704 1192 3773 de
1237 3704 1307 3773 la
1350 3704 1468 3773 vie
1515 3704 1641 3773 des
1687 3704 1998 3794 peintres
2046 3704 2218 3773 doni
2264 3704 2369 3773 les
2415 3704 2751 3773 tableaux
2798 3715 3228 3794 composent
3271 3704 3341 3773 la
3385 3704 3651 3794 galérie
3697 3704 3786 3773 de
3831 3704 4110 3773 Dresde
4158 3726 4334 3773 avec
4380 3704 4485 3773 les

713 3819 967 3888 details
999 3819 1088 3888 de
1116 3830 1278 3888 tous
1309 3819 1414 3888 les
1444 3819 1780 3888 tableaux
1811 3819 1900 3888 de
1930 3830 2118 3888 certe
2148 3819 2558 3901 collection,
2591 3819 2871 3888 Dresde
2909 3820 3117 3901 1782,
3150 3819 3224 3887 in
3257 3820 3319 3888 8.

713 3931 914 4005 Opera
938 3930 1094 3988 assai
1117 3931 1236 3988 ben
1260 3930 1421 3998 fatta,
1450 3930 1945 3988 verisimilmente
1970 3931 2068 3988 del
2095 3930 2203 4005 sig.
2232 3930 2564 3988 Heineken.

475 4127 690 4195 2182.
729 4127 1190 4195 ADUNANZA
1218 4137 1461 4195 tenuta
1497 4126 1690 4216 dagli
1725 4126 1994 4195 Arcadi
2030 4126 2104 4194 in
2139 4137 2368 4195 morte
2404 4126 2523 4195 del
2559 4126 2936 4195 Cavaliere
2971 4126 3295 4195 Antonio
3331 4126 3632 4195 Rafaele
3666 4128 3956 4216 Mengs,
3995 4128 4232 4195 Roma
4275 4127 4483 4208 1780,

712 4241 786 4309 in
819 4242 882 4323 8,
914 4243 1020 4310 M.
1058 4242 1170 4310 87.

475 4453 690 4521 2183.
727 4450 939 4521 AFFÒ
970 4454 1241 4534 Ireneo,
1278 4452 1448 4521 Vita
1482 4452 1554 4521 di
1587 4454 1693 4521 M.
1731 4452 2175 4521 Bernardino
2210 4452 2421 4521 Baldi
2457 4452 2548 4521 da
2578 4452 2857 4521 Urbino
2890 4452 3125 4542 primo
3158 4452 3297 4521 Ab.
3337 4452 3409 4521 di
3444 4452 3837 4534 Guastalla,
3874 4454 4127 4521 Parma
4167 4453 4376 4534 1783,
4413 4452 4487 4520 in

716 4568 778 4636 8.

711 4679 994 4736 L’autore
1024 4678 1135 4736 che
1166 4679 1303 4736 amò
1332 4678 1881 4753 passionatamente
1911 4679 1967 4736 le
1998 4678 2104 4736 arti
2136 4678 2351 4736 scrisse
2381 4679 2439 4736 la
2467 4678 2589 4736 vita
2617 4678 2678 4736 di
2708 4687 2920 4753 questo
2952 4679 3123 4736 abate
3153 4679 3513 4753 guastallese
3543 4678 3923 4736 conoscitore
3953 4678 4014 4736 di
4044 4678 4238 4753 questi
4270 4678 4425 4736 studi
4455 4697 4488 4736 e

712 4774 810 4832 dei
833 4774 938 4849 più
960 4774 1245 4849 profondi
1270 4774 1381 4832 che
1405 4774 1467 4831 in
1491 4774 1677 4849 quelli
1702 4774 1938 4832 fossero
1964 4774 2181 4832 versati
2205 4775 2304 4832 nel
2328 4776 2473 4832 XVI
2500 4775 2724 4832 secolo.

475 4970 690 5038 2184.
723 4970 1096 5038 AGLIETTI
1119 4971 1207 5038 D.
1240 4971 1663 5051 Francesco,
1695 4969 1958 5059 Elogio
1989 4969 2105 5038 dei
2135 4969 2424 5038 Bellini.
2458 4969 2647 5038 Vedi
2681 4971 3049 5045 Orazioni.

475 5180 690 5249 2185.
733 5181 1174 5249 ANTI-SOLA
1209 5180 1657 5262 Sebastiano,
1700 5180 1995 5249 Tributo
2034 5180 2324 5270 poetico
2366 5180 2432 5249 al
2472 5180 2754 5249 celebre
2794 5181 3061 5249 Ottone
3099 5182 3205 5249 M.
3250 5180 3638 5262 Calderari,
3681 5180 4006 5249 Vicenza
4052 5181 4260 5262 1804,
4303 5180 4377 5248 in
4420 5181 4483 5262 8,

711 5297 817 5364 M.
860 5296 1017 5364 103.

475 5506 690 5575 2186.
724 5507 1362 5588 D’ARGENVILLE,
1395 5506 1686 5596 Abregé
1716 5506 1806 5575 de
1835 5506 1905 5575 la
1933 5506 2051 5575 vie
2081 5506 2208 5575 des
2238 5506 2400 5596 plus
2431 5506 2727 5575 fameux
2756 5506 3067 5596 peintres
3100 5528 3276 5575 avec
3306 5506 3496 5575 leurs
3526 5506 3854 5596 portraits
3887 5507 4140 5596 graves
4173 5528 4262 5575 en
4290 5506 4487 5575 taille

713 5621 946 5690 douce
976 5632 1133 5703 etc.,
1166 5621 1310 5690 vol.
1346 5622 1411 5703 3,
1444 5621 1638 5690 Paris
1678 5622 1865 5690 1742
1897 5643 1937 5690 a
1973 5621 2181 5703 1745,
2214 5621 2288 5689 in
2316 5622 2384 5703 4,
2417 5621 2543 5711 fig.

711 5733 1059 5807 Esemplare
1091 5732 1430 5790 bellissimo
1465 5733 1688 5790 donato
1723 5733 1821 5790 dal
1855 5732 2169 5790 Cavaliere
2203 5733 2278 5790 de
2312 5733 2370 5790 la
2402 5732 2708 5790 Loriniere
2744 5733 2799 5790 al
2835 5733 3041 5790 salone
3075 5733 3233 5790 delle
3268 5732 3391 5790 arti.
3429 5733 3508 5789 Al
3540 5732 3840 5807 principio
3875 5733 4033 5790 delle
4067 5732 4187 5790 vite
4223 5741 4433 5790 stanno
4467 5732 4487 5789 i

710 5828 916 5886 ritratti
956 5828 1118 5903 degli
1159 5828 1344 5886 artisti
1384 5847 1417 5886 e
1459 5829 1721 5886 sebbene
1762 5828 2090 5886 l’edizione
2129 5828 2192 5885 in
2231 5837 2435 5886 ottavo
2478 5828 2566 5886 sia
2602 5828 2707 5903 più
2747 5829 3065 5903 completa,
3108 5837 3319 5903 questa
3355 5828 3566 5886 ritiene
3606 5847 3686 5886 un
3723 5828 3934 5903 pregio
3973 5847 4080 5903 per
4118 5829 4176 5886 la
4214 5828 4489 5903 maggior

712 5924 1061 5982 freschezza
1084 5924 1182 5982 dei
1205 5924 1372 5982 rami.

479 6139 694 6207 2187.
731 6139 1369 6220 D’ARGENVILLE,
1404 6138 1694 6228 Abrégé
1727 6138 1816 6207 de
1848 6138 1918 6207 la
1948 6138 2066 6207 vie
2099 6138 2188 6207 de
2219 6138 2381 6228 plus
2415 6138 2710 6207 fameux
2742 6138 3053 6228 peintres
3089 6160 3264 6207 avec
3297 6138 3485 6207 leurs
3518 6138 3846 6228 portraits
3881 6139 4134 6228 graves
4169 6160 4258 6207 en
4289 6138 4486 6207 taille

713 6253 967 6335 douce,
1027 6275 1203 6322 avec
1258 6253 1363 6322 les
1419 6253 1853 6322 indications
1910 6253 1999 6322 de
2053 6253 2241 6322 leurs
2296 6253 2720 6343 principaux
2776 6275 3129 6343 ouvrages
3186 6264 3255 6322 et
3307 6253 3657 6343 quelques
3712 6253 4108 6322 réflexions
4167 6275 4284 6322 sur
4336 6253 4489 6322 leur

713 6379 1068 6437 caractere
1099 6379 1168 6437 et
1196 6368 1266 6437 la
1294 6368 1611 6437 maniere
1642 6368 1732 6437 de
1763 6369 2135 6437 connoître
2165 6368 2270 6437 les
2303 6368 2629 6437 desseins
2662 6379 2732 6437 et
2760 6368 2865 6437 les
2896 6368 3231 6437 tableaux
3263 6368 3389 6437 des
3422 6368 3680 6458 grands
3712 6369 4023 6450 maîtres,
4057 6368 4274 6450 Paris,
4309 6368 4485 6437 chez

2171 6657 2347 6694 WWW.
2358 6637 2734 6710 memofonte.
2748 6639 2791 6694 il
