4958 7017
1981 864 2366 922 Fondazione
2390 838 2775 922 Memofonte
2800 865 2976 922 onlus

1390 960 1600 1018 Studio
1624 979 1731 1035 per
1754 960 2226 1018 l’elaborazione
2250 960 2632 1018 informatica
2655 961 2813 1018 delle
2838 960 2991 1018 fonti
3018 960 3571 1018 storico—artistiche

474 1343 655 1401 2542.
698 1344 1005 1401 OBELISCI
1046 1346 1322 1401 Vaticani
1363 1343 1692 1417 Opuscula.
1737 1343 1878 1401 Sive
1918 1343 2213 1401 Gallesini
2251 1343 2424 1411 Petri,
2465 1343 2769 1401 obeliscus
2809 1343 3137 1411 vaticanus,
3177 1343 3397 1418 pietate
3435 1343 3872 1401 invictissimae
3911 1343 4104 1401 crucis
4146 1344 4370 1401 sacerd.
4414 1344 4489 1401 ad

705 1439 1163 1514 perpetuitatem
1183 1439 1504 1514 praeclaris
1530 1439 1738 1497 litteris
1764 1440 2055 1507 laudatus,
2082 1441 2315 1497 Romae
2347 1439 2416 1497 15
2427 1440 2521 1497 87.

705 1571 788 1575 —
812 1536 978 1593 Ordo
1004 1535 1401 1593 dedicationis
1427 1535 1700 1603 obelisci,
1727 1537 1959 1593 Romae
1991 1535 2165 1593 1586.

705 1667 788 1671 —
810 1631 1143 1689 Familiaris
1169 1631 1426 1706 epistola
1449 1650 1482 1689 e
1506 1633 1704 1689 Roma
1727 1631 1789 1688 in
1813 1631 2172 1706 Hispaniam
2195 1631 2382 1689 missa
2404 1631 2467 1688 in
2491 1650 2609 1706 qua
2632 1631 2964 1706 explicatur
2986 1631 3292 1689 translatio
3318 1631 3591 1699 obelisci,
3618 1633 3850 1689 Romae
3882 1631 4056 1689 1586.

705 1762 788 1766 —
810 1726 1066 1801 Bargaei
1090 1726 1245 1784 Petri
1269 1726 1509 1801 Angeli,
1537 1726 2023 1784 Commentarius
2049 1727 2124 1784 de
2149 1726 2441 1794 obelisco,
2468 1728 2699 1784 Romae
2732 1726 2905 1784 1586.

705 1858 788 1862 —
810 1824 904 1880 De
928 1822 1181 1897 Aguilar
1203 1824 1292 1880 Jo.
1320 1822 1592 1897 Baptista
1614 1822 1676 1879 in
1700 1822 2080 1880 dedicatione
2105 1822 2360 1880 obelisci
2385 1822 2818 1897 epigrammata
2841 1823 3114 1890 collecta,
3141 1824 3373 1880 Romae
3405 1822 3579 1880 1587.

705 1954 788 1958 —
810 1918 1024 1976 Blanci
1050 1918 1401 1993 Guglielmi,
1428 1918 1875 1993 Epigrammata
1897 1918 1960 1975 in
1984 1918 2340 1986 obeliscum,
2367 1920 2600 1976 Romae
2632 1918 2806 1976 1586.

705 2050 788 2054 —
820 2014 972 2072 Gaci
1005 2014 1277 2082 Cosimo,
1312 2014 1576 2089 Dialogo
1609 2014 1671 2071 in
1704 2014 1801 2072 cui
1836 2014 1885 2072 si
1916 2015 2083 2089 parla
2114 2015 2272 2072 delle
2305 2014 2652 2089 operazioni
2685 2014 2745 2072 di
2780 2014 2939 2072 Sisto
2972 2016 3029 2072 V
3062 2033 3095 2072 e
3127 2014 3189 2071 in
3219 2014 3574 2089 particolare
3606 2015 3704 2072 del
3735 2023 4028 2089 trasporto
4061 2014 4486 2072 dell’obelisco

707 2110 1003 2178 vaticano,
1030 2112 1227 2168 Roma
1257 2110 1326 2168 15
1337 2110 1431 2168 86.

705 2242 788 2246 —
810 2206 1104 2281 Pigafetta
1127 2206 1383 2281 Filippo,
1410 2206 1702 2264 Discorso
1727 2206 1963 2264 intorno
1989 2207 2047 2264 la
2072 2206 2253 2264 storia
2276 2207 2436 2264 della
2459 2206 2665 2281 guglia
2688 2225 2721 2264 e
2746 2207 2906 2264 della
2927 2206 3174 2281 ragione
3199 2207 3297 2264 del
3322 2207 3650 2274 muoverla,
3677 2208 3874 2264 Roma
3904 2206 4079 2274 1586,
4106 2206 4168 2263 in
4191 2207 4247 2264 4.

707 2301 1063 2359 Collezione
1088 2301 1348 2359 difficile
1374 2320 1408 2359 a
1429 2301 1684 2359 riunirsi.
1714 2302 1830 2359 Col
1853 2301 2077 2359 ritratto
2103 2301 2164 2359 di
2191 2301 2350 2359 Sisto
2375 2303 2432 2359 V
2456 2301 2518 2358 in
2540 2301 2857 2376 principio.

474 2493 655 2551 2543.
686 2495 985 2551 PAOLINO
1014 2493 1104 2551 fra
1132 2494 1209 2551 da
1239 2494 1296 2551 S.
1329 2494 1736 2561 Bartolomeo,
1768 2493 2153 2551 Monumenti
2182 2493 2313 2551 Indi
2348 2495 2426 2568 [p.
2467 2494 2562 2563 13]
2598 2493 2654 2551 ci
2683 2494 2781 2551 del
2810 2495 3032 2551 Museo
3062 2493 3339 2551 Naniano
3369 2493 3661 2561 illustrati,
3693 2494 3938 2551 Padova
3973 2494 4147 2561 1790,
4178 2493 4240 2550 in
4268 2494 4325 2561 4,
4358 2493 4484 2568 fig.,

706 2591 794 2647 M.
823 2589 920 2647 26.

707 2686 842 2743 Con
865 2704 984 2743 una
1009 2685 1309 2760 singolare
1333 2686 1535 2743 tavola
1557 2685 1620 2742 in
1642 2704 1823 2743 rame.

474 2876 655 2934 2544.
693 2878 1018 2934 PIGNORIO
1053 2876 1424 2944 Laurentius,
1463 2876 1927 2934 Vetustissimae
1962 2877 2200 2934 tabulae
2237 2895 2459 2934 aeneae
2498 2876 2680 2934 sacris
2719 2876 3137 2951 aegyptiorum
3174 2876 3510 2934 simulacris
3547 2877 3816 2934 coelatae
3853 2885 4128 2934 accurata
4162 2876 4486 2951 explicatio

707 2981 817 3030 etc.
860 2972 1140 3030 Accessit
1179 2973 1252 3030 ab
1293 2973 1513 3030 eodem
1551 2972 1882 3030 auctarium
1918 2972 1981 3029 in
2020 2991 2140 3047 quo
2181 2991 2256 3030 ex
2296 2972 2553 3047 antiquis
2597 2972 2812 3047 sigillis
2853 2972 3233 3047 gemmisque
3275 2972 3590 3030 selectiora
3628 2973 3927 3047 quaedam
3964 2973 4093 3047 ejus
4135 2972 4389 3047 generis,
4432 2981 4490 3030 et

707 3077 977 3126 veterum
1002 3068 1440 3126 haereticorum
1466 3069 1727 3126 amuleta
1753 3068 2123 3136 exhibentur,
2152 3068 2444 3136 Venetiis,
2475 3069 2634 3143 apud
2659 3070 3150 3143 Rampazzetum,
3183 3068 3518 3143 sumptibus
3545 3070 3666 3126 Jac.
3696 3070 3942 3136 Franco,
3979 3068 4154 3136 1605,
4183 3068 4245 3125 in
4270 3069 4327 3136 4,
4357 3068 4483 3143 fig.,

706 3166 794 3222 M.
822 3165 920 3222 41.

706 3262 792 3318 La
820 3260 1033 3335 piazza
1065 3279 1108 3318 s.
1143 3262 1357 3318 Marco
1389 3260 1450 3318 di
1481 3260 1752 3318 Venezia
1782 3261 1815 3318 e
1846 3260 2153 3335 intagliata
2182 3260 2245 3317 in
2274 3279 2438 3318 rame
2472 3261 2563 3318 sul
2595 3260 3007 3335 frontespizio:
3044 3261 3193 3318 oltre
3225 3261 3281 3318 le
3313 3260 3506 3335 figure
3540 3279 3742 3335 sparse
3775 3260 3865 3318 fra
3894 3260 3937 3317 il
3968 3269 4121 3318 testo
4154 3261 4490 3335 dell’opera

709 3355 924 3413 sonovi
967 3355 1185 3430 cinque
1227 3356 1427 3413 tavole
1469 3355 1532 3412 in
1574 3356 1755 3430 legno
1800 3356 1855 3413 al
1898 3355 2022 3413 fine
2065 3374 2098 3413 e
2141 3356 2199 3413 la
2240 3355 2561 3430 grandiosa
2601 3356 2804 3413 tavola
2844 3355 3032 3413 isiaca
3072 3355 3134 3412 in
3176 3355 3372 3413 forma
3414 3355 3693 3413 atlantica
3735 3374 3852 3413 con
3894 3364 4104 3430 questa
4144 3355 4482 3413 iscrizione:

711 3454 1160 3509 Vetustissimae
1191 3451 1415 3509 Tabule
1442 3471 1675 3509 aeneae
1699 3451 2179 3525 Hierogliphicis
2206 3452 2323 3509 hoc
2351 3463 2441 3509 est
2464 3454 2659 3509 sacris
2686 3454 3105 3525 aegyptiorum
3133 3451 3344 3509 litteris
3371 3451 3649 3509 caelatae
3680 3454 3872 3525 Typus
3899 3471 4076 3525 quem
4104 3471 4175 3509 ex
4203 3454 4489 3525 Torquati

704 3548 917 3605 Bembi
957 3567 1166 3605 museo
1208 3568 1372 3605 anno
1417 3548 1579 3605 1559
1614 3549 1856 3605 Aeneas
1902 3550 2079 3605 Vicus
2119 3550 2468 3605 Parmensis
2511 3548 2709 3615 edidit,
2759 3567 2835 3605 ac
2874 3550 3016 3621 Imp.
3069 3549 3241 3605 Caes.
3290 3548 3681 3605 Ferdinando
3722 3548 4038 3615 dedicavit,
4087 3567 4246 3605 nunc
4287 3548 4487 3605 denno

699 3643 990 3717 publicae
1016 3643 1288 3701 utilitatis
1314 3663 1461 3717 ergo
1488 3663 1519 3701 e
1546 3644 1808 3701 tenebris
1835 3646 1893 3701 in
1920 3643 2114 3701 lucem
2131 3644 2342 3717 prodit
2364 3663 2554 3717 opera
2581 3655 2639 3701 et
2663 3644 2956 3701 industria
2980 3644 3202 3701 Jacobi
3225 3646 3450 3701 Franci
3478 3646 3733 3701 Venetus
3751 3645 3817 3701 A.
3847 3646 3928 3701 M.
3958 3646 4030 3701 D.
4066 3645 4127 3701 C.

708 3740 935 3811 Questa
958 3740 991 3797 e
1016 3740 1074 3797 la
1095 3739 1289 3814 prima
1312 3739 1591 3797 edizione
1616 3739 1677 3797 di
1702 3748 1914 3814 questo
1938 3739 2218 3814 prezioso
2244 3739 2416 3807 libro,
2444 3739 2555 3797 che
2579 3748 2664 3797 tre
2690 3739 2826 3797 anni
2851 3740 3014 3814 dopo
3040 3740 3115 3797 de
3139 3741 3261 3814 Bry
3283 3739 3571 3814 ristampò
3598 3758 3632 3797 a
3654 3739 3978 3797 Francfort.

474 3930 655 3988 2545.
689 3931 1153 4002 QUATREMERE
1182 3931 1257 3988 de
1288 3930 1544 4005 Quincy,
1576 3932 1670 3988 De
1700 3930 2140 3988 l’architecture
2170 3930 2532 4005 egyptienne
2562 3930 2914 3988 considérée
2944 3931 3091 3988 dans
3124 3949 3235 3988 son
3264 3930 3514 4005 origine,
3548 3939 3606 3988 et
3634 3931 3954 4005 comparée
3985 3931 4019 3988 a
4047 3930 4486 3988 l’architecture

707 4045 984 4101 grecque,
1011 4026 1174 4084 Paris
1207 4027 1381 4094 1803,
1409 4045 1484 4084 en
1507 4027 1564 4094 4,
1592 4026 1868 4101 figurato.

712 4123 847 4180 Con
888 4123 958 4180 18
995 4123 1195 4180 tavole
1229 4122 1536 4197 intagliate
1570 4122 1633 4179 in
1665 4141 1847 4180 rame.
1885 4122 2335 4180 Dissertazione
2368 4122 2660 4197 premiata
2693 4122 3219 4180 dall’Accademia
3252 4122 3313 4180 di
3347 4122 3596 4180 Francia
3628 4123 3727 4180 nel
3770 4122 3945 4190 1785,
3980 4122 4160 4197 piena
4193 4122 4254 4180 di
4287 4123 4490 4180 buona

707 4218 913 4276 critica
936 4237 969 4276 e
992 4218 1293 4293 profonda
1316 4218 1680 4276 erudizione.

474 4410 655 4468 2546.
683 4412 996 4478 RICAULT,
1024 4410 1289 4468 Histoire
1314 4411 1389 4468 de
1414 4411 1583 4468 l’état
1604 4419 1844 4485 present
1867 4411 1942 4468 de
1967 4410 2246 4485 l’empire
2271 4419 2541 4468 ottoman
2564 4410 2815 4468 traduite
2841 4411 2916 4468 de
2941 4410 3222 4485 l’anglais
3247 4429 3354 4485 par
3376 4412 3464 4468 M.
3492 4410 3679 4478 Briot,
3706 4410 3869 4468 Paris
3902 4410 4076 4478 1670,
4103 4410 4165 4467 in
4196 4411 4286 4468 12.
4314 4411 4485 4468 Avec

707 4505 932 4580 figures
956 4524 1063 4580 par
1088 4505 1402 4563 Sebastien
1426 4506 1482 4563 le
1507 4506 1700 4563 Clerc.

474 4697 655 4755 2547.
682 4698 799 4755 Del
823 4699 1046 4755 ROSSO
1071 4697 1399 4772 Giuseppe,
1426 4697 1718 4755 Ricerche
1745 4697 2268 4755 sull’architettura
2291 4697 2583 4772 egiziana,
2610 4697 2856 4755 Firenze
2888 4698 3063 4765 1787,
3090 4697 3152 4754 in
3179 4698 3231 4755 8.

474 4889 655 4947 2548.
686 4890 1085 4947 SWINBURNE
1109 4891 1331 4964 Henry,
1358 4890 1604 4947 Travels
1630 4889 1887 4964 through
1913 4889 2098 4964 Spain
2121 4889 2184 4946 in
2207 4889 2306 4947 the
2331 4908 2503 4964 years
2536 4889 2689 4947 1775
2719 4890 2835 4947 and
2866 4889 3022 4947 1776
3047 4889 3109 4946 in
3134 4889 3333 4947 which
3360 4890 3590 4947 several
3615 4898 3998 4947 monuments
4024 4889 4097 4947 of
4113 4908 4342 4957 roman,
4371 4890 4488 4947 and

706 4985 976 5043 moorish
1001 4985 1408 5053 architecture,
1435 4986 1691 5043 London
1723 4986 1898 5053 1779,
1924 4985 1986 5042 in
2010 4985 2137 5053 fol.,
2165 4985 2270 5060 fig.

708 5081 909 5155 Opera
939 5080 1050 5138 che
1080 5081 1263 5138 rende
1295 5089 1475 5138 conto
1508 5081 1666 5138 delle
1698 5080 1981 5138 antichità
2012 5081 2188 5138 arabe
2219 5089 2381 5138 tanto
2414 5081 2711 5138 celebrate
2743 5099 2776 5138 e
2807 5080 3043 5138 intorno
3076 5081 3132 5138 le
3164 5080 3326 5155 quali
3360 5080 3409 5138 si
3441 5081 3474 5138 e
3505 5080 3918 5138 ultimamente
3952 5080 4153 5138 scritto
4186 5099 4219 5138 e
4253 5080 4302 5138 si
4336 5099 4486 5138 sono

705 5176 1050 5251 pubblicate
1086 5195 1268 5251 opere
1304 5176 1641 5251 grandiose,
1680 5195 1855 5234 come
1894 5195 1957 5234 se
1992 5195 2115 5234 non
2151 5176 2386 5234 fossero
2425 5185 2571 5234 state
2605 5177 3167 5251 precedentemente
3202 5176 3508 5234 illustrate.
3547 5178 3631 5234 Le
3666 5177 3867 5234 tavole
3905 5195 4055 5234 sono
4092 5177 4389 5234 collocate
4426 5177 4479 5234 a’

705 5272 998 5347 rispettivi
1023 5272 1232 5347 luoghi
1258 5272 1447 5330 voluti
1472 5273 1570 5330 dal
1594 5281 1767 5330 testo.
1795 5272 1954 5330 Vedi
1980 5272 2168 5330 anche
2187 5273 2630 5346 Antiguidades
2656 5292 2687 5330 e
2709 5273 2989 5346 Murphy.

479 5466 557 5539 [p.
593 5465 687 5534 14]

474 5655 655 5714 2549.
682 5657 776 5713 De
799 5657 1061 5713 TORRES
1087 5655 1373 5723 Antonio,
1401 5657 1765 5713 Letteratura
1788 5656 1883 5713 de’
1914 5655 2184 5723 Numidi,
2211 5655 2482 5713 Venezia
2513 5656 2688 5723 1789,
2714 5655 2776 5712 in
2799 5656 2856 5723 4,
2883 5657 2971 5713 M.
3000 5656 3096 5713 78.

711 5751 1015 5809 Memoria
1039 5751 1195 5809 assai
1220 5752 1385 5809 dotta
1408 5770 1441 5809 e
1465 5751 1872 5809 interessante.

474 5943 655 6001 2550.
686 5945 1131 6001 WARBURTON
1157 5943 1381 6011 Wittel,
1413 5926 1585 6001 Éssai
1617 5962 1714 6001 sur
1742 5944 1830 6001 les
1860 5943 2286 6018 hiéroglyphes
2317 5944 2423 6001 des
2454 5943 2767 6018 egyptiens
2798 5944 2879 6001 où
2908 5944 3039 6001 l’on
3068 5943 3195 6001 voit
3223 5943 3525 6018 l’origine,
3558 5952 3616 6001 et
3644 5944 3731 6001 les
3760 5944 4007 6018 progrès
4038 5944 4118 6001 du
4147 5944 4401 6018 langage
4431 5952 4489 6001 et

707 6040 782 6097 de
810 6039 1128 6107 l’écriture,
1159 6039 1497 6114 l’antiquité
1525 6040 1631 6097 des
1662 6039 1932 6097 sciences
1961 6058 2037 6097 en
2063 6041 2296 6114 Egypte
2324 6048 2434 6097 etc.
2465 6039 2681 6097 traduit
2707 6040 2782 6097 de
2810 6039 3091 6114 l’anglais
3118 6058 3225 6114 par
3250 6040 3525 6097 Léonard
3552 6040 3627 6097 de
3654 6039 4015 6114 Malpeines,
4046 6040 4165 6097 vol.
4197 6040 4253 6107 2,
4284 6058 4359 6097 en
4393 6040 4484 6107 12,

707 6134 834 6209 fig.,
861 6134 1043 6202 Paris,
1071 6134 1219 6192 chez
1245 6134 1488 6202 Guerin,
1523 6135 1697 6192 1744.

713 6231 914 6305 Opera
939 6230 1177 6288 curiosa
1202 6249 1235 6288 e
1262 6230 1603 6288 dottissima
1628 6249 1746 6288 con
1772 6239 1912 6288 note
1938 6230 2314 6288 interessanti
2342 6249 2375 6288 e
2402 6230 2787 6288 manoscritte
2814 6230 2875 6288 di
2901 6232 2989 6288 M.
3020 6230 3081 6288 di
3108 6231 3275 6288 Anse
3303 6231 3378 6288 de
3404 6230 3730 6298 Villoison,
3760 6230 3857 6288 cui
3885 6239 4246 6305 appartenne
4273 6239 4486 6305 questo

707 6327 1057 6401 esemplare.

2171 6657 2347 6694 WWW.
2358 6637 2734 6710 memofonte.
2748 6639 2791 6694 it
