4958 7017
1981 864 2366 922 Fondazione
2390 838 2775 922 Memofonte
2800 865 2976 922 onlus

1390 960 1600 1018 Studio
1624 979 1731 1035 per
1754 960 2226 1018 l’elaborazione
2250 960 2632 1018 informatica
2655 961 2813 1018 delle
2838 960 2991 1018 fonti
3018 960 3571 1018 storico—artistiche

626 1294 725 1299 —
752 1253 840 1320 Et
868 1251 1257 1341 disputatio
1288 1251 1377 1320 de
1406 1251 1595 1320 ludis
1628 1251 2113 1320 saecularibus
2144 1262 2468 1320 veterum
2496 1253 2994 1320 Romanorum
3021 1251 3356 1320 Andreae
3384 1251 3698 1341 Nagelii,
3730 1251 4026 1320 Altorfii
4065 1252 4272 1320 1743.

635 1368 728 1456 [p.
784 1367 954 1449 308]
1009 1409 1108 1414 —
1155 1368 1243 1435 Et
1291 1366 1830 1435 Commentatio
1881 1366 1970 1435 de
2020 1366 2330 1456 opinatis
2384 1366 2862 1435 saecularium
2910 1366 3246 1435 ludorum
3294 1366 3483 1435 notis
3534 1366 3608 1434 in
3657 1366 3974 1435 nummis
4024 1388 4488 1435 romanorum

629 1481 972 1571 gentium,
1006 1481 1353 1571 Gottinga
1389 1481 1597 1563 1746,
1631 1481 1705 1549 in
1733 1482 1800 1550 4.

483 1692 690 1762 1795.
726 1693 1104 1761 SECONDO
1128 1692 1602 1774 Ferdinando,
1635 1692 1849 1761 Della
1876 1692 2024 1761 vita
2050 1692 2393 1782 pubblica
2421 1692 2535 1761 de’
2573 1692 2906 1761 Romani.
2940 1692 3106 1761 Vol.
3141 1693 3185 1760 2
3215 1692 3289 1760 in
3317 1714 3485 1774 uno,
3517 1692 3785 1782 Napoli
3824 1693 4032 1774 1784,
4065 1692 4139 1760 in
4177 1693 4284 1761 12.

483 1903 690 1973 1796.
726 1904 921 1972 SIEPI
946 1903 1300 1985 Serafino,
1333 1903 1548 1972 Della
1576 1903 2032 1993 equitazione
2061 1903 2433 1985 muliebre,
2468 1903 2817 1985 discorso,
2850 1903 3153 1993 Perugia
3189 1904 3397 1985 1813,
3430 1903 3505 1971 in
3538 1904 3600 1972 8.

713 2015 942 2086 Questo
981 2015 1014 2072 e
1051 2033 1131 2072 un
1168 2015 1501 2072 volumetto
1539 2014 1600 2072 di
1644 2015 1759 2072 134
1795 2014 2014 2089 pagine
2052 2033 2085 2072 e
2122 2014 2321 2072 diviso
2358 2014 2421 2071 in
2459 2015 2491 2072 3
2530 2014 2698 2089 parti.
2740 2014 3061 2072 Comincia
3096 2014 3629 2089 coll’equitazione
3667 2014 3728 2072 di
3764 2016 3892 2072 Eva
3927 2033 3960 2072 e
3999 2014 4216 2072 finisce
4253 2033 4371 2072 con
4407 2033 4487 2072 un

714 2119 947 2168 sonetto
975 2113 1158 2168 invito
1183 2111 1246 2168 di
1268 2110 1525 2168 Pallade
1551 2110 1662 2168 che
1687 2111 1720 2168 e
1744 2110 2290 2185 l’interpretazione
2315 2110 2824 2185 d’un’immagine
2850 2129 2884 2168 a
2907 2110 3080 2185 guisa
3103 2110 3164 2168 di
3189 2110 3574 2185 medaglione
3597 2119 3773 2185 posta
3795 2111 3893 2168 nel
3918 2110 4315 2185 frontispizio.

479 2306 686 2375 1797.
722 2306 1032 2374 SOLERII
1053 2305 1410 2387 Anselmi,
1444 2307 1556 2374 De
1585 2305 1808 2387 Pileo,
1842 2305 2286 2395 caeterisque
2316 2305 2572 2395 capitis
2602 2305 3064 2395 tegminibus,
3096 2305 3631 2374 Amstelodami
3670 2305 3877 2374 1671.

710 2463 809 2468 —
836 2420 1145 2489 Accedit
1173 2420 1418 2489 Bossii
1448 2420 1877 2502 Hieronimi,
1910 2422 2022 2489 De
2050 2431 2220 2510 toga
2246 2442 2545 2489 romana
2573 2420 3156 2502 commentarius,
3188 2420 3594 2489 Amstelod.
3637 2420 3845 2502 1671,
3878 2420 3952 2488 in
3990 2421 4098 2502 12,
4131 2420 4257 2510 fig.

712 2532 847 2589 Con
869 2532 1029 2589 belle
1054 2550 1087 2589 e
1111 2550 1432 2589 numerose
1456 2532 1656 2589 tavole
1682 2532 1735 2589 a’
1767 2531 1976 2606 luoghi
2001 2531 2163 2589 citati
2188 2532 2286 2589 nel
2310 2540 2463 2589 testo
2489 2550 2522 2589 e
2547 2550 2664 2589 con
2688 2532 2962 2606 elegante
2987 2531 3380 2606 frontespizio
3405 2531 3715 2606 intagliato
3742 2532 3819 2589 da
3841 2533 3910 2589 R.
3939 2532 4014 2589 de
4039 2533 4274 2606 Hooge.

479 2728 686 2797 1798.
736 2728 1254 2796 SPANDUGINO
1292 2727 1649 2809 Teodoro,
1697 2727 2191 2796 Commentari
2236 2727 2696 2817 dell’origine
2740 2727 2853 2796 de’
2904 2727 3211 2817 principi
3254 2727 3483 2796 turchi
3529 2749 3568 2796 e
3612 2727 3725 2796 de’
3778 2727 4089 2796 costumi
4134 2727 4206 2796 di
4249 2727 4490 2817 quella

712 2842 1040 2924 nazione,
1073 2842 1495 2911 Torrentino
1534 2842 1743 2924 1551,
1776 2842 1850 2910 in
1883 2843 1945 2911 8.

713 2954 997 3028 Operetta
1022 2962 1314 3028 stampata
1336 2953 1399 3010 in
1421 2953 1521 3011 bei
1547 2953 1817 3011 caratteri
1842 2953 2064 3011 corsivi
2090 2972 2123 3011 e
2146 2953 2378 3028 ripiena
2401 2953 2462 3011 di
2487 2953 2710 3011 notizie
2736 2953 2972 3011 curiose
2997 2972 3030 3011 e
3055 2953 3431 3011 interessanti
3455 2972 3562 3028 per
3585 2954 3643 3011 la
3669 2953 3851 3011 storia
3874 2972 3907 3011 e
3932 2954 3988 3011 le
4013 2972 4236 3011 usanze
4261 2953 4322 3011 di
4348 2953 4487 3028 quei

710 3049 939 3124 popoh.

487 3246 694 3315 1799.
734 3246 995 3314 SPONII
1020 3245 1294 3327 Jacobi,
1332 3247 1751 3335 Ignotorum
1785 3256 1995 3335 atque
2029 3245 2503 3314 obscurorum
2535 3245 2987 3335 quorundam
3019 3247 3343 3314 Deorum
3377 3267 3537 3314 arae
3570 3267 3759 3314 nunc
3792 3245 4108 3335 primum
4140 3245 4214 3313 in
4247 3245 4488 3314 lucem

713 3359 918 3428 datae
947 3359 1282 3449 notisque
1311 3359 1678 3441 illustrata,
1711 3359 2045 3449 Lugduni
2084 3359 2292 3441 1676,
2325 3359 2399 3427 in
2437 3360 2544 3428 12.

712 3471 847 3528 Con
883 3470 1393 3528 un’annotazione
1431 3470 1818 3528 manoscritta
1854 3471 1952 3528 del
1992 3470 2113 3545 Sig.
2154 3470 2461 3528 Villoison
2497 3470 2735 3528 intorno
2774 3471 2830 3528 le
2868 3489 3049 3545 opere
3086 3470 3197 3528 che
3234 3479 3484 3528 trattano
3523 3470 3685 3545 degli
3723 3470 3821 3528 dei
3858 3470 4065 3545 ignoti.
4106 3470 4416 3545 Aggiunto
4456 3489 4490 3528 a

712 3575 924 3641 questo
952 3566 1001 3624 si
1025 3575 1195 3624 trova
1218 3567 1417 3641 legato
1442 3566 1485 3623 il
1512 3575 1814 3641 seguente.

487 3763 694 3831 1800.
749 3763 1011 3831 SPONII
1051 3762 1325 3844 Jacobi,
1374 3765 1488 3831 De
1540 3762 1564 3831 l
1579 3764 1905 3850 ’Origine
1953 3762 2082 3831 des
2129 3765 2470 3831 Estrenes
2519 3762 2854 3831 discours
2903 3762 3304 3851 historique
3354 3776 3424 3831 et
3468 3762 3706 3831 moral
3753 3776 4063 3831 contenu
4111 3762 4296 3831 dans
4347 3786 4484 3831 une

714 3877 940 3959 lettre,
970 3880 1181 3946 Lioni
1213 3877 1421 3958 1673,
1451 3901 1599 3965 par
1628 3880 1692 3946 T.
1729 3879 1791 3947 S.
1826 3880 1913 3946 D.
1947 3880 2046 3946 M.

713 3989 940 4060 Questa
972 3989 1005 4046 e
1039 3989 1097 4046 la
1130 4007 1271 4046 vera
1301 3988 1495 4063 prima
1527 3988 1805 4046 edizione
1839 3988 1900 4046 di
1934 3997 2146 4063 questo
2183 3989 2449 4046 secondo
2482 4007 2614 4046 raro
2649 3989 3027 4063 opuscoletto
3062 4007 3095 4046 e
3127 3988 3425 4063 prezioso.
3462 3990 3687 4046 Brunet
3719 3988 3837 4046 cita
3868 4007 3987 4046 una
4019 3989 4096 4046 da
4128 3988 4211 4046 lui
4245 3989 4488 4046 creduta

710 4084 903 4159 prima
930 4084 1208 4142 edizione
1237 4085 1335 4142 del
1371 4084 1548 4152 1674;
1578 4103 1677 4142 ma
1704 4084 1807 4142 noi
1836 4085 1894 4142 la
1921 4084 2225 4142 crediamo
2257 4085 2537 4152 seconda,
2568 4093 2731 4142 tanto
2759 4084 2864 4159 più
2892 4084 3003 4142 che
3032 4084 3152 4159 egli
3181 4084 3316 4142 dice
3344 4103 3466 4142 non
3494 4084 3721 4142 esservi
3748 4093 3934 4159 punto
3963 4103 4144 4142 nome
4173 4084 4234 4142 di
4264 4093 4485 4152 autore,

711 4189 939 4238 mentre
964 4180 1066 4255 qui
1091 4181 1147 4238 le
1171 4180 1399 4238 iniziali
1426 4199 1683 4238 servono
1710 4199 1744 4238 a
1767 4180 1857 4238 far
1880 4199 2209 4238 conoscere
2235 4180 2534 4238 Giacomo
2562 4181 2728 4255 Spon
2752 4182 3004 4238 Dottore
3029 4180 3090 4238 di
3114 4180 3431 4238 medicina.

483 4376 690 4444 1801.
726 4376 978 4444 SMITH
1001 4375 1375 4444 Hamilton
1405 4375 1726 4457 Charles,
1758 4375 2074 4444 Ancient
2102 4386 2430 4444 costume
2461 4375 2546 4444 of
2567 4375 2918 4465 England,
2951 4375 3258 4444 London
3296 4376 3505 4457 1813,
3538 4375 3612 4443 in
3640 4376 3708 4457 4,
3742 4375 3984 4465 grand.

713 4487 914 4561 Opera
939 4495 1230 4561 stampata
1253 4486 1786 4561 magnificamente
1811 4505 1928 4544 con
1953 4486 2031 4544 60
2056 4487 2256 4544 tavole
2281 4487 2563 4544 colorate.

483 4683 690 4751 1802.
753 4683 1288 4751 STOCHASSEN.
1349 4684 1461 4751 De
1519 4682 1735 4764 cultu,
1797 4704 1878 4751 ac
1934 4704 2070 4751 usu
2126 4682 2484 4751 luuiinutn
2541 4682 2856 4772 antiquo:
2926 4684 3019 4772 [p.
3082 4683 3251 4765 309]
3314 4682 3623 4751 Accedit
3678 4682 3767 4751 de
3823 4682 4146 4751 misterio
4204 4682 4485 4751 Cereris

711 4797 1054 4866 Eleusina
1082 4808 1239 4879 etc.,
1272 4797 1428 4887 Traj
1440 4797 1578 4866 ecti
1610 4797 1699 4866 ad
1728 4797 2064 4866 Rhenum
2101 4797 2309 4879 1627,
2342 4797 2416 4865 in
2454 4798 2561 4866 12.

711 4908 892 4966 Libro
916 4908 1098 4983 pieno
1124 4908 1185 4966 di
1212 4908 1511 4983 singolare
1536 4927 1569 4966 e
1592 4908 1893 4983 profonda
1916 4908 2280 4966 erudizione.

483 5105 690 5173 1803.
732 5105 1037 5173 STRUTT
1065 5104 1356 5194 Joseph,
1395 5104 1547 5173 The
1583 5104 1950 5173 chronicle
1986 5104 2071 5173 of
2099 5104 2430 5194 England
2465 5104 2609 5173 vol.
2658 5105 2686 5172 1
2730 5104 2921 5173 from
2954 5104 3073 5173 the
3111 5104 3366 5173 arrival
3402 5104 3487 5173 of
3515 5104 3745 5173 Julius
3783 5105 4051 5173 Caesar
4083 5115 4157 5173 to
4192 5104 4311 5173 the
4347 5104 4487 5173 end

713 5219 798 5288 of
819 5219 938 5288 the
969 5220 1214 5288 Saxon
1242 5219 1653 5309 heptarchy,
1686 5219 1993 5288 London
2031 5220 2239 5301 1777,
2272 5219 2346 5287 in
2374 5220 2442 5301 4,
2475 5219 2602 5309 fig.

714 5330 878 5387 Sono
904 5338 1112 5404 queste
1137 5330 1193 5387 le
1218 5329 1436 5404 cinque
1459 5329 1610 5404 parti
1635 5329 1696 5387 di
1721 5338 1931 5404 questa
1954 5330 2229 5387 Cronaca
2252 5348 2370 5387 con
2394 5330 2473 5386 22
2498 5330 2698 5387 tavole
2722 5329 3074 5387 illustrative
3098 5329 3405 5404 intagliate
3429 5329 3492 5386 in
3514 5348 3695 5387 rame.

479 5526 686 5594 1804.
725 5526 1030 5594 STRUTT
1055 5525 1346 5615 Joseph,
1381 5525 1804 5615 Angleterre
1839 5525 2209 5607 ancienne,
2246 5547 2341 5594 ou
2372 5525 2658 5594 tableau
2691 5525 2817 5594 des
2851 5547 3162 5607 moeurs,
3197 5547 3483 5615 usages,
3521 5547 3774 5607 armes,
3809 5525 4315 5594 habillements
4350 5536 4482 5594 etc.

713 5640 839 5709 des
875 5640 1166 5709 anciens
1199 5640 1556 5709 habitants
1591 5640 1680 5709 de
1713 5640 2218 5730 l’Angleterre,
2255 5662 2572 5730 ouvrage
2603 5640 2865 5709 traduit
2896 5640 2985 5709 de
3017 5640 3355 5730 l’anglais
3388 5662 3514 5730 par
3544 5642 3650 5709 M.
3688 5642 3770 5709 B.
3812 5641 3924 5722 **,
3960 5640 4154 5709 Paris
4197 5641 4405 5722 1789,
4442 5641 4486 5708 2

712 5755 882 5837 vol.,
915 5755 989 5823 in
1017 5756 1085 5837 4,
1118 5755 1244 5845 fig.

713 5867 1117 5941 Quest’opera
1154 5867 1187 5924 è
1227 5866 1585 5924 annunciata
1623 5867 1721 5924 dal
1759 5867 2080 5924 traduttore
2119 5885 2295 5924 come
2335 5866 2799 5924 continuazione
2838 5867 2996 5924 delle
3036 5866 3360 5924 collezioni
3400 5866 3461 5924 di
3499 5866 3904 5924 Montfaucon
3942 5885 3975 5924 e
4015 5866 4076 5924 di
4116 5867 4360 5941 Caylus.
4403 5868 4487 5924 Le

711 5963 911 6020 tavole
935 5962 997 6019 in
1021 5981 1271 6020 numero
1297 5962 1358 6020 di
1383 5964 1460 6020 77
1490 5981 1640 6020 sono
1665 5963 1763 6020 nel
1788 5963 2033 6020 volume
2060 5963 2345 6020 secondo.

487 6158 694 6227 1805.
730 6158 1472 6240 STUCKIIGuÌHe1mÌ,
1504 6158 2036 6248 Antiquitatum
2065 6158 2560 6227 convivalium
2588 6158 2750 6227 libri
2779 6169 2941 6240 tres,
2974 6158 3218 6248 Tiguri
3257 6158 3465 6240 1582,
3499 6158 3573 6226 in
3602 6158 3729 6227 fol.

713 6270 1131 6344 Grand’opera
1156 6269 1218 6326 in
1245 6269 1342 6327 cui
1368 6269 1727 6344 raccogliesi
1755 6278 1903 6327 tutto
1932 6269 2029 6327 ciò
2058 6269 2169 6327 che
2196 6269 2258 6326 in
2285 6278 2495 6344 questa
2521 6269 2770 6327 materia
2798 6269 2847 6327 si
2875 6270 2908 6327 è
2938 6278 3148 6344 saputo
3177 6288 3210 6327 e
3238 6269 3418 6327 citato
3447 6270 3524 6327 da
3548 6269 3678 6327 tutti
3706 6269 3790 6344 gli
3819 6269 4026 6337 autori,
4055 6270 4404 6344 prendendo
4433 6270 4490 6327 la

712 6383 858 6422 cosa
888 6373 1043 6422 sotto
1074 6364 1217 6439 ogni
1248 6373 1478 6439 aspetto
1509 6364 1943 6422 d’erudizione.
1978 6364 2190 6436 Questi
2222 6364 2271 6422 si
2301 6365 2548 6422 estende
2578 6365 2727 6422 oltre
2757 6365 2813 6422 le
2846 6365 2964 6422 800
2992 6364 3211 6439 pagine
3240 6364 3303 6421 in
3331 6383 3412 6422 un
3441 6373 3724 6422 carattere
3753 6364 3984 6422 minuto
4015 6383 4048 6422 e
4078 6364 4337 6422 corsivo.
4370 6365 4487 6422 Nel

2171 6657 2347 6694 WWW.
2358 6637 2734 6710 memofonte.
2748 6639 2791 6694 it
