<?xml version="1.0" encoding="UTF-8"?>
<!DOCTYPE html PUBLIC "-//W3C//DTD XHTML 1.0 Transitional//EN"
    "http://www.w3.org/TR/xhtml1/DTD/xhtml1-transitional.dtd">
<html xmlns="http://www.w3.org/1999/xhtml" xml:lang="en" lang="en">
 <head>
  <title>
</title>
<meta http-equiv="Content-Type" content="text/html;charset=utf-8" />
  <meta name='ocr-system' content='tesseract 3.04.00' />
  <meta name='ocr-capabilities' content='ocr_page ocr_carea ocr_par ocr_line ocrx_word'/>
</head>
<body>
  <div class='ocr_page' id='page_1' title='image "tess/page246.tif"; bbox 0 0 4958 7017; ppageno 0'>
   <div class='ocr_carea' id='block_1_1' title="bbox 2171 398 2776 850">
    <p class='ocr_par' dir='ltr' id='par_1_1' title="bbox 2171 398 2776 850">
     <span class='ocr_line' id='line_1_1' title="bbox 2171 398 2776 850; baseline 0 6167"><span class='ocrx_word' id='word_1_1' title='bbox 2171 398 2776 850; x_wconf 95' lang='ita' dir='ltr'> </span> 
     </span>
    </p>
   </div>
   <div class='ocr_carea' id='block_1_2' title="bbox 1390 864 3571 1035">
    <p class='ocr_par' dir='ltr' id='par_1_2' title="bbox 1390 864 3571 1035">
     <span class='ocr_line' id='line_1_2' title="bbox 1981 864 2976 922; baseline 0.001 -1"><span class='ocrx_word' id='word_1_2' title='bbox 1981 864 2366 922; x_wconf 80' lang='ita' dir='ltr'>Fondazione</span> <span class='ocrx_word' id='word_1_3' title='bbox 2390 864 2775 922; x_wconf 93' lang='ita' dir='ltr'>Memofonte</span> <span class='ocrx_word' id='word_1_4' title='bbox 2800 865 2976 922; x_wconf 86' lang='ita' dir='ltr'>onlus</span> 
     </span>
     <span class='ocr_line' id='line_1_3' title="bbox 1390 960 3571 1035; baseline 0 -17"><span class='ocrx_word' id='word_1_5' title='bbox 1390 960 1600 1018; x_wconf 98' lang='ita' dir='ltr'>Studio</span> <span class='ocrx_word' id='word_1_6' title='bbox 1624 979 1731 1035; x_wconf 99' lang='ita' dir='ltr'>per</span> <span class='ocrx_word' id='word_1_7' title='bbox 1754 960 2226 1018; x_wconf 98' lang='ita' dir='ltr'>l’elaborazione</span> <span class='ocrx_word' id='word_1_8' title='bbox 2250 960 2632 1018; x_wconf 93' lang='ita' dir='ltr'>informatica</span> <span class='ocrx_word' id='word_1_9' title='bbox 2655 961 2813 1018; x_wconf 98' lang='ita' dir='ltr'>delle</span> <span class='ocrx_word' id='word_1_10' title='bbox 2838 960 2991 1018; x_wconf 93' lang='ita' dir='ltr'>fonti</span> <span class='ocrx_word' id='word_1_11' title='bbox 3018 960 3571 1018; x_wconf 96' lang='ita' dir='ltr'>storico—artistiche</span> 
     </span>
    </p>
   </div>
   <div class='ocr_carea' id='block_1_3' title="bbox 472 1119 4264 1123">
    <p class='ocr_par' dir='ltr' id='par_1_3' title="bbox 472 1119 4264 1123">
     <span class='ocr_line' id='line_1_4' title="bbox 472 1119 4264 1123; baseline 0 0"><span class='ocrx_word' id='word_1_12' title='bbox 472 1119 4264 1123; x_wconf 95' lang='ita' dir='ltr'> </span> 
     </span>
    </p>
   </div>
   <div class='ocr_carea' id='block_1_4' title="bbox 711 1251 4478 1456">
    <p class='ocr_par' dir='ltr' id='par_1_4' title="bbox 711 1251 4478 1456">
     <span class='ocr_line' id='line_1_5' title="bbox 713 1251 4478 1341; baseline -0 -21"><span class='ocrx_word' id='word_1_13' title='bbox 713 1252 1034 1320; x_wconf 90' lang='ita' dir='ltr'>Gesuato</span> <span class='ocrx_word' id='word_1_14' title='bbox 1087 1253 1431 1320; x_wconf 82' lang='ita' dir='ltr'>Vescovo</span> <span class='ocrx_word' id='word_1_15' title='bbox 1485 1251 1557 1320; x_wconf 91' lang='ita' dir='ltr'>di</span> <span class='ocrx_word' id='word_1_16' title='bbox 1609 1251 1937 1341; x_wconf 91' lang='ita' dir='ltr'>Fuligno.</span> <span class='ocrx_word' id='word_1_17' title='bbox 1995 1253 2355 1341; x_wconf 91' lang='ita' dir='ltr'>Impresso</span> <span class='ocrx_word' id='word_1_18' title='bbox 2408 1251 2840 1320; x_wconf 90' lang='ita' dir='ltr'>nell’inclita</span> <span class='ocrx_word' id='word_1_19' title='bbox 2891 1251 3105 1341; x_wconf 90' lang='ita' dir='ltr'>Cipta</span> <span class='ocrx_word' id='word_1_20' title='bbox 3156 1251 3228 1320; x_wconf 91' lang='ita' dir='ltr'>di</span> <span class='ocrx_word' id='word_1_21' title='bbox 3279 1251 3575 1320; x_wconf 84' lang='ita' dir='ltr'>Firenze</span> <span class='ocrx_word' id='word_1_22' title='bbox 3626 1273 3752 1341; x_wconf 91' lang='ita' dir='ltr'>per</span> <span class='ocrx_word' id='word_1_23' title='bbox 3804 1252 3933 1320; x_wconf 91' lang='ita' dir='ltr'>Ser</span> <span class='ocrx_word' id='word_1_24' title='bbox 3983 1253 4311 1320; x_wconf 91' lang='ita' dir='ltr'>Lorenzo</span> <span class='ocrx_word' id='word_1_25' title='bbox 4365 1251 4478 1320; x_wconf 94' lang='ita' dir='ltr'>de’</span> 
     </span>
     <span class='ocr_line' id='line_1_6' title="bbox 711 1366 3130 1456; baseline 0 -21"><span class='ocrx_word' id='word_1_26' title='bbox 711 1366 1078 1456; x_wconf 90' lang='ita' dir='ltr'>Morgiani</span> <span class='ocrx_word' id='word_1_27' title='bbox 1110 1377 1179 1435; x_wconf 92' lang='ita' dir='ltr'>et</span> <span class='ocrx_word' id='word_1_28' title='bbox 1207 1366 1372 1435; x_wconf 90' lang='ita' dir='ltr'>Gio.</span> <span class='ocrx_word' id='word_1_29' title='bbox 1406 1366 1790 1435; x_wconf 94' lang='ita' dir='ltr'>Thodesco</span> <span class='ocrx_word' id='word_1_30' title='bbox 1821 1366 1910 1435; x_wconf 97' lang='ita' dir='ltr'>de</span> <span class='ocrx_word' id='word_1_31' title='bbox 1938 1368 2303 1456; x_wconf 90' lang='ita' dir='ltr'>Maganza</span> <span class='ocrx_word' id='word_1_32' title='bbox 2333 1388 2373 1435; x_wconf 90' lang='ita' dir='ltr'>a</span> <span class='ocrx_word' id='word_1_33' title='bbox 2401 1367 2495 1435; x_wconf 88' lang='ita'>20</span> <span class='ocrx_word' id='word_1_34' title='bbox 2526 1366 2598 1435; x_wconf 90' lang='ita' dir='ltr'>di</span> <span class='ocrx_word' id='word_1_35' title='bbox 2627 1368 2884 1435; x_wconf 90' lang='ita' dir='ltr'>Marzo</span> <span class='ocrx_word' id='word_1_36' title='bbox 2923 1367 3130 1436; x_wconf 89' lang='ita'>1491.</span> 
     </span>
    </p>
   </div>
   <div class='ocr_carea' id='block_1_5' title="bbox 710 1477 4487 1648">
    <p class='ocr_par' dir='ltr' id='par_1_5' title="bbox 710 1477 4487 1648">
     <span class='ocr_line' id='line_1_7' title="bbox 711 1477 4487 1552; baseline -0 -17"><span class='ocrx_word' id='word_1_37' title='bbox 711 1479 795 1535; x_wconf 97' lang='ita' dir='ltr'>Le</span> <span class='ocrx_word' id='word_1_38' title='bbox 822 1486 907 1535; x_wconf 99' lang='ita' dir='ltr'>tre</span> <span class='ocrx_word' id='word_1_39' title='bbox 934 1478 1135 1535; x_wconf 97' lang='ita' dir='ltr'>tavole</span> <span class='ocrx_word' id='word_1_40' title='bbox 1163 1477 1274 1535; x_wconf 96' lang='ita' dir='ltr'>che</span> <span class='ocrx_word' id='word_1_41' title='bbox 1302 1477 1405 1552; x_wconf 99' lang='ita' dir='ltr'>qui</span> <span class='ocrx_word' id='word_1_42' title='bbox 1436 1477 1485 1535; x_wconf 96' lang='ita' dir='ltr'>si</span> <span class='ocrx_word' id='word_1_43' title='bbox 1513 1496 1795 1552; x_wconf 98' lang='ita' dir='ltr'>veggono</span> <span class='ocrx_word' id='word_1_44' title='bbox 1823 1477 2130 1552; x_wconf 98' lang='ita' dir='ltr'>intagliate</span> <span class='ocrx_word' id='word_1_45' title='bbox 2157 1477 2219 1534; x_wconf 98' lang='ita' dir='ltr'>in</span> <span class='ocrx_word' id='word_1_46' title='bbox 2247 1478 2427 1552; x_wconf 99' lang='ita' dir='ltr'>legno</span> <span class='ocrx_word' id='word_1_47' title='bbox 2458 1496 2609 1535; x_wconf 97' lang='ita' dir='ltr'>sono</span> <span class='ocrx_word' id='word_1_48' title='bbox 2637 1477 2971 1535; x_wconf 85' lang='ita' dir='ltr'>imitazioni</span> <span class='ocrx_word' id='word_1_49' title='bbox 2999 1478 3157 1535; x_wconf 98' lang='ita' dir='ltr'>delle</span> <span class='ocrx_word' id='word_1_50' title='bbox 3184 1486 3269 1535; x_wconf 99' lang='ita' dir='ltr'>tre</span> <span class='ocrx_word' id='word_1_51' title='bbox 3296 1477 3359 1534; x_wconf 99' lang='ita' dir='ltr'>in</span> <span class='ocrx_word' id='word_1_52' title='bbox 3384 1496 3567 1545; x_wconf 93' lang='ita' dir='ltr'>rame,</span> <span class='ocrx_word' id='word_1_53' title='bbox 3598 1477 3709 1535; x_wconf 96' lang='ita' dir='ltr'>che</span> <span class='ocrx_word' id='word_1_54' title='bbox 3740 1486 3950 1535; x_wconf 96' lang='ita' dir='ltr'>stanno</span> <span class='ocrx_word' id='word_1_55' title='bbox 3978 1478 4139 1535; x_wconf 99' lang='ita' dir='ltr'>nella</span> <span class='ocrx_word' id='word_1_56' title='bbox 4165 1478 4355 1535; x_wconf 99' lang='ita' dir='ltr'>molto</span> <span class='ocrx_word' id='word_1_57' title='bbox 4382 1477 4487 1552; x_wconf 88' lang='ita' dir='ltr'>più</span> 
     </span>
     <span class='ocr_line' id='line_1_8' title="bbox 710 1573 1815 1648; baseline 0 -17"><span class='ocrx_word' id='word_1_58' title='bbox 710 1592 840 1631; x_wconf 97' lang='ita' dir='ltr'>rara</span> <span class='ocrx_word' id='word_1_59' title='bbox 863 1592 896 1631; x_wconf 99' lang='ita' dir='ltr'>e</span> <span class='ocrx_word' id='word_1_60' title='bbox 919 1573 1187 1648; x_wconf 97' lang='ita' dir='ltr'>pregiata</span> <span class='ocrx_word' id='word_1_61' title='bbox 1210 1573 1488 1631; x_wconf 92' lang='ita' dir='ltr'>edizione</span> <span class='ocrx_word' id='word_1_62' title='bbox 1513 1574 1611 1631; x_wconf 99' lang='ita' dir='ltr'>del</span> <span class='ocrx_word' id='word_1_63' title='bbox 1643 1574 1815 1631; x_wconf 89' lang='ita'>1477.</span> 
     </span>
    </p>
   </div>
   <div class='ocr_carea' id='block_1_6' title="bbox 471 1769 4487 2261">
    <p class='ocr_par' dir='ltr' id='par_1_6' title="bbox 471 1769 4487 2261">
     <span class='ocr_line' id='line_1_9' title="bbox 471 1769 4483 1851; baseline -0 -13"><span class='ocrx_word' id='word_1_64' title='bbox 471 1769 686 1838; x_wconf 96' lang='ita'>2068.</span> <span class='ocrx_word' id='word_1_65' title='bbox 723 1771 1029 1838; x_wconf 90' lang='ita' dir='ltr'>MOYNE</span> <span class='ocrx_word' id='word_1_66' title='bbox 1056 1769 1311 1851; x_wconf 90' lang='ita' dir='ltr'>Pierre,</span> <span class='ocrx_word' id='word_1_67' title='bbox 1348 1771 1451 1838; x_wconf 90' lang='ita' dir='ltr'>La</span> <span class='ocrx_word' id='word_1_68' title='bbox 1484 1769 1772 1838; x_wconf 86' lang='ita' dir='ltr'>Galerie</span> <span class='ocrx_word' id='word_1_69' title='bbox 1806 1769 1932 1838; x_wconf 97' lang='ita' dir='ltr'>des</span> <span class='ocrx_word' id='word_1_70' title='bbox 1968 1769 2278 1838; x_wconf 85' lang='ita' dir='ltr'>femmes</span> <span class='ocrx_word' id='word_1_71' title='bbox 2313 1769 2558 1851; x_wconf 91' lang='ita' dir='ltr'>fortes,</span> <span class='ocrx_word' id='word_1_72' title='bbox 2595 1769 2812 1851; x_wconf 90' lang='ita' dir='ltr'>Paris,</span> <span class='ocrx_word' id='word_1_73' title='bbox 2850 1769 3026 1838; x_wconf 86' lang='ita' dir='ltr'>chez</span> <span class='ocrx_word' id='word_1_74' title='bbox 3060 1769 3379 1838; x_wconf 85' lang='ita' dir='ltr'>Antoine</span> <span class='ocrx_word' id='word_1_75' title='bbox 3413 1769 3502 1838; x_wconf 97' lang='ita' dir='ltr'>de</span> <span class='ocrx_word' id='word_1_76' title='bbox 3537 1769 3958 1851; x_wconf 90' lang='ita' dir='ltr'>Somaville,</span> <span class='ocrx_word' id='word_1_77' title='bbox 4004 1769 4212 1851; x_wconf 97' lang='ita'>1647,</span> <span class='ocrx_word' id='word_1_78' title='bbox 4249 1769 4323 1837; x_wconf 90' lang='ita' dir='ltr'>in</span> <span class='ocrx_word' id='word_1_79' title='bbox 4356 1769 4483 1838; x_wconf 96' lang='ita' dir='ltr'>fol.</span> 
     </span>
     <span class='ocr_line' id='line_1_10' title="bbox 712 1884 838 1974; baseline 0.008 -22"><span class='ocrx_word' id='word_1_80' title='bbox 712 1884 838 1974; x_wconf 90' lang='ita' dir='ltr'>fig.</span> 
     </span>
     <span class='ocr_line' id='line_1_11' title="bbox 711 1995 4487 2070; baseline 0 -17"><span class='ocrx_word' id='word_1_81' title='bbox 711 1995 791 2053; x_wconf 91' lang='ita' dir='ltr'>Vi</span> <span class='ocrx_word' id='word_1_82' title='bbox 823 2014 973 2053; x_wconf 97' lang='ita' dir='ltr'>sono</span> <span class='ocrx_word' id='word_1_83' title='bbox 1004 1995 1166 2053; x_wconf 86' lang='ita' dir='ltr'>venti</span> <span class='ocrx_word' id='word_1_84' title='bbox 1196 1995 1405 2070; x_wconf 80' lang='ita' dir='ltr'>grandi</span> <span class='ocrx_word' id='word_1_85' title='bbox 1434 1996 1634 2053; x_wconf 97' lang='ita' dir='ltr'>tavole</span> <span class='ocrx_word' id='word_1_86' title='bbox 1663 1995 1969 2070; x_wconf 97' lang='ita' dir='ltr'>intagliate</span> <span class='ocrx_word' id='word_1_87' title='bbox 1998 1995 2061 2052; x_wconf 99' lang='ita' dir='ltr'>in</span> <span class='ocrx_word' id='word_1_88' title='bbox 2088 2014 2252 2053; x_wconf 98' lang='ita' dir='ltr'>rame</span> <span class='ocrx_word' id='word_1_89' title='bbox 2282 2014 2399 2053; x_wconf 97' lang='ita' dir='ltr'>con</span> <span class='ocrx_word' id='word_1_90' title='bbox 2427 1995 2488 2053; x_wconf 98' lang='ita' dir='ltr'>io</span> <span class='ocrx_word' id='word_1_91' title='bbox 2519 1995 2714 2070; x_wconf 93' lang='ita' dir='ltr'>figure</span> <span class='ocrx_word' id='word_1_92' title='bbox 2743 1995 2805 2052; x_wconf 98' lang='ita' dir='ltr'>in</span> <span class='ocrx_word' id='word_1_93' title='bbox 2832 1995 2997 2070; x_wconf 91' lang='ita' dir='ltr'>piedi</span> <span class='ocrx_word' id='word_1_94' title='bbox 3027 1995 3088 2053; x_wconf 99' lang='ita' dir='ltr'>di</span> <span class='ocrx_word' id='word_1_95' title='bbox 3118 1996 3317 2053; x_wconf 98' lang='ita' dir='ltr'>donne</span> <span class='ocrx_word' id='word_1_96' title='bbox 3347 1995 3703 2070; x_wconf 96' lang='ita' dir='ltr'>coraggiose</span> <span class='ocrx_word' id='word_1_97' title='bbox 3734 1995 4044 2070; x_wconf 96' lang='ita' dir='ltr'>disegnate</span> <span class='ocrx_word' id='word_1_98' title='bbox 4074 1996 4151 2053; x_wconf 98' lang='ita' dir='ltr'>da</span> <span class='ocrx_word' id='word_1_99' title='bbox 4178 1995 4425 2070; x_wconf 97' lang='ita' dir='ltr'>Vignon</span> <span class='ocrx_word' id='word_1_100' title='bbox 4454 2014 4487 2053; x_wconf 99' lang='ita' dir='ltr'>e</span> 
     </span>
     <span class='ocr_line' id='line_1_12' title="bbox 711 2091 4486 2166; baseline 0 -17"><span class='ocrx_word' id='word_1_101' title='bbox 711 2091 901 2149; x_wconf 96' lang='ita' dir='ltr'>incise</span> <span class='ocrx_word' id='word_1_102' title='bbox 928 2092 1005 2149; x_wconf 98' lang='ita' dir='ltr'>da</span> <span class='ocrx_word' id='word_1_103' title='bbox 1030 2092 1173 2149; x_wconf 85' lang='ita' dir='ltr'>Abr.</span> <span class='ocrx_word' id='word_1_104' title='bbox 1203 2093 1417 2159; x_wconf 91' lang='ita' dir='ltr'>Bosse,</span> <span class='ocrx_word' id='word_1_105' title='bbox 1447 2092 1524 2149; x_wconf 98' lang='ita' dir='ltr'>da</span> <span class='ocrx_word' id='word_1_106' title='bbox 1547 2092 1892 2149; x_wconf 93' lang='ita' dir='ltr'>Roussellet</span> <span class='ocrx_word' id='word_1_107' title='bbox 1917 2110 1950 2149; x_wconf 99' lang='ita' dir='ltr'>e</span> <span class='ocrx_word' id='word_1_108' title='bbox 1978 2091 2107 2149; x_wconf 88' lang='ita' dir='ltr'>altri</span> <span class='ocrx_word' id='word_1_109' title='bbox 2133 2092 2293 2149; x_wconf 98' lang='ita' dir='ltr'>nella</span> <span class='ocrx_word' id='word_1_110' title='bbox 2318 2091 2704 2166; x_wconf 82' lang='ita' dir='ltr'>Calcografia</span> <span class='ocrx_word' id='word_1_111' title='bbox 2730 2091 2791 2149; x_wconf 99' lang='ita' dir='ltr'>di</span> <span class='ocrx_word' id='word_1_112' title='bbox 2817 2091 3113 2149; x_wconf 93' lang='ita' dir='ltr'>Mariette.</span> <span class='ocrx_word' id='word_1_113' title='bbox 3143 2092 3260 2149; x_wconf 93' lang='ita' dir='ltr'>Nel</span> <span class='ocrx_word' id='word_1_114' title='bbox 3287 2091 3476 2149; x_wconf 93' lang='ita' dir='ltr'>fondo</span> <span class='ocrx_word' id='word_1_115' title='bbox 3504 2091 3565 2149; x_wconf 99' lang='ita' dir='ltr'>di</span> <span class='ocrx_word' id='word_1_116' title='bbox 3592 2091 3836 2149; x_wconf 88' lang='ita' dir='ltr'>ciascun</span> <span class='ocrx_word' id='word_1_117' title='bbox 3862 2092 4089 2166; x_wconf 97' lang='ita' dir='ltr'>quadro</span> <span class='ocrx_word' id='word_1_118' title='bbox 4117 2092 4150 2149; x_wconf 87' lang='ita' dir='ltr'>e</span> <span class='ocrx_word' id='word_1_119' title='bbox 4176 2091 4486 2166; x_wconf 97' lang='ita' dir='ltr'>intagliato</span> 
     </span>
     <span class='ocr_line' id='line_1_13' title="bbox 711 2186 2499 2261; baseline 0.001 -18"><span class='ocrx_word' id='word_1_120' title='bbox 711 2186 773 2243; x_wconf 98' lang='ita' dir='ltr'>in</span> <span class='ocrx_word' id='word_1_121' title='bbox 797 2187 1042 2244; x_wconf 99' lang='ita' dir='ltr'>lontano</span> <span class='ocrx_word' id='word_1_122' title='bbox 1067 2186 1110 2243; x_wconf 99' lang='ita' dir='ltr'>il</span> <span class='ocrx_word' id='word_1_123' title='bbox 1135 2186 1283 2244; x_wconf 93' lang='ita' dir='ltr'>fatto</span> <span class='ocrx_word' id='word_1_124' title='bbox 1307 2186 1638 2261; x_wconf 97' lang='ita' dir='ltr'>principale</span> <span class='ocrx_word' id='word_1_125' title='bbox 1663 2186 2088 2244; x_wconf 96' lang='ita' dir='ltr'>caratteristico</span> <span class='ocrx_word' id='word_1_126' title='bbox 2114 2186 2175 2244; x_wconf 99' lang='ita' dir='ltr'>di</span> <span class='ocrx_word' id='word_1_127' title='bbox 2200 2186 2499 2244; x_wconf 97' lang='ita' dir='ltr'>ciascuna.</span> 
     </span>
    </p>
   </div>
   <div class='ocr_carea' id='block_1_7' title="bbox 471 2382 4489 2587">
    <p class='ocr_par' dir='ltr' id='par_1_7' title="bbox 471 2382 4489 2587">
     <span class='ocr_line' id='line_1_14' title="bbox 471 2382 4483 2472; baseline 0 -22"><span class='ocrx_word' id='word_1_128' title='bbox 471 2382 686 2452; x_wconf 90' lang='ita'>2069.</span> <span class='ocrx_word' id='word_1_129' title='bbox 728 2384 1174 2464; x_wconf 87' lang='ita' dir='ltr'>NAVICULA,</span> <span class='ocrx_word' id='word_1_130' title='bbox 1219 2382 1373 2451; x_wconf 82' lang='ita' dir='ltr'>sive</span> <span class='ocrx_word' id='word_1_131' title='bbox 1415 2382 1793 2472; x_wconf 94' lang='ita' dir='ltr'>speculum</span> <span class='ocrx_word' id='word_1_132' title='bbox 1830 2382 2194 2451; x_wconf 90' lang='ita' dir='ltr'>fatuorum</span> <span class='ocrx_word' id='word_1_133' title='bbox 2230 2382 2827 2472; x_wconf 90' lang='ita' dir='ltr'>praestantissimi</span> <span class='ocrx_word' id='word_1_134' title='bbox 2869 2404 3228 2451; x_wconf 90' lang='ita' dir='ltr'>sacrarum</span> <span class='ocrx_word' id='word_1_135' title='bbox 3265 2382 3657 2451; x_wconf 90' lang='ita' dir='ltr'>litterarum</span> <span class='ocrx_word' id='word_1_136' title='bbox 3695 2382 4010 2451; x_wconf 91' lang='ita' dir='ltr'>doctoris</span> <span class='ocrx_word' id='word_1_137' title='bbox 4049 2384 4156 2451; x_wconf 82' lang='ita' dir='ltr'>Jo.</span> <span class='ocrx_word' id='word_1_138' title='bbox 4199 2382 4483 2472; x_wconf 90' lang='ita' dir='ltr'>Begler,</span> 
     </span>
     <span class='ocr_line' id='line_1_15' title="bbox 713 2497 4489 2587; baseline 0 -21"><span class='ocrx_word' id='word_1_139' title='bbox 713 2497 1245 2587; x_wconf 88' lang='ita' dir='ltr'>Kepserbergii,</span> <span class='ocrx_word' id='word_1_140' title='bbox 1289 2519 1329 2566; x_wconf 90' lang='ita' dir='ltr'>a</span> <span class='ocrx_word' id='word_1_141' title='bbox 1364 2499 1638 2587; x_wconf 82' lang='ita' dir='ltr'>Jacopo</span> <span class='ocrx_word' id='word_1_142' title='bbox 1679 2497 1950 2566; x_wconf 89' lang='ita' dir='ltr'>Odiero</span> <span class='ocrx_word' id='word_1_143' title='bbox 1990 2497 2370 2587; x_wconf 91' lang='ita' dir='ltr'>diligenter</span> <span class='ocrx_word' id='word_1_144' title='bbox 2408 2497 2735 2579; x_wconf 90' lang='ita' dir='ltr'>collecta,</span> <span class='ocrx_word' id='word_1_145' title='bbox 2778 2497 3302 2587; x_wconf 90' lang='ita' dir='ltr'>compendiosa</span> <span class='ocrx_word' id='word_1_146' title='bbox 3338 2497 3529 2566; x_wconf 90' lang='ita' dir='ltr'>vitae</span> <span class='ocrx_word' id='word_1_147' title='bbox 3568 2497 3898 2566; x_wconf 91' lang='ita' dir='ltr'>eiusdem</span> <span class='ocrx_word' id='word_1_148' title='bbox 3936 2497 4324 2587; x_wconf 89' lang='ita' dir='ltr'>descriptio</span> <span class='ocrx_word' id='word_1_149' title='bbox 4362 2519 4489 2587; x_wconf 91' lang='ita' dir='ltr'>per</span> 
     </span>
    </p>
   </div>
   <div class='ocr_carea' id='block_1_8' title="bbox 710 2612 4490 2894">
    <p class='ocr_par' dir='ltr' id='par_1_8' title="bbox 710 2612 4490 2894">
     <span class='ocr_line' id='line_1_16' title="bbox 712 2612 3160 2702; baseline -0 -21"><span class='ocrx_word' id='word_1_150' title='bbox 712 2614 1019 2681; x_wconf 90' lang='ita' dir='ltr'>Beatum</span> <span class='ocrx_word' id='word_1_151' title='bbox 1047 2612 1478 2681; x_wconf 90' lang='ita' dir='ltr'>Rhenanum</span> <span class='ocrx_word' id='word_1_152' title='bbox 1508 2612 2062 2694; x_wconf 90' lang='ita' dir='ltr'>Sclestaninum,</span> <span class='ocrx_word' id='word_1_153' title='bbox 2094 2612 2550 2702; x_wconf 85' lang='ita' dir='ltr'>Argentorati</span> <span class='ocrx_word' id='word_1_154' title='bbox 2589 2612 2798 2694; x_wconf 97' lang='ita'>1511,</span> <span class='ocrx_word' id='word_1_155' title='bbox 2831 2612 2905 2680; x_wconf 90' lang='ita' dir='ltr'>in</span> <span class='ocrx_word' id='word_1_156' title='bbox 2933 2613 3001 2694; x_wconf 89' lang='ita'>4,</span> <span class='ocrx_word' id='word_1_157' title='bbox 3034 2612 3160 2702; x_wconf 90' lang='ita' dir='ltr'>fig.</span> 
     </span>
     <span class='ocr_line' id='line_1_17' title="bbox 713 2723 4490 2798; baseline -0 -17"><span class='ocrx_word' id='word_1_158' title='bbox 713 2724 940 2795; x_wconf 89' lang='ita' dir='ltr'>Questa</span> <span class='ocrx_word' id='word_1_159' title='bbox 975 2724 1008 2781; x_wconf 87' lang='ita' dir='ltr'>e</span> <span class='ocrx_word' id='word_1_160' title='bbox 1044 2742 1162 2781; x_wconf 98' lang='ita' dir='ltr'>una</span> <span class='ocrx_word' id='word_1_161' title='bbox 1195 2723 1484 2798; x_wconf 84' lang='ita' dir='ltr'>parafrasi</span> <span class='ocrx_word' id='word_1_162' title='bbox 1520 2724 1680 2781; x_wconf 98' lang='ita' dir='ltr'>della</span> <span class='ocrx_word' id='word_1_163' title='bbox 1718 2723 2023 2781; x_wconf 93' lang='ita' dir='ltr'>Stultifera</span> <span class='ocrx_word' id='word_1_164' title='bbox 2057 2723 2247 2781; x_wconf 93' lang='ita' dir='ltr'>Navis</span> <span class='ocrx_word' id='word_1_165' title='bbox 2284 2723 2345 2781; x_wconf 99' lang='ita' dir='ltr'>di</span> <span class='ocrx_word' id='word_1_166' title='bbox 2384 2723 2739 2781; x_wconf 89' lang='ita' dir='ltr'>Sebastiano</span> <span class='ocrx_word' id='word_1_167' title='bbox 2775 2723 2999 2781; x_wconf 91' lang='ita' dir='ltr'>Brandi</span> <span class='ocrx_word' id='word_1_168' title='bbox 3035 2742 3152 2781; x_wconf 97' lang='ita' dir='ltr'>con</span> <span class='ocrx_word' id='word_1_169' title='bbox 3187 2723 3613 2798; x_wconf 96' lang='ita' dir='ltr'>copiosissime</span> <span class='ocrx_word' id='word_1_170' title='bbox 3649 2724 3850 2781; x_wconf 97' lang='ita' dir='ltr'>tavole</span> <span class='ocrx_word' id='word_1_171' title='bbox 3885 2723 3948 2780; x_wconf 99' lang='ita' dir='ltr'>in</span> <span class='ocrx_word' id='word_1_172' title='bbox 3983 2724 4163 2798; x_wconf 99' lang='ita' dir='ltr'>legno</span> <span class='ocrx_word' id='word_1_173' title='bbox 4200 2723 4261 2781; x_wconf 99' lang='ita' dir='ltr'>di</span> <span class='ocrx_word' id='word_1_174' title='bbox 4295 2723 4490 2798; x_wconf 98' lang='ita' dir='ltr'>prima</span> 
     </span>
     <span class='ocr_line' id='line_1_18' title="bbox 710 2819 4332 2894; baseline 0 -17"><span class='ocrx_word' id='word_1_175' title='bbox 710 2820 998 2877; x_wconf 97' lang='ita' dir='ltr'>bellezza.</span> <span class='ocrx_word' id='word_1_176' title='bbox 1027 2820 1220 2877; x_wconf 99' lang='ita' dir='ltr'>Cento</span> <span class='ocrx_word' id='word_1_177' title='bbox 1246 2838 1279 2877; x_wconf 99' lang='ita' dir='ltr'>e</span> <span class='ocrx_word' id='word_1_178' title='bbox 1304 2819 1462 2877; x_wconf 97' lang='ita' dir='ltr'>dieci</span> <span class='ocrx_word' id='word_1_179' title='bbox 1489 2838 1639 2877; x_wconf 97' lang='ita' dir='ltr'>sono</span> <span class='ocrx_word' id='word_1_180' title='bbox 1665 2820 1721 2877; x_wconf 99' lang='ita' dir='ltr'>le</span> <span class='ocrx_word' id='word_1_181' title='bbox 1746 2828 1936 2877; x_wconf 99' lang='ita' dir='ltr'>torme</span> <span class='ocrx_word' id='word_1_182' title='bbox 1961 2819 2059 2877; x_wconf 99' lang='ita' dir='ltr'>dei</span> <span class='ocrx_word' id='word_1_183' title='bbox 2086 2819 2246 2877; x_wconf 96' lang='ita' dir='ltr'>stolti</span> <span class='ocrx_word' id='word_1_184' title='bbox 2271 2838 2389 2877; x_wconf 97' lang='ita' dir='ltr'>con</span> <span class='ocrx_word' id='word_1_185' title='bbox 2414 2819 2728 2877; x_wconf 97' lang='ita' dir='ltr'>altrettanti</span> <span class='ocrx_word' id='word_1_186' title='bbox 2754 2819 2990 2894; x_wconf 82' lang='ita' dir='ltr'>disegni</span> <span class='ocrx_word' id='word_1_187' title='bbox 3015 2838 3048 2877; x_wconf 99' lang='ita' dir='ltr'>e</span> <span class='ocrx_word' id='word_1_188' title='bbox 3073 2820 3131 2877; x_wconf 98' lang='ita' dir='ltr'>la</span> <span class='ocrx_word' id='word_1_189' title='bbox 3153 2820 3355 2877; x_wconf 97' lang='ita' dir='ltr'>tavola</span> <span class='ocrx_word' id='word_1_190' title='bbox 3378 2820 3536 2877; x_wconf 98' lang='ita' dir='ltr'>delle</span> <span class='ocrx_word' id='word_1_191' title='bbox 3561 2819 3807 2877; x_wconf 98' lang='ita' dir='ltr'>materie</span> <span class='ocrx_word' id='word_1_192' title='bbox 3832 2820 3865 2877; x_wconf 87' lang='ita' dir='ltr'>e</span> <span class='ocrx_word' id='word_1_193' title='bbox 3890 2819 4332 2894; x_wconf 96' lang='ita' dir='ltr'>copiosissima.</span> 
     </span>
    </p>
   </div>
   <div class='ocr_carea' id='block_1_9' title="bbox 471 3015 4483 3105">
    <p class='ocr_par' dir='ltr' id='par_1_9' title="bbox 471 3015 4483 3105">
     <span class='ocr_line' id='line_1_19' title="bbox 471 3015 4483 3105; baseline 0 -21"><span class='ocrx_word' id='word_1_194' title='bbox 471 3016 686 3084; x_wconf 88' lang='ita'>2070.</span> <span class='ocrx_word' id='word_1_195' title='bbox 728 3017 840 3084; x_wconf 98' lang='ita' dir='ltr'>De</span> <span class='ocrx_word' id='word_1_196' title='bbox 877 3017 1308 3084; x_wconf 89' lang='ita' dir='ltr'>NOBILIBUS</span> <span class='ocrx_word' id='word_1_197' title='bbox 1343 3017 1611 3097; x_wconf 89' lang='ita' dir='ltr'>Petrus,</span> <span class='ocrx_word' id='word_1_198' title='bbox 1652 3015 1822 3084; x_wconf 90' lang='ita' dir='ltr'>Vita</span> <span class='ocrx_word' id='word_1_199' title='bbox 1859 3026 1928 3084; x_wconf 92' lang='ita' dir='ltr'>et</span> <span class='ocrx_word' id='word_1_200' title='bbox 1963 3015 2311 3084; x_wconf 90' lang='ita' dir='ltr'>miracula</span> <span class='ocrx_word' id='word_1_201' title='bbox 2348 3016 2418 3084; x_wconf 90' lang='ita' dir='ltr'>S.</span> <span class='ocrx_word' id='word_1_202' title='bbox 2460 3015 2822 3084; x_wconf 90' lang='ita' dir='ltr'>Francisci</span> <span class='ocrx_word' id='word_1_203' title='bbox 2861 3015 2950 3084; x_wconf 97' lang='ita' dir='ltr'>de</span> <span class='ocrx_word' id='word_1_204' title='bbox 2988 3015 3208 3084; x_wconf 90' lang='ita' dir='ltr'>Paula</span> <span class='ocrx_word' id='word_1_205' title='bbox 3246 3015 3488 3084; x_wconf 90' lang='ita' dir='ltr'>aeneis</span> <span class='ocrx_word' id='word_1_206' title='bbox 3526 3015 3715 3105; x_wconf 91' lang='ita' dir='ltr'>typis</span> <span class='ocrx_word' id='word_1_207' title='bbox 3757 3026 4083 3084; x_wconf 90' lang='ita' dir='ltr'>accurate</span> <span class='ocrx_word' id='word_1_208' title='bbox 4122 3037 4483 3105; x_wconf 76' lang='ita' dir='ltr'>expressa,</span> 
     </span>
    </p>
   </div>
   <div class='ocr_carea' id='block_1_10' title="bbox 706 3130 4487 3410">
    <p class='ocr_par' dir='ltr' id='par_1_10' title="bbox 706 3130 4487 3410">
     <span class='ocr_line' id='line_1_20' title="bbox 713 3130 3630 3220; baseline 0 -21"><span class='ocrx_word' id='word_1_209' title='bbox 713 3152 950 3220; x_wconf 90' lang='ita' dir='ltr'>opera,</span> <span class='ocrx_word' id='word_1_210' title='bbox 986 3130 1245 3212; x_wconf 91' lang='ita' dir='ltr'>studio,</span> <span class='ocrx_word' id='word_1_211' title='bbox 1279 3141 1348 3199; x_wconf 92' lang='ita' dir='ltr'>et</span> <span class='ocrx_word' id='word_1_212' title='bbox 1376 3130 1714 3220; x_wconf 76' lang='ita' dir='ltr'>expensis</span> <span class='ocrx_word' id='word_1_213' title='bbox 1745 3132 1833 3199; x_wconf 94' lang='ita' dir='ltr'>D.</span> <span class='ocrx_word' id='word_1_214' title='bbox 1867 3130 2051 3199; x_wconf 90' lang='ita' dir='ltr'>Petri</span> <span class='ocrx_word' id='word_1_215' title='bbox 2082 3141 2239 3212; x_wconf 91' lang='ita' dir='ltr'>etc.,</span> <span class='ocrx_word' id='word_1_216' title='bbox 2272 3132 2551 3199; x_wconf 90' lang='ita' dir='ltr'>Romae</span> <span class='ocrx_word' id='word_1_217' title='bbox 2589 3130 2798 3212; x_wconf 97' lang='ita'>1584,</span> <span class='ocrx_word' id='word_1_218' title='bbox 2831 3130 2905 3198; x_wconf 90' lang='ita' dir='ltr'>in</span> <span class='ocrx_word' id='word_1_219' title='bbox 2933 3131 3001 3212; x_wconf 98' lang='ita'>4,</span> <span class='ocrx_word' id='word_1_220' title='bbox 3035 3141 3315 3199; x_wconf 90' lang='ita' dir='ltr'>constat</span> <span class='ocrx_word' id='word_1_221' title='bbox 3341 3130 3480 3199; x_wconf 90' lang='ita' dir='ltr'>tab.</span> <span class='ocrx_word' id='word_1_222' title='bbox 3516 3131 3630 3199; x_wconf 96' lang='ita'>38.</span> 
     </span>
     <span class='ocr_line' id='line_1_21' title="bbox 713 3241 4487 3316; baseline 0 -17"><span class='ocrx_word' id='word_1_223' title='bbox 713 3242 938 3313; x_wconf 88' lang='ita' dir='ltr'>Queste</span> <span class='ocrx_word' id='word_1_224' title='bbox 977 3242 1177 3299; x_wconf 97' lang='ita' dir='ltr'>tavole</span> <span class='ocrx_word' id='word_1_225' title='bbox 1215 3241 1278 3298; x_wconf 99' lang='ita' dir='ltr'>in</span> <span class='ocrx_word' id='word_1_226' title='bbox 1314 3260 1479 3299; x_wconf 97' lang='ita' dir='ltr'>rame</span> <span class='ocrx_word' id='word_1_227' title='bbox 1520 3241 1883 3316; x_wconf 97' lang='ita' dir='ltr'>somigliano</span> <span class='ocrx_word' id='word_1_228' title='bbox 1924 3241 2135 3299; x_wconf 93' lang='ita' dir='ltr'>affatto</span> <span class='ocrx_word' id='word_1_229' title='bbox 2176 3242 2291 3299; x_wconf 98' lang='ita' dir='ltr'>alle</span> <span class='ocrx_word' id='word_1_230' title='bbox 2329 3241 2434 3316; x_wconf 88' lang='ita' dir='ltr'>più</span> <span class='ocrx_word' id='word_1_231' title='bbox 2470 3260 2649 3299; x_wconf 98' lang='ita' dir='ltr'>rozze</span> <span class='ocrx_word' id='word_1_232' title='bbox 2687 3241 2971 3299; x_wconf 96' lang='ita' dir='ltr'>incisioni</span> <span class='ocrx_word' id='word_1_233' title='bbox 3009 3241 3072 3298; x_wconf 99' lang='ita' dir='ltr'>in</span> <span class='ocrx_word' id='word_1_234' title='bbox 3110 3242 3308 3316; x_wconf 99' lang='ita' dir='ltr'>legno.</span> <span class='ocrx_word' id='word_1_235' title='bbox 3350 3242 3467 3299; x_wconf 93' lang='ita' dir='ltr'>Nel</span> <span class='ocrx_word' id='word_1_236' title='bbox 3507 3241 3900 3316; x_wconf 93' lang='ita' dir='ltr'>frontespizio</span> <span class='ocrx_word' id='word_1_237' title='bbox 3941 3242 3996 3299; x_wconf 98' lang='ita' dir='ltr'>al</span> <span class='ocrx_word' id='word_1_238' title='bbox 4033 3242 4215 3299; x_wconf 97' lang='ita' dir='ltr'>basso</span> <span class='ocrx_word' id='word_1_239' title='bbox 4255 3241 4487 3316; x_wconf 97' lang='ita' dir='ltr'>leggesi</span> 
     </span>
     <span class='ocr_line' id='line_1_22' title="bbox 706 3336 1541 3410; baseline 0 -16"><span class='ocrx_word' id='word_1_240' title='bbox 706 3337 1074 3410; x_wconf 78' lang='ita' dir='ltr'>Ambrogias</span> <span class='ocrx_word' id='word_1_241' title='bbox 1096 3336 1432 3394; x_wconf 77' lang='ita' dir='ltr'>Brambilla</span> <span class='ocrx_word' id='word_1_242' title='bbox 1459 3356 1541 3394; x_wconf 81' lang='ita' dir='ltr'>ec.</span> 
     </span>
    </p>
   </div>
   <div class='ocr_carea' id='block_1_11' title="bbox 710 3436 4489 3633">
    <p class='ocr_par' dir='ltr' id='par_1_11' title="bbox 710 3436 4489 3633">
     <span class='ocr_line' id='line_1_23' title="bbox 710 3436 4489 3526; baseline 0 -21"><span class='ocrx_word' id='word_1_243' title='bbox 710 3479 809 3484; x_wconf 98' lang='ita'><strong>—</strong></span> <span class='ocrx_word' id='word_1_244' title='bbox 841 3436 1112 3505; x_wconf 86' lang='ita' dir='ltr'>Addita</span> <span class='ocrx_word' id='word_1_245' title='bbox 1144 3436 1292 3505; x_wconf 90' lang='ita' dir='ltr'>vita</span> <span class='ocrx_word' id='word_1_246' title='bbox 1326 3447 1395 3505; x_wconf 92' lang='ita' dir='ltr'>et</span> <span class='ocrx_word' id='word_1_247' title='bbox 1427 3436 1775 3505; x_wconf 90' lang='ita' dir='ltr'>miracula</span> <span class='ocrx_word' id='word_1_248' title='bbox 1808 3436 2137 3505; x_wconf 91' lang='ita' dir='ltr'>eiusdem</span> <span class='ocrx_word' id='word_1_249' title='bbox 2171 3436 2261 3505; x_wconf 98' lang='ita' dir='ltr'>de</span> <span class='ocrx_word' id='word_1_250' title='bbox 2295 3458 2490 3505; x_wconf 95' lang='ita' dir='ltr'>novo</span> <span class='ocrx_word' id='word_1_251' title='bbox 2525 3436 2714 3526; x_wconf 91' lang='ita' dir='ltr'>typis</span> <span class='ocrx_word' id='word_1_252' title='bbox 2753 3458 3022 3505; x_wconf 78' lang='ita' dir='ltr'>excusa</span> <span class='ocrx_word' id='word_1_253' title='bbox 3055 3447 3124 3505; x_wconf 92' lang='ita' dir='ltr'>et</span> <span class='ocrx_word' id='word_1_254' title='bbox 3156 3436 3367 3505; x_wconf 91' lang='ita' dir='ltr'>novis</span> <span class='ocrx_word' id='word_1_255' title='bbox 3402 3436 3664 3505; x_wconf 90' lang='ita' dir='ltr'>tabulis</span> <span class='ocrx_word' id='word_1_256' title='bbox 3702 3447 3771 3505; x_wconf 92' lang='ita' dir='ltr'>et</span> <span class='ocrx_word' id='word_1_257' title='bbox 3803 3436 4169 3505; x_wconf 90' lang='ita' dir='ltr'>miracolis</span> <span class='ocrx_word' id='word_1_258' title='bbox 4207 3447 4414 3505; x_wconf 90' lang='ita' dir='ltr'>aucta</span> <span class='ocrx_word' id='word_1_259' title='bbox 4449 3458 4489 3505; x_wconf 90' lang='ita' dir='ltr'>a</span> 
     </span>
     <span class='ocr_line' id='line_1_24' title="bbox 711 3551 2283 3633; baseline 0 -13"><span class='ocrx_word' id='word_1_260' title='bbox 711 3553 747 3620; x_wconf 81' lang='ita'>]</span> <span class='ocrx_word' id='word_1_261' title='bbox 753 3573 862 3620; x_wconf 90' lang='ita' dir='ltr'>oa.</span> <span class='ocrx_word' id='word_1_262' title='bbox 896 3551 964 3620; x_wconf 98' lang='ita' dir='ltr'>le</span> <span class='ocrx_word' id='word_1_263' title='bbox 994 3551 1204 3620; x_wconf 92' lang='ita' dir='ltr'>Clerc</span> <span class='ocrx_word' id='word_1_264' title='bbox 1243 3551 1451 3633; x_wconf 97' lang='ita'>1615,</span> <span class='ocrx_word' id='word_1_265' title='bbox 1485 3562 1765 3620; x_wconf 90' lang='ita' dir='ltr'>constat</span> <span class='ocrx_word' id='word_1_266' title='bbox 1791 3551 1930 3620; x_wconf 90' lang='ita' dir='ltr'>tab.</span> <span class='ocrx_word' id='word_1_267' title='bbox 1965 3552 2081 3633; x_wconf 88' lang='ita'>27,</span> <span class='ocrx_word' id='word_1_268' title='bbox 2114 3551 2188 3619; x_wconf 90' lang='ita' dir='ltr'>in</span> <span class='ocrx_word' id='word_1_269' title='bbox 2216 3552 2283 3620; x_wconf 96' lang='ita'>4.</span> 
     </span>
    </p>
   </div>
   <div class='ocr_carea' id='block_1_12' title="bbox 710 3662 4487 3833">
    <p class='ocr_par' dir='ltr' id='par_1_12' title="bbox 710 3662 4487 3833">
     <span class='ocr_line' id='line_1_25' title="bbox 713 3662 4487 3737; baseline 0 -17"><span class='ocrx_word' id='word_1_270' title='bbox 713 3663 942 3734; x_wconf 88' lang='ita' dir='ltr'>Questo</span> <span class='ocrx_word' id='word_1_271' title='bbox 971 3662 1108 3720; x_wconf 92' lang='ita' dir='ltr'>Gio.</span> <span class='ocrx_word' id='word_1_272' title='bbox 1139 3664 1223 3720; x_wconf 97' lang='ita' dir='ltr'>Le</span> <span class='ocrx_word' id='word_1_273' title='bbox 1250 3663 1425 3720; x_wconf 97' lang='ita' dir='ltr'>Clerc</span> <span class='ocrx_word' id='word_1_274' title='bbox 1453 3681 1553 3720; x_wconf 97' lang='ita' dir='ltr'>era</span> <span class='ocrx_word' id='word_1_275' title='bbox 1576 3663 1695 3720; x_wconf 99' lang='ita' dir='ltr'>ben</span> <span class='ocrx_word' id='word_1_276' title='bbox 1721 3663 1901 3737; x_wconf 99' lang='ita' dir='ltr'>lunge</span> <span class='ocrx_word' id='word_1_277' title='bbox 1928 3663 2086 3720; x_wconf 98' lang='ita' dir='ltr'>dalle</span> <span class='ocrx_word' id='word_1_278' title='bbox 2113 3662 2338 3737; x_wconf 82' lang='ita' dir='ltr'>qualità</span> <span class='ocrx_word' id='word_1_279' title='bbox 2363 3681 2396 3720; x_wconf 99' lang='ita' dir='ltr'>e</span> <span class='ocrx_word' id='word_1_280' title='bbox 2423 3663 2521 3720; x_wconf 97' lang='ita' dir='ltr'>dal</span> <span class='ocrx_word' id='word_1_281' title='bbox 2548 3681 2645 3720; x_wconf 99' lang='ita' dir='ltr'>me</span> <span class='ocrx_word' id='word_1_282' title='bbox 2677 3664 2755 3737; x_wconf 93' lang='ita' dir='ltr'>[p.</span> <span class='ocrx_word' id='word_1_283' title='bbox 2788 3662 3050 3732; x_wconf 91' lang='ita' dir='ltr'>357]rito</span> <span class='ocrx_word' id='word_1_284' title='bbox 3078 3662 3139 3720; x_wconf 99' lang='ita' dir='ltr'>di</span> <span class='ocrx_word' id='word_1_285' title='bbox 3168 3662 3540 3720; x_wconf 90' lang='ita' dir='ltr'>Sebastiano:</span> <span class='ocrx_word' id='word_1_286' title='bbox 3573 3662 3706 3720; x_wconf 98' lang='ita' dir='ltr'>anzi</span> <span class='ocrx_word' id='word_1_287' title='bbox 3731 3681 4001 3737; x_wconf 97' lang='ita' dir='ltr'>possono</span> <span class='ocrx_word' id='word_1_288' title='bbox 4029 3662 4173 3720; x_wconf 96' lang='ita' dir='ltr'>dirsi</span> <span class='ocrx_word' id='word_1_289' title='bbox 4199 3663 4399 3720; x_wconf 97' lang='ita' dir='ltr'>tavole</span> <span class='ocrx_word' id='word_1_290' title='bbox 4426 3662 4487 3720; x_wconf 99' lang='ita' dir='ltr'>di</span> 
     </span>
     <span class='ocr_line' id='line_1_26' title="bbox 710 3758 1273 3833; baseline 0 -17"><span class='ocrx_word' id='word_1_291' title='bbox 710 3758 979 3833; x_wconf 96' lang='ita' dir='ltr'>pessimo</span> <span class='ocrx_word' id='word_1_292' title='bbox 1004 3758 1273 3833; x_wconf 97' lang='ita' dir='ltr'>intaglio.</span> 
     </span>
    </p>
   </div>
   <div class='ocr_carea' id='block_1_13' title="bbox 471 3954 4487 4044">
    <p class='ocr_par' dir='ltr' id='par_1_13' title="bbox 471 3954 4487 4044">
     <span class='ocr_line' id='line_1_27' title="bbox 471 3954 4487 4044; baseline -0 -21"><span class='ocrx_word' id='word_1_293' title='bbox 471 3955 686 4023; x_wconf 96' lang='ita'>2071.</span> <span class='ocrx_word' id='word_1_294' title='bbox 734 3955 1016 4023; x_wconf 89' lang='ita' dir='ltr'>OFFICE</span> <span class='ocrx_word' id='word_1_295' title='bbox 1055 3954 1234 4039; x_wconf 90' lang='ita' dir='ltr'>(the)</span> <span class='ocrx_word' id='word_1_296' title='bbox 1280 3954 1365 4023; x_wconf 97' lang='ita' dir='ltr'>of</span> <span class='ocrx_word' id='word_1_297' title='bbox 1399 3954 1518 4023; x_wconf 92' lang='ita' dir='ltr'>the</span> <span class='ocrx_word' id='word_1_298' title='bbox 1560 3954 1756 4044; x_wconf 87' lang='ita' dir='ltr'>Holy</span> <span class='ocrx_word' id='word_1_299' title='bbox 1796 3954 2028 4023; x_wconf 84' lang='ita' dir='ltr'>Weck</span> <span class='ocrx_word' id='word_1_300' title='bbox 2070 3954 2458 4044; x_wconf 90' lang='ita' dir='ltr'>according</span> <span class='ocrx_word' id='word_1_301' title='bbox 2499 3965 2573 4023; x_wconf 91' lang='ita' dir='ltr'>to</span> <span class='ocrx_word' id='word_1_302' title='bbox 2615 3954 2734 4023; x_wconf 92' lang='ita' dir='ltr'>the</span> <span class='ocrx_word' id='word_1_303' title='bbox 2775 3954 3039 4023; x_wconf 90' lang='ita' dir='ltr'>Missal</span> <span class='ocrx_word' id='word_1_304' title='bbox 3083 3954 3222 4023; x_wconf 91' lang='ita' dir='ltr'>and</span> <span class='ocrx_word' id='word_1_305' title='bbox 3262 3956 3547 4023; x_wconf 91' lang='ita' dir='ltr'>Roman</span> <span class='ocrx_word' id='word_1_306' title='bbox 3589 3954 3940 4044; x_wconf 89' lang='ita' dir='ltr'>Breviory</span> <span class='ocrx_word' id='word_1_307' title='bbox 3980 3954 4273 4023; x_wconf 90' lang='ita' dir='ltr'>Enricht</span> <span class='ocrx_word' id='word_1_308' title='bbox 4313 3954 4487 4023; x_wconf 90' lang='ita' dir='ltr'>with</span> 
     </span>
    </p>
   </div>
   <div class='ocr_carea' id='block_1_14' title="bbox 711 4069 2245 4255">
    <p class='ocr_par' dir='ltr' id='par_1_14' title="bbox 711 4069 2245 4255">
     <span class='ocr_line' id='line_1_28' title="bbox 712 4069 2245 4159; baseline 0.001 -22"><span class='ocrx_word' id='word_1_309' title='bbox 712 4091 930 4159; x_wconf 87' lang='ita' dir='ltr'>many</span> <span class='ocrx_word' id='word_1_310' title='bbox 958 4069 1085 4159; x_wconf 90' lang='ita' dir='ltr'>fig.</span> <span class='ocrx_word' id='word_1_311' title='bbox 1117 4069 1216 4159; x_wconf 88' lang='ita' dir='ltr'>by</span> <span class='ocrx_word' id='word_1_312' title='bbox 1245 4069 1567 4151; x_wconf 91' lang='ita' dir='ltr'>Hollard,</span> <span class='ocrx_word' id='word_1_313' title='bbox 1600 4069 1795 4138; x_wconf 90' lang='ita' dir='ltr'>Paris</span> <span class='ocrx_word' id='word_1_314' title='bbox 1835 4069 2043 4151; x_wconf 97' lang='ita'>1670,</span> <span class='ocrx_word' id='word_1_315' title='bbox 2076 4069 2150 4137; x_wconf 90' lang='ita' dir='ltr'>in</span> <span class='ocrx_word' id='word_1_316' title='bbox 2183 4070 2245 4138; x_wconf 88' lang='ita'>8.</span> 
     </span>
     <span class='ocr_line' id='line_1_29' title="bbox 711 4180 1737 4255; baseline 0.001 -18"><span class='ocrx_word' id='word_1_317' title='bbox 711 4182 778 4237; x_wconf 90' lang='ita' dir='ltr'>In</span> <span class='ocrx_word' id='word_1_318' title='bbox 802 4199 944 4238; x_wconf 98' lang='ita' dir='ltr'>mar.</span> <span class='ocrx_word' id='word_1_319' title='bbox 973 4181 1098 4238; x_wconf 99' lang='ita' dir='ltr'>dor.</span> <span class='ocrx_word' id='word_1_320' title='bbox 1126 4180 1284 4238; x_wconf 91' lang='ita' dir='ltr'>Bibl.</span> <span class='ocrx_word' id='word_1_321' title='bbox 1311 4180 1737 4255; x_wconf 93' lang='ita' dir='ltr'>Malborough.</span> 
     </span>
    </p>
   </div>
   <div class='ocr_carea' id='block_1_15' title="bbox 475 4375 4486 4465">
    <p class='ocr_par' dir='ltr' id='par_1_15' title="bbox 475 4375 4486 4465">
     <span class='ocr_line' id='line_1_30' title="bbox 475 4375 4486 4465; baseline 0 -21"><span class='ocrx_word' id='word_1_322' title='bbox 475 4376 690 4444; x_wconf 96' lang='ita'>2072.</span> <span class='ocrx_word' id='word_1_323' title='bbox 736 4376 992 4444; x_wconf 87' lang='ita' dir='ltr'>OLINA</span> <span class='ocrx_word' id='word_1_324' title='bbox 1027 4375 1316 4444; x_wconf 90' lang='ita' dir='ltr'>Giovan</span> <span class='ocrx_word' id='word_1_325' title='bbox 1356 4375 1613 4457; x_wconf 90' lang='ita' dir='ltr'>Pietro,</span> <span class='ocrx_word' id='word_1_326' title='bbox 1656 4375 2084 4457; x_wconf 90' lang='ita' dir='ltr'>Uccelliera,</span> <span class='ocrx_word' id='word_1_327' title='bbox 2129 4397 2400 4444; x_wconf 91' lang='ita' dir='ltr'>ovvero</span> <span class='ocrx_word' id='word_1_328' title='bbox 2442 4375 2770 4444; x_wconf 91' lang='ita' dir='ltr'>discorso</span> <span class='ocrx_word' id='word_1_329' title='bbox 2812 4375 3003 4444; x_wconf 90' lang='ita' dir='ltr'>della</span> <span class='ocrx_word' id='word_1_330' title='bbox 3041 4386 3288 4444; x_wconf 90' lang='ita' dir='ltr'>natura</span> <span class='ocrx_word' id='word_1_331' title='bbox 3327 4397 3366 4444; x_wconf 97' lang='ita' dir='ltr'>e</span> <span class='ocrx_word' id='word_1_332' title='bbox 3405 4375 3765 4465; x_wconf 82' lang='ita' dir='ltr'>proprietà</span> <span class='ocrx_word' id='word_1_333' title='bbox 3804 4375 3876 4444; x_wconf 91' lang='ita' dir='ltr'>di</span> <span class='ocrx_word' id='word_1_334' title='bbox 3918 4375 4184 4444; x_wconf 90' lang='ita' dir='ltr'>diversi</span> <span class='ocrx_word' id='word_1_335' title='bbox 4224 4375 4486 4444; x_wconf 90' lang='ita' dir='ltr'>uccelli</span> 
     </span>
    </p>
   </div>
   <div class='ocr_carea' id='block_1_16' title="bbox 713 4490 4487 4772">
    <p class='ocr_par' dir='ltr' id='par_1_16' title="bbox 713 4490 4487 4772">
     <span class='ocr_line' id='line_1_31' title="bbox 713 4490 3635 4580; baseline -0 -21"><span class='ocrx_word' id='word_1_336' title='bbox 713 4501 844 4559; x_wconf 92' lang='ita' dir='ltr'>etc.</span> <span class='ocrx_word' id='word_1_337' title='bbox 879 4512 1018 4559; x_wconf 95' lang='ita' dir='ltr'>con</span> <span class='ocrx_word' id='word_1_338' title='bbox 1047 4490 1282 4580; x_wconf 91' lang='ita' dir='ltr'>figure</span> <span class='ocrx_word' id='word_1_339' title='bbox 1311 4490 1679 4580; x_wconf 90' lang='ita' dir='ltr'>intagliate</span> <span class='ocrx_word' id='word_1_340' title='bbox 1710 4490 1827 4559; x_wconf 90' lang='ita' dir='ltr'>dal</span> <span class='ocrx_word' id='word_1_341' title='bbox 1856 4492 2242 4580; x_wconf 90' lang='ita' dir='ltr'>Tempesta</span> <span class='ocrx_word' id='word_1_342' title='bbox 2270 4512 2309 4559; x_wconf 97' lang='ita' dir='ltr'>e</span> <span class='ocrx_word' id='word_1_343' title='bbox 2339 4490 2457 4559; x_wconf 90' lang='ita' dir='ltr'>dal</span> <span class='ocrx_word' id='word_1_344' title='bbox 2486 4490 2919 4572; x_wconf 90' lang='ita' dir='ltr'>Villamena,</span> <span class='ocrx_word' id='word_1_345' title='bbox 2952 4492 3189 4559; x_wconf 91' lang='ita' dir='ltr'>Roma</span> <span class='ocrx_word' id='word_1_346' title='bbox 3225 4490 3433 4572; x_wconf 97' lang='ita'>1633,</span> <span class='ocrx_word' id='word_1_347' title='bbox 3466 4490 3540 4558; x_wconf 90' lang='ita' dir='ltr'>in</span> <span class='ocrx_word' id='word_1_348' title='bbox 3568 4491 3635 4559; x_wconf 96' lang='ita'>4.</span> 
     </span>
     <span class='ocr_line' id='line_1_32' title="bbox 713 4601 4487 4676; baseline 0 -17"><span class='ocrx_word' id='word_1_349' title='bbox 713 4602 942 4673; x_wconf 88' lang='ita' dir='ltr'>Questo</span> <span class='ocrx_word' id='word_1_350' title='bbox 972 4601 1125 4659; x_wconf 98' lang='ita' dir='ltr'>libro</span> <span class='ocrx_word' id='word_1_351' title='bbox 1155 4601 1221 4659; x_wconf 93' lang='ita' dir='ltr'>fu</span> <span class='ocrx_word' id='word_1_352' title='bbox 1249 4601 1527 4659; x_wconf 97' lang='ita' dir='ltr'>dedicato</span> <span class='ocrx_word' id='word_1_353' title='bbox 1558 4602 1613 4659; x_wconf 98' lang='ita' dir='ltr'>al</span> <span class='ocrx_word' id='word_1_354' title='bbox 1642 4602 1789 4659; x_wconf 90' lang='ita' dir='ltr'>Cav.</span> <span class='ocrx_word' id='word_1_355' title='bbox 1822 4602 1920 4659; x_wconf 99' lang='ita' dir='ltr'>del</span> <span class='ocrx_word' id='word_1_356' title='bbox 1948 4603 2149 4659; x_wconf 91' lang='ita' dir='ltr'>Pozzo</span> <span class='ocrx_word' id='word_1_357' title='bbox 2179 4620 2212 4659; x_wconf 99' lang='ita' dir='ltr'>e</span> <span class='ocrx_word' id='word_1_358' title='bbox 2241 4601 2517 4659; x_wconf 97' lang='ita' dir='ltr'>contiene</span> <span class='ocrx_word' id='word_1_359' title='bbox 2547 4601 2625 4659; x_wconf 96' lang='ita'>66</span> <span class='ocrx_word' id='word_1_360' title='bbox 2654 4602 2855 4659; x_wconf 97' lang='ita' dir='ltr'>tavole</span> <span class='ocrx_word' id='word_1_361' title='bbox 2885 4601 3041 4659; x_wconf 97' lang='ita' dir='ltr'>assai</span> <span class='ocrx_word' id='word_1_362' title='bbox 3068 4602 3187 4659; x_wconf 99' lang='ita' dir='ltr'>ben</span> <span class='ocrx_word' id='word_1_363' title='bbox 3215 4601 3501 4676; x_wconf 97' lang='ita' dir='ltr'>eseguite.</span> <span class='ocrx_word' id='word_1_364' title='bbox 3534 4602 3723 4659; x_wconf 92' lang='ita' dir='ltr'>L’uso</span> <span class='ocrx_word' id='word_1_365' title='bbox 3754 4601 3865 4659; x_wconf 96' lang='ita' dir='ltr'>che</span> <span class='ocrx_word' id='word_1_366' title='bbox 3893 4620 3968 4659; x_wconf 99' lang='ita' dir='ltr'>ne</span> <span class='ocrx_word' id='word_1_367' title='bbox 3997 4601 4196 4659; x_wconf 96' lang='ita' dir='ltr'>hanno</span> <span class='ocrx_word' id='word_1_368' title='bbox 4226 4601 4374 4659; x_wconf 93' lang='ita' dir='ltr'>fatto</span> <span class='ocrx_word' id='word_1_369' title='bbox 4404 4601 4487 4676; x_wconf 99' lang='ita' dir='ltr'>gli</span> 
     </span>
     <span class='ocr_line' id='line_1_33' title="bbox 713 4697 2102 4772; baseline 0 -17"><span class='ocrx_word' id='word_1_370' title='bbox 713 4697 962 4755; x_wconf 97' lang='ita' dir='ltr'>amatori</span> <span class='ocrx_word' id='word_1_371' title='bbox 987 4697 1048 4755; x_wconf 99' lang='ita' dir='ltr'>di</span> <span class='ocrx_word' id='word_1_372' title='bbox 1073 4697 1279 4755; x_wconf 97' lang='ita' dir='ltr'>caccia</span> <span class='ocrx_word' id='word_1_373' title='bbox 1302 4698 1362 4755; x_wconf 99' lang='ita' dir='ltr'>lo</span> <span class='ocrx_word' id='word_1_374' title='bbox 1387 4697 1464 4755; x_wconf 96' lang='ita' dir='ltr'>ha</span> <span class='ocrx_word' id='word_1_375' title='bbox 1485 4716 1621 4755; x_wconf 96' lang='ita' dir='ltr'>reso</span> <span class='ocrx_word' id='word_1_376' title='bbox 1648 4698 1928 4772; x_wconf 92' lang='ita' dir='ltr'>alquanto</span> <span class='ocrx_word' id='word_1_377' title='bbox 1952 4716 2102 4755; x_wconf 98' lang='ita' dir='ltr'>raro.</span> 
     </span>
    </p>
   </div>
   <div class='ocr_carea' id='block_1_17' title="bbox 471 4893 4488 5673">
    <p class='ocr_par' dir='ltr' id='par_1_17' title="bbox 471 4893 4488 5673">
     <span class='ocr_line' id='line_1_34' title="bbox 471 4893 4487 4975; baseline 0 -13"><span class='ocrx_word' id='word_1_378' title='bbox 471 4894 686 4962; x_wconf 96' lang='ita'>2073.</span> <span class='ocrx_word' id='word_1_379' title='bbox 724 4894 1186 4962; x_wconf 88' lang='ita' dir='ltr'>ORACULUM</span> <span class='ocrx_word' id='word_1_380' title='bbox 1206 4893 1820 4962; x_wconf 80' lang='ita' dir='ltr'>Anachoreticam</span> <span class='ocrx_word' id='word_1_381' title='bbox 1854 4894 1924 4962; x_wconf 95' lang='ita' dir='ltr'>S.</span> <span class='ocrx_word' id='word_1_382' title='bbox 1963 4894 2033 4962; x_wconf 95' lang='ita' dir='ltr'>S.</span> <span class='ocrx_word' id='word_1_383' title='bbox 2070 4893 2254 4962; x_wconf 90' lang='ita' dir='ltr'>Patri</span> <span class='ocrx_word' id='word_1_384' title='bbox 2287 4904 2531 4962; x_wconf 91' lang='ita' dir='ltr'>nostro</span> <span class='ocrx_word' id='word_1_385' title='bbox 2565 4893 2926 4962; x_wconf 90' lang='ita' dir='ltr'>Clementi</span> <span class='ocrx_word' id='word_1_386' title='bbox 2959 4895 3146 4975; x_wconf 93' lang='ita' dir='ltr'>VIII,</span> <span class='ocrx_word' id='word_1_387' title='bbox 3183 4893 3502 4962; x_wconf 90' lang='ita' dir='ltr'>dicatum</span> <span class='ocrx_word' id='word_1_388' title='bbox 3535 4915 3722 4962; x_wconf 90' lang='ita' dir='ltr'>anno</span> <span class='ocrx_word' id='word_1_389' title='bbox 3764 4893 3971 4962; x_wconf 96' lang='ita'>1600.</span> <span class='ocrx_word' id='word_1_390' title='bbox 4007 4893 4363 4962; x_wconf 90' lang='ita' dir='ltr'>Martinus</span> <span class='ocrx_word' id='word_1_391' title='bbox 4398 4893 4487 4962; x_wconf 97' lang='ita' dir='ltr'>de</span> 
     </span>
     <span class='ocr_line' id='line_1_35' title="bbox 712 5008 3498 5098; baseline 0 -21"><span class='ocrx_word' id='word_1_392' title='bbox 712 5010 867 5077; x_wconf 97' lang='ita' dir='ltr'>Vos</span> <span class='ocrx_word' id='word_1_393' title='bbox 899 5008 1309 5090; x_wconf 90' lang='ita' dir='ltr'>delineavit,</span> <span class='ocrx_word' id='word_1_394' title='bbox 1341 5010 1448 5077; x_wconf 82' lang='ita' dir='ltr'>Jo.</span> <span class='ocrx_word' id='word_1_395' title='bbox 1484 5008 1779 5077; x_wconf 90' lang='ita' dir='ltr'>Sadeler</span> <span class='ocrx_word' id='word_1_396' title='bbox 1807 5008 2118 5090; x_wconf 75' lang='ita' dir='ltr'>excudit,</span> <span class='ocrx_word' id='word_1_397' title='bbox 2151 5008 2501 5090; x_wconf 91' lang='ita' dir='ltr'>Venetiis,</span> <span class='ocrx_word' id='word_1_398' title='bbox 2533 5019 2672 5077; x_wconf 90' lang='ita' dir='ltr'>tav.</span> <span class='ocrx_word' id='word_1_399' title='bbox 2708 5008 2824 5090; x_wconf 98' lang='ita'>26,</span> <span class='ocrx_word' id='word_1_400' title='bbox 2858 5008 2975 5077; x_wconf 97' lang='ita' dir='ltr'>col</span> <span class='ocrx_word' id='word_1_401' title='bbox 3004 5008 3498 5098; x_wconf 91' lang='ita' dir='ltr'>frontespizio.</span> 
     </span>
     <span class='ocr_line' id='line_1_36' title="bbox 710 5123 4488 5213; baseline 0 -21"><span class='ocrx_word' id='word_1_402' title='bbox 710 5166 809 5171; x_wconf 98' lang='ita'><strong>—</strong></span> <span class='ocrx_word' id='word_1_403' title='bbox 891 5123 1130 5193; x_wconf 82' lang='ita' dir='ltr'>Silvae</span> <span class='ocrx_word' id='word_1_404' title='bbox 1214 5125 1503 5193; x_wconf 80' lang='ita' dir='ltr'>Sacrae.</span> <span class='ocrx_word' id='word_1_405' title='bbox 1595 5125 2077 5192; x_wconf 91' lang='ita' dir='ltr'>Monumenta</span> <span class='ocrx_word' id='word_1_406' title='bbox 2160 5123 2552 5192; x_wconf 90' lang='ita' dir='ltr'>Sanctioris</span> <span class='ocrx_word' id='word_1_407' title='bbox 2637 5123 3150 5213; x_wconf 90' lang='ita' dir='ltr'>Philosophiae</span> <span class='ocrx_word' id='word_1_408' title='bbox 3233 5145 3452 5213; x_wconf 90' lang='ita' dir='ltr'>quam</span> <span class='ocrx_word' id='word_1_409' title='bbox 3537 5145 3788 5192; x_wconf 90' lang='ita' dir='ltr'>severa</span> <span class='ocrx_word' id='word_1_410' title='bbox 3868 5123 4488 5192; x_wconf 86' lang='ita' dir='ltr'>Anachoretarum</span> 
     </span>
     <span class='ocr_line' id='line_1_37' title="bbox 713 5238 4483 5328; baseline 0 -21"><span class='ocrx_word' id='word_1_411' title='bbox 713 5238 1118 5328; x_wconf 90' lang='ita' dir='ltr'>disciplina,</span> <span class='ocrx_word' id='word_1_412' title='bbox 1154 5238 1302 5307; x_wconf 90' lang='ita' dir='ltr'>vita</span> <span class='ocrx_word' id='word_1_413' title='bbox 1333 5249 1402 5307; x_wconf 92' lang='ita' dir='ltr'>et</span> <span class='ocrx_word' id='word_1_414' title='bbox 1431 5238 1687 5328; x_wconf 91' lang='ita' dir='ltr'>religio</span> <span class='ocrx_word' id='word_1_415' title='bbox 1721 5238 1986 5307; x_wconf 91' lang='ita' dir='ltr'>docuit.</span> <span class='ocrx_word' id='word_1_416' title='bbox 2022 5240 2233 5307; x_wconf 90' lang='ita' dir='ltr'>Mart.</span> <span class='ocrx_word' id='word_1_417' title='bbox 2271 5238 2360 5307; x_wconf 97' lang='ita' dir='ltr'>de</span> <span class='ocrx_word' id='word_1_418' title='bbox 2392 5240 2547 5307; x_wconf 97' lang='ita' dir='ltr'>Vos</span> <span class='ocrx_word' id='word_1_419' title='bbox 2581 5238 2707 5328; x_wconf 90' lang='ita' dir='ltr'>fig.</span> <span class='ocrx_word' id='word_1_420' title='bbox 2744 5240 2851 5307; x_wconf 82' lang='ita' dir='ltr'>Jo.</span> <span class='ocrx_word' id='word_1_421' title='bbox 2888 5249 2957 5307; x_wconf 92' lang='ita' dir='ltr'>et</span> <span class='ocrx_word' id='word_1_422' title='bbox 2987 5238 3310 5328; x_wconf 90' lang='ita' dir='ltr'>Raphael</span> <span class='ocrx_word' id='word_1_423' title='bbox 3344 5238 3639 5307; x_wconf 90' lang='ita' dir='ltr'>Sadeler</span> <span class='ocrx_word' id='word_1_424' title='bbox 3670 5238 3925 5307; x_wconf 75' lang='ita' dir='ltr'>excud.</span> <span class='ocrx_word' id='word_1_425' title='bbox 3961 5238 4340 5307; x_wconf 90' lang='ita' dir='ltr'>Monachii</span> <span class='ocrx_word' id='word_1_426' title='bbox 4375 5260 4483 5307; x_wconf 90' lang='ita' dir='ltr'>an.</span> 
     </span>
     <span class='ocr_line' id='line_1_38' title="bbox 714 5353 2200 5443; baseline 0 -21"><span class='ocrx_word' id='word_1_427' title='bbox 714 5353 856 5422; x_wconf 90' lang='ita' dir='ltr'>Sal.</span> <span class='ocrx_word' id='word_1_428' title='bbox 899 5353 1107 5435; x_wconf 89' lang='ita'>1594,</span> <span class='ocrx_word' id='word_1_429' title='bbox 1139 5353 1380 5422; x_wconf 90' lang='ita' dir='ltr'>tavole</span> <span class='ocrx_word' id='word_1_430' title='bbox 1410 5354 1526 5435; x_wconf 89' lang='ita'>29,</span> <span class='ocrx_word' id='word_1_431' title='bbox 1560 5353 1677 5422; x_wconf 97' lang='ita' dir='ltr'>col</span> <span class='ocrx_word' id='word_1_432' title='bbox 1706 5353 2200 5443; x_wconf 91' lang='ita' dir='ltr'>frontespizio.</span> 
     </span>
     <span class='ocr_line' id='line_1_39' title="bbox 710 5468 4483 5558; baseline 0 -21"><span class='ocrx_word' id='word_1_433' title='bbox 710 5511 809 5516; x_wconf 98' lang='ita'><strong>—</strong></span> <span class='ocrx_word' id='word_1_434' title='bbox 838 5468 1167 5538; x_wconf 82' lang='ita' dir='ltr'>Solitado</span> <span class='ocrx_word' id='word_1_435' title='bbox 1198 5471 1347 5538; x_wconf 81' lang='ita' dir='ltr'>sive</span> <span class='ocrx_word' id='word_1_436' title='bbox 1378 5471 1567 5538; x_wconf 81' lang='ita' dir='ltr'>vitae</span> <span class='ocrx_word' id='word_1_437' title='bbox 1596 5471 1894 5537; x_wconf 80' lang='ita' dir='ltr'>Patram</span> <span class='ocrx_word' id='word_1_438' title='bbox 1922 5468 2518 5550; x_wconf 80' lang='ita' dir='ltr'>Eremicolaram,</span> <span class='ocrx_word' id='word_1_439' title='bbox 2554 5490 2594 5537; x_wconf 90' lang='ita' dir='ltr'>a</span> <span class='ocrx_word' id='word_1_440' title='bbox 2621 5470 2832 5537; x_wconf 90' lang='ita' dir='ltr'>Mart.</span> <span class='ocrx_word' id='word_1_441' title='bbox 2868 5468 2957 5537; x_wconf 97' lang='ita' dir='ltr'>de</span> <span class='ocrx_word' id='word_1_442' title='bbox 2987 5470 3142 5537; x_wconf 96' lang='ita' dir='ltr'>Vos</span> <span class='ocrx_word' id='word_1_443' title='bbox 3174 5468 3300 5558; x_wconf 88' lang='ita' dir='ltr'>fig.</span> <span class='ocrx_word' id='word_1_444' title='bbox 3336 5479 3405 5537; x_wconf 94' lang='ita' dir='ltr'>et</span> <span class='ocrx_word' id='word_1_445' title='bbox 3435 5490 3475 5537; x_wconf 90' lang='ita' dir='ltr'>a</span> <span class='ocrx_word' id='word_1_446' title='bbox 3503 5468 3731 5558; x_wconf 90' lang='ita' dir='ltr'>Raph.</span> <span class='ocrx_word' id='word_1_447' title='bbox 3767 5479 3836 5537; x_wconf 94' lang='ita' dir='ltr'>et</span> <span class='ocrx_word' id='word_1_448' title='bbox 3862 5470 3969 5537; x_wconf 80' lang='ita' dir='ltr'>Jo.</span> <span class='ocrx_word' id='word_1_449' title='bbox 4006 5468 4301 5537; x_wconf 90' lang='ita' dir='ltr'>Sadeler</span> <span class='ocrx_word' id='word_1_450' title='bbox 4330 5490 4483 5537; x_wconf 77' lang='ita' dir='ltr'>exc.</span> 
     </span>
     <span class='ocr_line' id='line_1_40' title="bbox 711 5583 4486 5673; baseline 0 -21"><span class='ocrx_word' id='word_1_451' title='bbox 711 5594 850 5652; x_wconf 90' lang='ita' dir='ltr'>tav.</span> <span class='ocrx_word' id='word_1_452' title='bbox 891 5584 984 5652; x_wconf 98' lang='ita'>30</span> <span class='ocrx_word' id='word_1_453' title='bbox 1020 5583 1137 5652; x_wconf 97' lang='ita' dir='ltr'>col</span> <span class='ocrx_word' id='word_1_454' title='bbox 1171 5583 1645 5673; x_wconf 91' lang='ita' dir='ltr'>frontespizio</span> <span class='ocrx_word' id='word_1_455' title='bbox 1681 5605 1720 5652; x_wconf 97' lang='ita' dir='ltr'>e</span> <span class='ocrx_word' id='word_1_456' title='bbox 1754 5583 1828 5651; x_wconf 90' lang='ita' dir='ltr'>in</span> <span class='ocrx_word' id='word_1_457' title='bbox 1862 5583 2013 5652; x_wconf 91' lang='ita' dir='ltr'>fine</span> <span class='ocrx_word' id='word_1_458' title='bbox 2047 5583 2148 5652; x_wconf 90' lang='ita' dir='ltr'>ivi</span> <span class='ocrx_word' id='word_1_459' title='bbox 2183 5605 2440 5652; x_wconf 94' lang='ita' dir='ltr'>mezzo</span> <span class='ocrx_word' id='word_1_460' title='bbox 2477 5605 2517 5652; x_wconf 90' lang='ita' dir='ltr'>a</span> <span class='ocrx_word' id='word_1_461' title='bbox 2548 5605 2645 5652; x_wconf 95' lang='ita' dir='ltr'>un</span> <span class='ocrx_word' id='word_1_462' title='bbox 2678 5583 3013 5673; x_wconf 90' lang='ita' dir='ltr'>riquadro</span> <span class='ocrx_word' id='word_1_463' title='bbox 3049 5583 3121 5652; x_wconf 79' lang='ita' dir='ltr'>di</span> <span class='ocrx_word' id='word_1_464' title='bbox 3156 5583 3352 5652; x_wconf 90' lang='ita' dir='ltr'>frutti</span> <span class='ocrx_word' id='word_1_465' title='bbox 3389 5583 3626 5652; x_wconf 90' lang='ita' dir='ltr'>alcuni</span> <span class='ocrx_word' id='word_1_466' title='bbox 3661 5583 3851 5652; x_wconf 91' lang='ita' dir='ltr'>versi</span> <span class='ocrx_word' id='word_1_467' title='bbox 3886 5583 4087 5652; x_wconf 90' lang='ita' dir='ltr'>latini</span> <span class='ocrx_word' id='word_1_468' title='bbox 4125 5586 4195 5652; x_wconf 83' lang='ita' dir='ltr'>in</span> <span class='ocrx_word' id='word_1_469' title='bbox 4230 5607 4486 5652; x_wconf 80' lang='ita' dir='ltr'>sacras</span> 
     </span>
    </p>
   </div>
   <div class='ocr_carea' id='block_1_18' title="bbox 711 5698 4487 5962">
    <p class='ocr_par' dir='ltr' id='par_1_18' title="bbox 711 5698 4487 5962">
     <span class='ocr_line' id='line_1_41' title="bbox 712 5698 2898 5786; baseline 0 -19"><span class='ocrx_word' id='word_1_470' title='bbox 712 5698 935 5768; x_wconf 83' lang='ita' dir='ltr'>silvas</span> <span class='ocrx_word' id='word_1_471' title='bbox 962 5701 1071 5768; x_wconf 82' lang='ita' dir='ltr'>JO.</span> <span class='ocrx_word' id='word_1_472' title='bbox 1110 5712 1180 5767; x_wconf 81' lang='ita' dir='ltr'>et</span> <span class='ocrx_word' id='word_1_473' title='bbox 1203 5698 1601 5786; x_wconf 81' lang='ita' dir='ltr'>Raphaelis</span> <span class='ocrx_word' id='word_1_474' title='bbox 1631 5698 2143 5768; x_wconf 80' lang='ita' dir='ltr'>Sadeleroram</span> <span class='ocrx_word' id='word_1_475' title='bbox 2170 5701 2661 5786; x_wconf 80' lang='ita' dir='ltr'>Paragamma</span> <span class='ocrx_word' id='word_1_476' title='bbox 2688 5701 2787 5767; x_wconf 92' lang='ita' dir='ltr'>M.</span> <span class='ocrx_word' id='word_1_477' title='bbox 2822 5701 2898 5767; x_wconf 89' lang='ita' dir='ltr'>R.</span> 
     </span>
     <span class='ocr_line' id='line_1_42' title="bbox 711 5809 4487 5884; baseline 0 -18"><span class='ocrx_word' id='word_1_478' title='bbox 711 5810 888 5867; x_wconf 91' lang='ita' dir='ltr'>Bello</span> <span class='ocrx_word' id='word_1_479' title='bbox 928 5809 1197 5884; x_wconf 93' lang='ita' dir='ltr'>intaglio,</span> <span class='ocrx_word' id='word_1_480' title='bbox 1242 5809 1708 5884; x_wconf 95' lang='ita' dir='ltr'>singolarmente</span> <span class='ocrx_word' id='word_1_481' title='bbox 1747 5828 1854 5884; x_wconf 99' lang='ita' dir='ltr'>per</span> <span class='ocrx_word' id='word_1_482' title='bbox 1891 5809 1911 5866; x_wconf 99' lang='ita' dir='ltr'>i</span> <span class='ocrx_word' id='word_1_483' title='bbox 1949 5809 2118 5884; x_wconf 97' lang='ita' dir='ltr'>paesi</span> <span class='ocrx_word' id='word_1_484' title='bbox 2158 5809 2256 5867; x_wconf 99' lang='ita' dir='ltr'>nei</span> <span class='ocrx_word' id='word_1_485' title='bbox 2296 5809 2459 5884; x_wconf 98' lang='ita' dir='ltr'>quali</span> <span class='ocrx_word' id='word_1_486' title='bbox 2498 5809 2824 5867; x_wconf 96' lang='ita' dir='ltr'>incontrasi</span> <span class='ocrx_word' id='word_1_487' title='bbox 2864 5810 3052 5867; x_wconf 98' lang='ita' dir='ltr'>molta</span> <span class='ocrx_word' id='word_1_488' title='bbox 3091 5809 3315 5867; x_wconf 82' lang='ita' dir='ltr'>varietà</span> <span class='ocrx_word' id='word_1_489' title='bbox 3351 5809 3690 5884; x_wconf 97' lang='ita' dir='ltr'>pittoresca.</span> <span class='ocrx_word' id='word_1_490' title='bbox 3734 5809 3893 5867; x_wconf 97' lang='ita' dir='ltr'>Vedi</span> <span class='ocrx_word' id='word_1_491' title='bbox 3934 5809 4123 5867; x_wconf 96' lang='ita' dir='ltr'>anche</span> <span class='ocrx_word' id='word_1_492' title='bbox 4162 5809 4413 5867; x_wconf 97' lang='ita' dir='ltr'>Valesio</span> <span class='ocrx_word' id='word_1_493' title='bbox 4454 5828 4487 5867; x_wconf 99' lang='ita' dir='ltr'>e</span> 
     </span>
     <span class='ocr_line' id='line_1_43' title="bbox 712 5904 997 5962; baseline 0 0"><span class='ocrx_word' id='word_1_494' title='bbox 712 5904 997 5962; x_wconf 97' lang='ita' dir='ltr'>Cavacio.</span> 
     </span>
    </p>
   </div>
   <div class='ocr_carea' id='block_1_19' title="bbox 471 6100 4483 6190">
    <p class='ocr_par' dir='ltr' id='par_1_19' title="bbox 471 6100 4483 6190">
     <span class='ocr_line' id='line_1_44' title="bbox 471 6100 4483 6190; baseline 0 -21"><span class='ocrx_word' id='word_1_495' title='bbox 471 6101 686 6169; x_wconf 96' lang='ita'>2074.</span> <span class='ocrx_word' id='word_1_496' title='bbox 759 6101 1372 6169; x_wconf 88' lang='ita' dir='ltr'>ORNITHOLOGIA</span> <span class='ocrx_word' id='word_1_497' title='bbox 1433 6100 1838 6169; x_wconf 90' lang='ita' dir='ltr'>Methodice</span> <span class='ocrx_word' id='word_1_498' title='bbox 1907 6100 2187 6190; x_wconf 90' lang='ita' dir='ltr'>digesta</span> <span class='ocrx_word' id='word_1_499' title='bbox 2255 6111 2465 6190; x_wconf 90' lang='ita' dir='ltr'>atque</span> <span class='ocrx_word' id='word_1_500' title='bbox 2532 6100 2865 6169; x_wconf 90' lang='ita' dir='ltr'>iconibus</span> <span class='ocrx_word' id='word_1_501' title='bbox 2936 6100 3178 6169; x_wconf 90' lang='ita' dir='ltr'>aeneis</span> <span class='ocrx_word' id='word_1_502' title='bbox 3250 6100 3339 6169; x_wconf 90' lang='ita' dir='ltr'>ad</span> <span class='ocrx_word' id='word_1_503' title='bbox 3406 6100 3659 6169; x_wconf 90' lang='ita' dir='ltr'>vivum</span> <span class='ocrx_word' id='word_1_504' title='bbox 3725 6100 4148 6169; x_wconf 90' lang='ita' dir='ltr'>illuminatis</span> <span class='ocrx_word' id='word_1_505' title='bbox 4218 6111 4483 6182; x_wconf 90' lang='ita' dir='ltr'>ornata,</span> 
     </span>
    </p>
   </div>
   <div class='ocr_carea' id='block_1_20' title="bbox 711 6215 4487 6497">
    <p class='ocr_par' dir='ltr' id='par_1_20' title="bbox 711 6215 4487 6497">
     <span class='ocr_line' id='line_1_45' title="bbox 711 6215 2724 6305; baseline 0 -21"><span class='ocrx_word' id='word_1_506' title='bbox 711 6215 1112 6284; x_wconf 90' lang='ita' dir='ltr'>Florentiae</span> <span class='ocrx_word' id='word_1_507' title='bbox 1150 6216 1358 6297; x_wconf 97' lang='ita'>1777,</span> <span class='ocrx_word' id='word_1_508' title='bbox 1392 6215 1432 6284; x_wconf 99' lang='ita'>5</span> <span class='ocrx_word' id='word_1_509' title='bbox 1466 6215 1610 6284; x_wconf 96' lang='ita' dir='ltr'>vol.</span> <span class='ocrx_word' id='word_1_510' title='bbox 1644 6215 1718 6283; x_wconf 90' lang='ita' dir='ltr'>in</span> <span class='ocrx_word' id='word_1_511' title='bbox 1748 6215 1875 6284; x_wconf 96' lang='ita' dir='ltr'>fol.</span> <span class='ocrx_word' id='word_1_512' title='bbox 1906 6215 2221 6284; x_wconf 81' lang='ita' dir='ltr'>Italiano</span> <span class='ocrx_word' id='word_1_513' title='bbox 2252 6239 2290 6284; x_wconf 81' lang='ita' dir='ltr'>e</span> <span class='ocrx_word' id='word_1_514' title='bbox 2320 6215 2565 6297; x_wconf 90' lang='ita' dir='ltr'>latino,</span> <span class='ocrx_word' id='word_1_515' title='bbox 2598 6215 2724 6305; x_wconf 90' lang='ita' dir='ltr'>fig.</span> 
     </span>
     <span class='ocr_line' id='line_1_46' title="bbox 713 6326 4487 6401; baseline -0 -17"><span class='ocrx_word' id='word_1_516' title='bbox 713 6327 914 6401; x_wconf 92' lang='ita' dir='ltr'>Opera</span> <span class='ocrx_word' id='word_1_517' title='bbox 945 6326 1221 6384; x_wconf 97' lang='ita' dir='ltr'>dedicata</span> <span class='ocrx_word' id='word_1_518' title='bbox 1253 6345 1287 6384; x_wconf 97' lang='ita' dir='ltr'>a</span> <span class='ocrx_word' id='word_1_519' title='bbox 1317 6326 1512 6384; x_wconf 91' lang='ita' dir='ltr'>Pietro</span> <span class='ocrx_word' id='word_1_520' title='bbox 1545 6327 1861 6401; x_wconf 97' lang='ita' dir='ltr'>Leopoldo</span> <span class='ocrx_word' id='word_1_521' title='bbox 1895 6345 2039 6401; x_wconf 97' lang='ita' dir='ltr'>gran</span> <span class='ocrx_word' id='word_1_522' title='bbox 2070 6328 2244 6384; x_wconf 93' lang='ita' dir='ltr'>Duca</span> <span class='ocrx_word' id='word_1_523' title='bbox 2275 6326 2336 6384; x_wconf 99' lang='ita' dir='ltr'>di</span> <span class='ocrx_word' id='word_1_524' title='bbox 2368 6328 2645 6384; x_wconf 96' lang='ita' dir='ltr'>Toscana</span> <span class='ocrx_word' id='word_1_525' title='bbox 2676 6326 2775 6384; x_wconf 97' lang='ita' dir='ltr'>dai</span> <span class='ocrx_word' id='word_1_526' title='bbox 2810 6326 2959 6401; x_wconf 86' lang='ita' dir='ltr'>Sigg.</span> <span class='ocrx_word' id='word_1_527' title='bbox 2998 6326 3246 6384; x_wconf 98' lang='ita' dir='ltr'>Saverio</span> <span class='ocrx_word' id='word_1_528' title='bbox 3279 6326 3553 6394; x_wconf 93' lang='ita' dir='ltr'>Manetti,</span> <span class='ocrx_word' id='word_1_529' title='bbox 3589 6328 3862 6384; x_wconf 97' lang='ita' dir='ltr'>Lorenzo</span> <span class='ocrx_word' id='word_1_530' title='bbox 3895 6326 4169 6394; x_wconf 93' lang='ita' dir='ltr'>Lorenzi,</span> <span class='ocrx_word' id='word_1_531' title='bbox 4204 6326 4487 6384; x_wconf 97' lang='ita' dir='ltr'>Violante</span> 
     </span>
     <span class='ocr_line' id='line_1_47' title="bbox 711 6422 4486 6497; baseline 0 -17"><span class='ocrx_word' id='word_1_532' title='bbox 711 6422 928 6480; x_wconf 97' lang='ita' dir='ltr'>Vanni.</span> <span class='ocrx_word' id='word_1_533' title='bbox 958 6424 1140 6497; x_wconf 93' lang='ita' dir='ltr'>Dopo</span> <span class='ocrx_word' id='word_1_534' title='bbox 1168 6423 1224 6480; x_wconf 99' lang='ita' dir='ltr'>le</span> <span class='ocrx_word' id='word_1_535' title='bbox 1251 6422 1459 6497; x_wconf 98' lang='ita' dir='ltr'>grandi</span> <span class='ocrx_word' id='word_1_536' title='bbox 1486 6441 1668 6497; x_wconf 99' lang='ita' dir='ltr'>opere</span> <span class='ocrx_word' id='word_1_537' title='bbox 1692 6431 2132 6480; x_wconf 97' lang='ita' dir='ltr'>recentemente</span> <span class='ocrx_word' id='word_1_538' title='bbox 2157 6422 2503 6497; x_wconf 97' lang='ita' dir='ltr'>pubblicate</span> <span class='ocrx_word' id='word_1_539' title='bbox 2529 6422 2591 6479; x_wconf 98' lang='ita' dir='ltr'>in</span> <span class='ocrx_word' id='word_1_540' title='bbox 2617 6422 2866 6480; x_wconf 97' lang='ita' dir='ltr'>materia</span> <span class='ocrx_word' id='word_1_541' title='bbox 2891 6422 2952 6480; x_wconf 99' lang='ita' dir='ltr'>di</span> <span class='ocrx_word' id='word_1_542' title='bbox 2978 6422 3185 6480; x_wconf 96' lang='ita' dir='ltr'>istoria</span> <span class='ocrx_word' id='word_1_543' title='bbox 3209 6423 3491 6490; x_wconf 93' lang='ita' dir='ltr'>naturale,</span> <span class='ocrx_word' id='word_1_544' title='bbox 3521 6431 3731 6497; x_wconf 97' lang='ita' dir='ltr'>questa</span> <span class='ocrx_word' id='word_1_545' title='bbox 3757 6423 3790 6480; x_wconf 87' lang='ita' dir='ltr'>e</span> <span class='ocrx_word' id='word_1_546' title='bbox 3817 6423 4111 6480; x_wconf 97' lang='ita' dir='ltr'>decaduta</span> <span class='ocrx_word' id='word_1_547' title='bbox 4136 6422 4486 6480; x_wconf 92' lang='ita' dir='ltr'>dall’antico</span> 
     </span>
    </p>
   </div>
   <div class='ocr_carea' id='block_1_21' title="bbox 521 6604 4439 6608">
    <p class='ocr_par' dir='ltr' id='par_1_21' title="bbox 521 6604 4439 6608">
     <span class='ocr_line' id='line_1_48' title="bbox 521 6604 4439 6608; baseline 0 0"><span class='ocrx_word' id='word_1_548' title='bbox 521 6604 4439 6608; x_wconf 95' lang='ita' dir='ltr'> </span> 
     </span>
    </p>
   </div>
   <div class='ocr_carea' id='block_1_22' title="bbox 2171 6637 2791 6710">
    <p class='ocr_par' dir='ltr' id='par_1_22' title="bbox 2171 6637 2791 6710">
     <span class='ocr_line' id='line_1_49' title="bbox 2171 6637 2791 6710; baseline 0 -16"><span class='ocrx_word' id='word_1_549' title='bbox 2171 6657 2347 6694; x_wconf 88' lang='ita' dir='ltr'>WWW.</span> <span class='ocrx_word' id='word_1_550' title='bbox 2358 6637 2734 6710; x_wconf 78' lang='ita' dir='ltr'>memofonte.</span> <span class='ocrx_word' id='word_1_551' title='bbox 2748 6639 2766 6694; x_wconf 98' lang='ita' dir='ltr'>i</span> <span class='ocrx_word' id='word_1_552' title='bbox 2770 6648 2791 6694; x_wconf 78' lang='ita' dir='ltr'>t</span> 
     </span>
    </p>
   </div>
  </div>
 </body>
</html>
