4958 7017
1981 864 2366 922 Fondazione
2390 841 2775 922 Mernofonte
2800 865 2976 922 onlus

1390 960 1600 1018 Studio
1624 979 1731 1035 per
1754 960 2226 1018 l’elaborazione
2250 960 2632 1018 informatica
2655 961 2813 1018 delle
2838 960 2991 1018 fonti
3018 960 3571 1018 storico—artistiche

487 1252 694 1320 1227.
728 1253 1115 1320 VIVENZIO
1139 1251 1468 1333 Niccola,
1502 1253 1780 1320 Lettere
1812 1251 2266 1320 scientifiche
2296 1251 2368 1320 di
2398 1251 2599 1320 vario
2631 1262 3073 1341 argomento,
3106 1253 3343 1320 Roma
3379 1252 3588 1333 1809,
3621 1251 3695 1319 in
3723 1252 3791 1333 4,
3823 1253 3929 1320 M.
3972 1252 4079 1320 12.

706 1364 816 1420 Fra
839 1371 1047 1437 queste
1072 1363 1276 1420 lettere
1302 1363 1514 1420 alcune
1538 1371 1789 1420 trattano
1815 1362 2042 1437 oggetti
2067 1362 2436 1420 d’antichità.

491 1578 698 1646 1228.
738 1579 1381 1659 WINCKELMANN,
1421 1579 1693 1646 Lettres
1731 1577 2124 1646 familieres
2164 1599 2340 1646 avec
2377 1577 2482 1646 les
2522 1599 2825 1646 oeuvres
2864 1577 2959 1646 du
2996 1577 3222 1646 Chev.
3262 1579 3553 1667 Mengs,
3593 1577 3938 1646 Yverdon
3983 1578 4191 1659 1784,
4231 1577 4375 1646 vol.
4418 1578 4483 1659 3,

707 1692 781 1760 in
819 1693 926 1761 12.

707 1803 1123 1878 Contengonsi
1148 1803 1247 1861 nei
1272 1804 1388 1861 due
1412 1803 1590 1878 primi
1617 1803 1848 1861 volumi
1873 1804 1929 1861 le
1955 1804 2159 1861 lettare
2184 1803 2245 1861 di
2269 1803 2735 1861 Winckelmann
2760 1822 2793 1861 e
2818 1822 2898 1861 un
2923 1812 3163 1861 estratto
3190 1803 3251 1861 di
3276 1804 3482 1861 lettera
3506 1803 3567 1861 di
3591 1803 3824 1861 Fuessli
3850 1804 3905 1861 al
3930 1804 4216 1861 traduttor
4238 1804 4485 1861 tedesco

707 1900 865 1957 delle
901 1899 1167 1957 ricerche
1207 1900 1297 1957 sul
1333 1900 1497 1957 bello
1536 1900 1696 1957 della
1731 1899 1948 1974 pittura
1984 1899 2045 1957 di
2081 1900 2296 1957 Webb.
2337 1900 2385 1956 Il
2422 1908 2584 1957 terzo
2623 1900 2868 1957 volume
2906 1899 3184 1957 contiene
3221 1899 3264 1956 il
3301 1908 3533 1957 trattato
3572 1899 3633 1957 di
3671 1901 3893 1974 Mengs
3932 1918 3965 1957 e
4003 1900 4061 1957 la
4097 1900 4303 1957 lettera
4340 1918 4374 1957 a
4409 1901 4483 1957 D.

706 1995 975 2053 Antonio
1000 1997 1176 2053 Pons.

475 2211 682 2280 1229.
739 2212 983 2279 VOLPI
1029 2210 1402 2300 Giuseppe
1455 2212 1727 2292 Rocco,
1783 2212 2063 2279 Lettera
2115 2210 2181 2279 al
2235 2210 2382 2300 Sig.
2439 2210 2578 2279 Ab.
2636 2210 3008 2300 Giuseppe
3059 2210 3240 2300 Finy
3290 2210 3575 2279 intorno
3630 2232 3670 2279 a
3721 2210 3860 2279 due
3914 2210 4196 2279 antiche
4248 2210 4488 2300 lapide

710 2325 1101 2415 scopertesi
1130 2325 1627 2394 ultimamente
1656 2325 1731 2393 in
1761 2325 1955 2407 Cori,
1988 2327 2225 2394 Roma
2261 2326 2469 2407 1733,
2502 2325 2576 2393 in
2604 2326 2672 2407 4,
2704 2327 2810 2394 M.
2845 2325 2960 2394 58.

2128 2797 3064 2901 DESCRIZIONI

2041 3045 2570 3113 RELAZIONI
2597 3046 2655 3112 E
2683 3045 3152 3113 MEMORIE

483 3332 690 3400 1230.
730 3331 946 3421 Degli
981 3332 1285 3400 ASCARI
1314 3331 1697 3413 Giacomo,
1735 3333 2000 3400 Nuova
2034 3331 2484 3400 descrizione
2519 3353 2665 3400 non
2699 3331 2824 3421 più
2858 3331 3090 3400 uscita
3125 3331 3263 3400 alle
3301 3342 3577 3421 stampe
3613 3331 3685 3400 di
3722 3331 3861 3400 due
3895 3331 4486 3421 principalissimi

707 3446 957 3536 quadri
988 3446 1060 3515 di
1090 3446 1476 3528 Raffaelle;
1509 3446 1715 3515 l’uno
1746 3446 1816 3515 la
1842 3446 2182 3528 Natività,
2215 3446 2454 3515 l’altro
2484 3446 3008 3515 l’Adorazione
3038 3446 3154 3515 dei
3183 3446 3412 3536 Magi,
3445 3446 3782 3536 Bologna
3818 3447 4026 3528 1820,
4059 3446 4133 3514 in
4171 3447 4278 3515 12.

709 3557 938 3615 Sonovi
978 3557 1263 3632 singolari
1300 3557 1662 3615 descrizioni
1700 3557 1899 3615 d’altri
1934 3557 2196 3632 preziosi
2233 3557 2459 3632 quadri.
2499 3557 2764 3615 Libretto
2802 3557 3042 3615 curioso
3080 3558 3156 3615 ed
3191 3557 3335 3615 utile
3370 3576 3477 3632 per
3512 3566 3856 3615 concretare
3893 3558 3951 3615 la
3984 3557 4390 3632 provenienza
4426 3557 4487 3615 di

706 3654 892 3711 molte
915 3653 1147 3728 pitture.

487 3868 694 3936 1231.
740 3869 1300 3935 BELTRAMELLI
1336 3867 1730 3957 Giuseppe,
1774 3867 2066 3936 Notizie
2107 3867 2391 3936 intorno
2435 3867 2524 3936 ad
2563 3889 2660 3936 un
2701 3867 2973 3957 quadro
3016 3867 3355 3936 esistente
3396 3867 3590 3936 nella
3630 3867 3982 3957 Cappella
4022 3867 4139 3936 del
4180 3867 4487 3936 Palazzo

708 3982 899 4051 della
926 3982 1318 4051 Prefettura
1345 3982 1419 4050 in
1448 3984 1832 4072 Bergamo,
1874 3982 2082 4064 1806,
2115 3982 2189 4050 in
2222 3983 2284 4051 8.

701 4095 1093 4167 Aggiuntavi:
1121 4095 1355 4151 Lettera
1378 4094 1540 4151 dello
1568 4102 1760 4151 stesso
1787 4094 1842 4151 al
1865 4093 2210 4168 professore
2234 4095 2507 4151 Lorenzo
2532 4093 2939 4161 Mascheroni,
2974 4094 3148 4152 1797.

479 4309 686 4377 1232.
736 4310 1133 4377 BOLOGNA
1173 4308 1439 4390 Caroli,
1489 4310 1601 4377 De
1646 4308 2135 4377 monumentis
2184 4308 2440 4377 artium
2485 4319 2554 4377 et
2597 4308 2988 4377 litterarum
3032 4330 3257 4398 nuper
3302 4330 3342 4377 a
3387 4308 3629 4377 Gallia
3672 4308 3746 4376 in
3792 4308 4070 4377 Italiam
4113 4308 4486 4398 reportatis

708 4423 979 4505 Oratio,
1012 4423 1285 4492 Patavii
1324 4424 1532 4505 1818,
1565 4423 1639 4491 in
1672 4424 1735 4505 8,
1767 4425 1873 4492 M.
1916 4423 2073 4492 106.

477 4655 570 4743 [p.
605 4654 776 4736 217]

483 4884 690 4952 1233.
726 4885 930 4952 BONI
953 4885 1237 4965 Mauro,
1272 4883 1367 4951 Di
1401 4883 1656 4952 alcune
1686 4883 1944 4973 pitture
1977 4883 2259 4952 antiche
2293 4894 2619 4973 scoperte
2650 4883 2724 4951 in
2755 4883 3099 4965 Venezia,
3135 4894 3351 4952 conto
3382 4905 3545 4952 reso
3579 4883 3848 4952 all’Ab.
3884 4883 4128 4965 Lanzi,
4163 4883 4489 4952 Venezia

716 4998 924 5080 1806,
957 4998 1031 5066 in
1064 4999 1127 5080 8,
1159 5000 1265 5067 M.
1301 4998 1415 5067 36.

483 5229 690 5297 1234.
740 5230 1300 5297 BUTTACALICE
1338 5228 1477 5297 Ab.
1529 5228 1906 5310 Grazioso,
1955 5230 2058 5297 La
2100 5228 2511 5318 possibilità
2555 5228 3172 5297 dell’esecuzione
3218 5228 3290 5297 di
3337 5228 3476 5297 due
3521 5228 3878 5318 proggetti
3925 5228 3997 5297 di
4043 5228 4368 5297 fabbrica
4412 5228 4486 5296 in

707 5343 1032 5412 Venezia
1082 5343 1156 5411 in
1211 5343 1492 5433 seguito
1546 5343 1736 5412 delle
1789 5343 2283 5412 osservazioni
2337 5343 2409 5412 di
2461 5365 2558 5412 un
2612 5343 2956 5412 anonimo
3012 5343 3196 5412 sulla
3249 5343 3720 5412 sostituzione
3774 5343 3914 5412 alla
3965 5343 4234 5412 Chiesa
4285 5343 4357 5412 di
4412 5344 4482 5412 S.

708 5458 1168 5540 Geminiano,
1201 5458 1526 5527 Venezia
1562 5459 1771 5540 1808,
1804 5458 1878 5526 in
1911 5459 1973 5527 8.
2008 5458 2385 5548 Opuscolo
2416 5460 2464 5540 I,
2496 5460 2602 5527 M.
2638 5459 2753 5527 31.

483 5688 690 5757 1235.
731 5690 1290 5757 BUTTACALICE
1319 5688 1458 5757 Ab.
1501 5688 1878 5770 Grazioso,
1919 5688 2435 5757 Osservazioni
2470 5688 2766 5757 relative
2804 5710 2844 5757 a
2879 5688 3018 5757 due
3053 5688 3410 5778 proggetti
3450 5688 3634 5757 sulla
3668 5688 3992 5757 fabbrica
4027 5688 4144 5757 del
4180 5688 4487 5757 Palazzo

707 5803 930 5872 Reale
959 5803 1033 5871 in
1062 5803 1406 5885 Venezia,
1440 5803 1819 5893 Opuscolo
1850 5805 1931 5885 II,
1973 5804 2181 5885 1808,
2213 5805 2319 5872 M.
2355 5804 2469 5872 31.

705 5961 804 5966 —
831 5919 900 5986 A
929 5929 1185 6008 questo
1215 5940 1307 5987 va
1333 5918 2007 6008 precedentemente
2038 5940 2348 5987 annesso
2378 5918 2617 5987 l’altro
2648 5918 3025 6008 opuscolo.
3059 5918 3248 5987 Vedi
3276 5918 3535 5987 Pinali.

483 6148 690 6217 1236.
731 6149 1065 6217 CALURA
1094 6148 1539 6217 Bernardino
1574 6148 1830 6230 Maria,
1870 6150 1947 6216 In
1983 6170 2206 6217 onore
2242 6148 2431 6217 delle
2466 6148 2672 6217 Belle
2706 6148 2863 6217 Arti
2901 6148 3156 6217 abozzi
3193 6148 3265 6217 di
3300 6148 3729 6217 laudazione
3765 6148 4125 6230 delineati,
4164 6148 4489 6217 Venezia

716 6264 924 6345 1814,
957 6263 1031 6331 in
1064 6264 1126 6332 8.

2171 6657 2347 6694 WWW.
2358 6637 2734 6710 memofonte.
2748 6639 2791 6694 il
