4958 7017
1981 864 2366 922 Fondazione
2390 864 2775 922 Memofonte
2800 865 2976 922 onlus

1390 960 1600 1018 Studio
1624 979 1731 1035 per
1754 960 2226 1018 l’elaborazione
2250 960 2632 1018 informatica
2655 961 2813 1018 delle
2838 960 2991 1018 fonti
3018 960 3571 1018 storico-artistiche

478 1250 717 1311 Notizia
742 1247 907 1321 degli
930 1250 1131 1311 arazzi
1154 1248 1217 1305 di
1241 1267 1389 1305 casa
1412 1247 1623 1321 Dolfin
1651 1250 1709 1305 in
1739 1250 2013 1315 Venezia,
2042 1248 2220 1305 3422.

478 1394 717 1455 Notizia
742 1392 842 1449 dei
852 1391 1127 1465 funerali
1137 1392 1282 1465 fatti
1298 1411 1417 1465 per
1440 1393 1609 1449 Gaet.
1644 1391 1935 1465 Gandolfi
1961 1394 2019 1449 in
2042 1391 2342 1465 Bologna,
2376 1391 2548 1449 1534.

478 1538 717 1599 Notizia
745 1538 984 1593 intorno
1011 1535 1070 1593 lo
1095 1538 1503 1609 scoprirnento
1528 1535 1691 1593 della
1717 1537 1860 1593 città
1885 1536 1927 1593 d
1938 1535 2279 1603 ’Ercolano,
2307 1535 2486 1593 2688.

478 1682 717 1743 Notizia
742 1680 892 1737 d’un
918 1680 1131 1737 codice
1155 1680 1532 1743 d’iscrizioni
1558 1680 1778 1737 inedite
1803 1680 2063 1747 antiche,
2093 1680 2271 1737 3138.

478 1825 717 1886 Notizia
742 1822 1132 1896 dell’origine
1159 1842 1190 1880 e
1215 1834 1373 1880 stato
1398 1822 1522 1880 dell
1535 1824 1825 1880 ’Instituto
1850 1823 1913 1880 di
1934 1822 2233 1896 Bologna,
2260 1823 2441 1880 4180.

478 1969 712 2030 Notizie
740 1967 1025 2024 istoriche
1053 1969 1292 2024 intorno
1319 1966 1633 2040 l’imagine
1658 1966 1821 2024 della
1844 1969 1907 2024 B.
1943 1969 1999 2024 V.
2024 1986 2244 2040 presso
2270 1968 2321 2024 S.
2357 1966 2557 2034 Celso,
2584 1967 2765 2024 4248.

478 2113 712 2174 Notizie
730 2113 932 2184 patrie
957 2113 1242 2184 spettanti
1265 2110 1512 2168 all’arte
1537 2110 1638 2168 del
1660 2111 1916 2184 disegno
1944 2113 2001 2168 in
2030 2113 2268 2178 Torino,
2296 2110 2475 2168 2336.

478 2257 712 2318 Notizie
737 2255 1002 2312 storiche
1027 2254 1190 2312 della
1216 2266 1350 2312 catt.
1382 2255 1720 2322 d’Orvieto,
1747 2254 1929 2312 4057.

481 2398 729 2455 Norden
752 2398 941 2465 Fred,
972 2397 1214 2455 Travels
1241 2400 1299 2455 in
1323 2400 1518 2471 Egypt
1539 2398 1665 2455 and
1683 2398 1904 2465 Nubia,
1932 2397 2112 2455 2541.

481 2541 662 2599 Noris
687 2543 843 2609 Eur.,
874 2542 1297 2615 Coenotaphia
1321 2544 1549 2599 Pisana
1578 2543 1716 2615 Caij
1740 2553 1798 2599 et
1817 2544 1875 2599 L.
1911 2543 2109 2609 Caes.,
2136 2541 2317 2599 4056.

481 2685 662 2743 Noris
687 2687 843 2753 Eur.,
868 2685 1110 2759 Duplex
1132 2686 1479 2743 dissertatio
1504 2686 1579 2743 de
1604 2688 1860 2743 nummis
1882 2685 2274 2753 Diocletiani,
2302 2686 2482 2744 2943.

478 2831 774 2886 Nouveau
801 2828 947 2886 livre
965 2848 1131 2902 pour
1151 2829 1494 2902 apprendre
1518 2830 1556 2886 a
1581 2829 1859 2886 dessiner
1879 2848 2024 2886 sans
2048 2830 2280 2896 maître,
2310 2829 2447 2886 340.

481 2974 769 3040 Noverre,
800 2973 1237 3030 Observations
1261 2992 1368 3030 sur
1390 2972 1449 3030 la
1475 2975 1887 3030 construction
1912 2973 1954 3030 d
1966 2974 2061 3030 ’un
2086 2972 2239 3030 salle
2264 2973 2543 3046 d’opera,
2571 2973 2709 3030 770.

478 3119 695 3174 Nuova
722 3117 1267 3190 transfigurazione
1292 3116 1450 3174 delle
1477 3116 1682 3174 lettere
1709 3117 2004 3184 etrusche,
2032 3116 2213 3174 2606.

487 3405 565 3478 [13-
594 3403 658 3473 li]

478 3694 719 3749 Nummi
742 3691 979 3765 aliquot
1000 3692 1084 3749 ad
1106 3703 1365 3749 veterem
1392 3691 1658 3749 Galliam
1675 3694 2067 3765 pertinentes,
2095 3692 2276 3750 2949.

478 3838 856 3893 Numismata
881 3855 1067 3893 aerea
1092 3855 1241 3893 max.
1273 3835 1503 3893 moduli
1518 3838 1703 3909 primi
1723 3838 1836 3892 XII
1849 3837 2024 3909 Aug.,
2052 3835 2232 3894 2946.

478 3981 856 4036 Numismata
882 3978 1105 4036 cimelii
1129 3979 1476 4046 vindobon.,
1503 3979 1684 4037 2947.

478 4125 871 4180 Numismatis
898 4123 997 4194 (de
1023 4125 1241 4180 veteris
1245 4124 1268 4194 )
1286 4125 1563 4196 potentia
1590 4134 1648 4180 et
1670 4122 1981 4196 qualitate,
2008 4123 2188 4181 2948.

483 4411 537 4468 O

485 4697 756 4755 Obelisci
784 4700 1060 4755 Vaticani
1084 4697 1400 4771 opuscola,
1427 4697 1607 4755 2542.

485 4842 889 4899 Observation
914 4861 1021 4899 sur
1043 4841 1283 4909 l’Italie,
1310 4841 1491 4899 4146.

485 4986 889 5043 Observation
914 5005 1021 5043 sur
1043 4985 1130 5043 les
1154 4997 1280 5043 arts
1306 4997 1364 5043 et
1386 4985 1679 5059 quelques
1696 4988 2010 5059 peintures
2034 5006 2114 5043 au
2137 4988 2390 5053 Louvre,
2424 4985 2597 5043 1275.

485 5129 889 5186 Observation
914 5148 1021 5186 sur
1043 5128 1130 5186 les
1156 5148 1396 5186 erreurs
1420 5129 1529 5186 des
1546 5131 1818 5202 peintres
1842 5129 1997 5186 dans
2023 5128 2322 5186 l’histoire
2347 5131 2598 5196 saincte,
2633 5129 2765 5186 173.

485 5273 889 5330 Observation
914 5292 1021 5330 sur
1043 5272 1342 5330 l’histoire
1367 5272 1664 5330 naturelle
1691 5284 1749 5330 et
1763 5273 2049 5346 phisique
2074 5273 2149 5330 de
2176 5272 2235 5330 la
2252 5275 2551 5346 peinture,
2586 5273 2718 5330 172.

483 5416 741 5484 Occolti,
772 5419 1037 5474 Trattato
1062 5417 1164 5474 de’
1191 5416 1404 5484 colori,
1439 5417 1570 5474 174.

483 5559 645 5617 Oddi
669 5561 779 5627 M.,
810 5562 1075 5617 Trattato
1100 5559 1263 5617 dello
1288 5560 1575 5633 squadro,
1604 5559 1742 5617 582.

483 5703 728 5761 Oderici
753 5704 954 5778 Casp,
979 5706 1074 5761 De
1099 5715 1392 5777 argenteo
1421 5705 1764 5777 Orcitirigis
1788 5724 2049 5771 nummo,
2077 5703 2257 5762 2950.

483 5847 728 5905 Oderici
753 5848 954 5922 Casp,
979 5850 1074 5905 De
1099 5867 1442 5905 marmorea
1467 5847 1830 5915 didascalia,
1865 5848 2037 5906 1192.

483 5991 920 6066 Oesterlingins
945 5993 1056 6059 Io.,
1081 5994 1176 6049 De
1203 5994 1369 6049 urnis
1393 5991 1899 6065 sepulchralibus,
1934 5991 2107 6049 1736.

483 6134 928 6192 Oesterreicher
950 6136 1120 6202 Mat.,
1145 6137 1240 6192 De
1267 6134 1326 6192 la
1354 6134 1601 6192 Galerie
1626 6135 1701 6192 de
1727 6136 1881 6192 Sans
1906 6136 2105 6202 Souci,
2135 6134 2314 6202 3426,
2343 6135 2520 6192 3427.

483 6278 928 6336 Oesterreicher
950 6280 1120 6346 Mat.,
1145 6281 1537 6352 Description
1562 6279 1670 6336 des
1694 6279 1968 6336 marbres
1992 6279 2072 6336 du
2095 6281 2211 6336 Roi
2233 6279 2308 6336 de
2332 6281 2574 6346 Prusse,
2604 6279 2782 6336 3428.

485 6423 680 6496 Oﬂice
708 6424 730 6494 (
734 6423 830 6480 the
835 6424 858 6494 )
870 6423 981 6496 fig.
1014 6423 1089 6496 by
1118 6425 1290 6480 Venc.
1320 6422 1558 6490 Hollar,
1586 6423 1766 6480 2071.

2171 6657 2347 6694 WWW.
2358 6637 2734 6710 memofonte.
2748 6639 2791 6694 it
