4958 7017
1981 864 2366 922 Fondazione
2390 838 2775 922 Mernofonte
2800 865 2976 922 onlus

1390 960 1600 1018 Studio
1624 979 1731 1035 per
1754 960 2226 1018 l’elaborazione
2250 960 2632 1018 informatica
2655 961 2813 1018 delle
2838 960 2991 1018 fonti
3018 960 3571 1018 storico—artistiche

481 1247 778 1315 Ficoroni,
803 1250 889 1305 La
912 1247 1091 1305 Bolla
1116 1248 1316 1315 d’oro,
1346 1248 1524 1315 3723,
1554 1248 1732 1305 3724.

481 1391 722 1466 Figrelii
746 1391 1067 1459 Edmundi,
1092 1394 1187 1449 De
1212 1394 1426 1449 statuis
1453 1412 1860 1459 romanorum,
1889 1391 2068 1459 3725,
2098 1391 2276 1449 3726.

481 1535 792 1610 Figueroa,
821 1555 1070 1593 examen
1095 1535 1387 1593 analitico
1412 1535 1512 1593 del
1535 1536 1772 1609 quadro
1796 1536 1871 1593 de
1898 1535 1957 1593 la
1986 1536 2538 1609 Transfiguracion,
2573 1535 2746 1593 1262.

481 1679 667 1737 Filosi
693 1679 884 1747 Gius.,
909 1679 1106 1743 Relaz.
1138 1679 1239 1737 del
1262 1679 1604 1753 campanile
1629 1680 1692 1737 di
1716 1681 1767 1737 S.
1797 1682 2036 1747 Marco,
2062 1679 2243 1737 4364.

481 1822 710 1880 Finella
732 1822 903 1890 Phil,
928 1825 1023 1880 De
1048 1825 1559 1896 metroposcopia,
1587 1823 1767 1880 2438.

481 1966 630 2041 Finy
656 1966 847 2034 Gius.,
869 1967 1125 2024 Antiche
1150 1969 1437 2024 memorie
1462 1967 1525 2024 di
1552 1968 1734 2034 Cora,
1762 1966 1943 2024 2575.

481 2110 654 2168 Fiore
680 2110 839 2178 Gio.,
864 2110 1047 2168 Della
1076 2110 1369 2168 Calabria
1397 2110 1713 2178 illustrata,
1740 2111 1922 2168 4011.

481 2257 650 2312 Fiori
666 2257 898 2328 poetici
921 2254 985 2312 al
1006 2257 1299 2312 Petrarca
1317 2254 1425 2328 pel
1447 2255 1725 2328 deposito
1750 2254 2117 2328 scolpitogli,
2152 2255 2325 2313 1019.

481 2400 650 2455 Fiori
673 2398 1008 2471 d’ingegno
1036 2400 1094 2455 in
1121 2397 1258 2455 lode
1283 2398 1346 2455 di
1373 2397 1558 2455 Carlo
1581 2400 1871 2465 Maratta,
1899 2397 2079 2455 2266.

481 2541 746 2609 Fiorillo,
774 2543 973 2599 Storia
998 2541 1281 2599 dell’arte
1306 2541 1469 2599 della
1486 2544 1735 2615 pittura,
1765 2542 1860 2599 31.

481 2685 791 2743 Firmanus
817 2686 954 2753 An.,
980 2685 1191 2743 Pallas
1208 2697 1549 2759 purpurata
1577 2687 1865 2757 (ritratti),
1893 2686 2074 2743 2031.

481 2828 725 2886 Fischer
747 2830 777 2886 ]
781 2847 890 2896 os.,
915 2828 1297 2886 Bibliotheca
1326 2830 1656 2896 Caesarea,
1683 2829 1864 2886 4012.

481 2973 728 3030 Flamen
752 2973 912 3040 Alb.,
937 2974 1195 3030 De'vises
1221 2984 1279 3030 et
1302 2972 1625 3030 emble'mes
1649 2973 1952 3040 d’amour,
1987 2973 2160 3031 1898.

481 3117 787 3184 Flaxrnan,
818 3118 1236 3190 Composition
1248 3117 1396 3190 fron
1423 3117 1519 3174 the
1546 3117 1856 3190 tragedias
1881 3117 1956 3190 of
1965 3116 2277 3190 Eschylus,
2312 3117 2485 3175 1093.

481 3261 787 3328 Flaxrnan,
812 3263 898 3318 La
921 3263 1146 3318 Divina
1175 3261 1528 3318 Commedia
1553 3261 1616 3318 di
1637 3263 1858 3328 Dante,
1892 3261 2065 3319 1094.

481 3404 720 3461 Florent
745 3404 827 3474 (le
852 3404 1097 3474 comte),
1128 3404 1388 3461 Cabinet
1409 3404 1484 3461 de
1509 3403 1900 3477 singularitez
1923 3404 1965 3461 d
1977 3404 2415 3471 ’archite’cture,
2445 3404 2623 3462 3391.

481 3548 691 3605 Florez
715 3547 993 3622 Enrique,
1018 3547 1327 3605 Medallas
1351 3548 1426 3605 de
1453 3547 1512 3605 la
1538 3547 1816 3605 colonias
1840 3548 1915 3605 de
1939 3550 2205 3621 Espana,
2233 3548 2413 3615 2840,
2441 3548 2621 3605 2841.

481 3692 673 3749 Fludd
696 3692 871 3759 Rob.,
902 3693 1107 3765 Opera
1133 3694 1323 3759 varia,
1353 3692 1447 3749 32.

481 3835 736 3910 Foggini
760 3837 931 3903 Petr.,
962 3837 1445 3893 Commentarius
1472 3838 1531 3893 in
1558 3836 1673 3893 tab.
1706 3847 1881 3893 veter.
1917 3835 2344 3909 Capitolinam,
2374 3836 2551 3893 3222.

481 3978 649 4036 Folie
676 3979 804 4049 (la),
829 3981 1160 4036 Memoires
1177 3998 1343 4052 pour
1365 3978 1424 4036 la
1436 3979 1612 4052 fonte
1637 3979 1712 4036 de
1739 3978 1798 4036 la
1822 3990 2017 4036 statue
2042 3979 2304 4036 d’Henri
2325 3981 2421 4046 IV,
2450 3979 2586 4036 312.

481 4122 699 4180 Follini
723 4122 921 4190 Vino.,
949 4122 1116 4180 Sulla
1142 4125 1521 4186 costruzione
1548 4142 1579 4180 e
1607 4122 2022 4196 regolamento
2046 4123 2237 4180 d’una
2263 4122 2610 4190 biblioteca,
2637 4122 2818 4180 4652.

481 4266 697 4324 Foillet
720 4275 778 4324 et
801 4267 876 4324 de
900 4267 1123 4334 Lande,
1154 4266 1452 4340 Ctalogue
1476 4267 1663 4324 d’une
1689 4266 2012 4324 collection
2037 4267 2112 4324 de
2139 4266 2276 4324 tabl.
2308 4267 2382 4324 de
2405 4269 2486 4324 M.
2515 4269 2759 4334 Nourri,
2786 4266 2968 4324 4514.

481 4410 697 4468 Foillet
720 4419 778 4468 et
801 4411 876 4468 de
900 4411 1123 4478 Lande,
1154 4410 1494 4484 Catalogue
1518 4411 1598 4468 du
1624 4411 1868 4468 cabinet
1889 4411 1964 4468 de
1987 4413 2068 4468 M.
2098 4413 2406 4484 Bergeret,
2433 4410 2613 4468 4621.

481 4553 697 4611 Foillet
720 4562 778 4611 et
801 4554 876 4611 de
900 4554 1123 4621 Lande,
1154 4555 1280 4611 Cat.
1312 4554 1392 4611 du
1418 4554 1662 4611 cabinet
1683 4554 1758 4611 de
1781 4556 1862 4611 M.
1892 4554 2233 4621 Baudouin,
2259 4553 2440 4611 4520.

481 4697 697 4755 Foillet
720 4706 778 4755 et
801 4698 876 4755 de
900 4698 1123 4765 Lande,
1154 4697 1494 4771 Catalogue
1518 4698 1705 4755 d’une
1730 4709 1901 4755 vente
1926 4698 2001 4755 de
2028 4697 2165 4755 tabl.
2197 4718 2235 4755 a
2261 4697 2281 4755 l
2294 4697 2476 4755 ’hòtel
2495 4697 2800 4765 Bonillon,
2826 4697 3007 4755 4534.

481 4841 697 4899 Foillet
720 4850 778 4899 et
801 4842 876 4899 de
900 4842 1123 4909 Lande,
1154 4843 1280 4899 Cat.
1312 4842 1499 4899 d’une
1524 4853 1695 4899 vente
1720 4862 1800 4899 au
1825 4843 2015 4899 meme
2040 4841 2221 4909 hotel,
2248 4841 2429 4899 4542.

481 4986 825 5043 Fondation
850 4986 925 5043 de
952 4985 1325 5043 l’Académie
1350 4987 1388 5043 a
1416 4986 1849 5059 Copenhague,
1883 4985 2056 5043 1315.

481 5129 825 5186 Fondation
853 5128 1234 5186 renouvellée
1259 5129 1334 5186 de
1361 5128 1420 5186 la
1445 5130 1634 5186 meme
1659 5129 1994 5196 acade'mie,
2029 5128 2202 5186 1316.

481 5272 769 5330 Fontaine
796 5273 897 5343 (de
922 5273 1024 5343 la),
1051 5272 1275 5330 Fables
1300 5273 1581 5340 choisies,
1616 5272 1790 5330 1125.

481 5418 748 5474 Fontana
771 5417 949 5484 Carl,
976 5416 1278 5474 Funerale
1303 5417 1366 5474 di
1388 5419 1592 5474 Pietro
1615 5419 1676 5473 II
1697 5419 1755 5474 in
1778 5419 1989 5484 Roma,
2024 5417 2197 5474 1488.

481 5561 748 5617 Fontana
771 5560 949 5627 Carl,
980 5562 1245 5617 Trattato
1270 5559 1394 5617 dell
1407 5561 1619 5633 ’acque
1645 5562 1927 5627 correnti,
1955 5559 2094 5627 915,
2124 5559 2302 5617 3735.

481 5705 748 5761 Fontana
771 5704 949 5771 Carl,
974 5706 1273 5761 Discorso
1298 5723 1484 5777 sopra
1512 5703 1554 5761 il
1574 5706 1785 5761 Monte
1814 5705 2130 5771 Citatorio,
2160 5704 2340 5771 3727,
2369 5704 2546 5761 3728.

481 5849 748 5905 Fontana
771 5848 949 5915 Carl,
974 5850 1138 5905 Disc.
1170 5847 1323 5905 sulle
1349 5867 1535 5905 cause
1560 5847 2159 5911 dell’innondazione
2183 5847 2284 5905 del
2310 5850 2547 5915 Tevere,
2577 5848 2756 5915 3729,
2786 5848 2964 5905 3724.

481 5993 748 6049 Fontana
771 5992 949 6059 Carl,
974 5992 1384 6065 L’Anfiteatro
1409 5991 1623 6049 Flavio
1648 5992 1954 6059 descritto,
1984 5992 2162 6049 3730.

481 6136 748 6192 Fontana
771 6135 949 6202 Carl,
974 6134 1026 6192 Il
1052 6137 1294 6208 Tempio
1324 6137 1617 6192 Vaticano
1642 6135 1948 6202 descritto,
1978 6135 2156 6192 3731.

481 6280 748 6336 Fontana
771 6279 949 6346 Carl,
974 6281 1256 6336 Discorsi
1280 6281 1423 6352 varj,
1457 6298 1488 6336 e
1514 6279 1954 6346 dissertazioni,
1984 6279 2163 6336 3732.

481 6424 748 6480 Fontana
771 6423 949 6490 Carl,
974 6425 1370 6486 Descrizione
1395 6422 1558 6480 della
1584 6422 1867 6496 cappella
1891 6422 1992 6480 del
2001 6423 2177 6496 fonte
2202 6422 2600 6490 battesimale,
2635 6423 2808 6480 1733.

2171 6657 2347 6694 WWW.
2358 6637 2734 6710 memofonte.
2748 6639 2791 6694 it
