4958 7017
1981 864 2366 922 Fondazione
2390 864 2775 922 Memofonte
2800 865 2976 922 onlus

1390 960 1600 1018 Studio
1624 979 1731 1035 per
1754 960 2226 1018 l’elaborazione
2250 960 2632 1018 informatica
2655 961 2813 1018 delle
2838 960 2991 1018 fonti
3018 960 3571 1018 storico—artistiche

707 1248 848 1305 dell’
860 1256 980 1305 arte
1005 1266 1038 1305 e
1063 1248 1204 1305 dell’
1216 1247 1432 1305 artista.

474 1440 655 1497 2871.
694 1440 946 1497 GORLEI
978 1439 1325 1507 Abrahami,
1362 1439 1816 1514 Dactylotheca,
1856 1458 1962 1497 seu
1996 1440 2355 1497 annulorum
2389 1439 2761 1514 sigillarium,
2799 1458 3056 1514 quorum
3090 1440 3248 1514 apud
3279 1439 3513 1514 priscos
3547 1448 3671 1497 tam
3704 1458 3953 1514 graecos
3988 1458 4171 1514 quam
4201 1458 4486 1497 romanos

706 1554 849 1593 usus
875 1554 908 1593 e
934 1535 1110 1603 ferro,
1139 1554 1291 1603 aere,
1320 1544 1582 1610 argento,
1610 1544 1668 1593 et
1692 1554 1833 1593 auro
1857 1535 2333 1610 promptuarium
2356 1544 2488 1603 etc.,
2515 1535 2770 1610 Delphis
2803 1535 2978 1603 1601,
3005 1535 3067 1592 in
3090 1536 3128 1592 4
3151 1554 3336 1610 parv.,
3364 1535 3640 1610 figurato.

700 1632 927 1703 Questa
964 1632 997 1689 e
1036 1632 1094 1689 la
1129 1631 1323 1706 prima
1360 1631 1638 1689 edizione
1678 1631 1824 1689 fatta
1861 1632 2218 1689 dall’autore
2257 1650 2290 1689 e
2331 1640 2622 1706 stampata
2659 1650 2776 1689 con
2813 1640 2959 1689 tutta
2996 1631 3295 1689 nitidezza
3332 1632 3408 1689 ed
3446 1632 3750 1706 eleganza.
3792 1633 3974 1706 Dopo
4012 1631 4055 1688 il
4094 1631 4486 1706 frontespizio

707 1726 965 1801 figurato
994 1735 1082 1784 sta
1104 1726 1148 1783 il
1171 1727 1271 1784 bel
1294 1726 1518 1784 ritratto
1544 1727 1902 1784 dell’autore
1926 1726 2121 1784 inciso
2147 1727 2224 1784 da
2248 1726 2482 1801 Gheyn.
2511 1726 2642 1784 Indi
2668 1745 2950 1801 vengono
2976 1726 3148 1784 molti
3171 1726 3608 1801 prolegomeni,
3637 1726 3910 1801 epistole,
3938 1726 4193 1784 dediche
4218 1745 4251 1784 e
4275 1726 4486 1801 poesie

707 1841 740 1880 e
773 1841 892 1880 una
922 1823 1105 1880 breve
1140 1822 1571 1880 dissertazione
1605 1822 1666 1880 di
1709 1822 1781 1880 16
1814 1822 2033 1897 pagine
2070 1822 2448 1897 sull’origine
2482 1841 2515 1880 e
2550 1822 2716 1880 vario
2751 1841 2863 1880 uso
2898 1822 3060 1897 degli
3096 1822 3294 1890 anelli,
3331 1823 3389 1880 la
3422 1823 3598 1897 quale
3635 1823 3902 1880 secondo
3938 1822 4075 1880 Gio.
4112 1822 4386 1880 Meursio
4421 1822 4487 1880 fu

709 1927 866 1976 stesa
898 1919 975 1976 da
1006 1919 1308 1976 Everardo
1342 1918 1588 1976 Vorstio
1621 1918 1965 1993 professore
2000 1937 2034 1976 a
2066 1918 2254 1976 Leida
2284 1937 2391 1993 per
2424 1918 2700 1976 assistere
2734 1918 2777 1975 il
2813 1937 2921 1976 suo
2957 1918 3155 1976 amico
3190 1918 3301 1976 che
3335 1937 3457 1976 non
3493 1937 3715 1993 sapeva
3747 1918 3790 1975 il
3824 1918 4026 1976 latino.
4063 1920 4245 1993 Dopo
4280 1918 4341 1976 di
4375 1918 4486 1976 che

709 2033 979 2089 seguono
1005 2015 1061 2072 le
1093 2014 1204 2072 135
1232 2023 1347 2072 tav.
1376 2014 1437 2072 di
1461 2014 1768 2072 mediocre
1792 2014 2060 2089 intaglio.
2088 2015 2436 2089 Esemplare
2461 2014 2706 2072 distinto
2732 2015 2846 2089 leg.
2874 2014 2936 2071 in
2960 2033 3103 2072 mar.

474 2207 655 2264 2872.
689 2207 935 2274 GORLE,
968 2206 1224 2264 Cabinet
1252 2207 1358 2264 des
1387 2206 1611 2281 pierres
1643 2206 1913 2281 antiques
1944 2207 2193 2281 gravées
2224 2225 2304 2264 ou
2333 2206 2659 2264 collection
2688 2207 2763 2264 de
2793 2206 2913 2264 216
2942 2207 3188 2281 bagnes,
3221 2215 3279 2264 et
3307 2207 3382 2264 de
3412 2206 3531 2264 682
3560 2206 3784 2281 pierres
3814 2206 3990 2264 tirées
4020 2207 4100 2264 du
4129 2206 4385 2264 Cabinet
4413 2207 4488 2264 de

708 2302 948 2369 Gorlée,
976 2310 1034 2359 et
1058 2310 1250 2359 autres
1276 2302 1544 2359 célebres
1570 2301 1837 2359 cabinets
1863 2302 1938 2359 de
1963 2302 2269 2376 l’Europe,
2296 2301 2459 2359 Paris
2492 2302 2666 2369 1778,
2694 2320 2768 2359 en
2791 2302 2848 2369 4,
2876 2301 3002 2376 fig.,
3030 2302 3067 2358 2
3093 2302 3212 2359 vol.

704 2398 931 2469 Questa
961 2398 994 2455 e
1024 2416 1143 2455 una
1170 2397 1457 2472 ristampa
1486 2398 1644 2455 delle
1675 2397 2009 2455 medesime
2039 2398 2240 2455 tavole
2272 2406 2609 2455 aumentate
2640 2398 2804 2472 dopo
2836 2397 3164 2455 l’edizione
3195 2397 3505 2472 originale,
3538 2397 3641 2455 tali
3673 2416 3848 2455 come
3882 2397 4190 2455 servirono
4223 2398 4338 2455 alle
4369 2398 4486 2455 due

706 2493 994 2551 illustrate
1022 2494 1099 2551 da
1126 2493 1439 2551 Gronovio
1467 2494 1565 2551 nel
1600 2493 1775 2561 1695,
1806 2512 1843 2551 o
1871 2494 1969 2551 nel
2004 2494 2177 2551 1707.
2207 2495 2274 2550 In
2301 2502 2511 2568 questa
2537 2493 2815 2551 edizione
2843 2493 3116 2551 francese
3143 2493 3163 2550 i
3191 2493 3367 2551 cenni
3394 2493 3734 2551 illustrativi
3764 2512 3914 2551 sono
3944 2512 4163 2551 ancora
4187 2493 4292 2568 più
4317 2493 4486 2551 brevi

707 2608 740 2647 e
766 2608 800 2647 a
823 2589 914 2647 dir
937 2608 1080 2647 vero
1105 2598 1319 2664 troppo
1346 2589 1546 2647 scarsi.

474 2782 655 2839 2873.
684 2783 778 2839 De
805 2782 1163 2839 GRAVELLE
1188 2783 1523 2856 Levesque,
1551 2781 1802 2839 Recueil
1828 2782 1934 2839 des
1959 2781 2183 2856 pierres
2211 2782 2460 2856 gravées
2489 2781 2779 2856 antiques,
2808 2782 2845 2838 2
2873 2782 3014 2849 vol.,
3042 2781 3104 2838 in
3129 2782 3186 2849 4,
3214 2781 3396 2849 Paris,
3425 2782 3500 2839 de
3526 2781 3943 2856 l’imprimérie
3969 2782 4044 2839 de
4069 2783 4157 2839 M.
4186 2781 4483 2849 Mariette,

714 2877 870 2934 1732
896 2895 929 2934 e
960 2877 1133 2934 1737.

706 2973 823 3030 Nel
867 2972 1260 3047 frontespizio
1305 2972 1564 3047 figurato
1609 2973 1707 3030 del
1749 2972 1945 3047 primo
1990 2973 2235 3030 volume
2282 2991 2432 3030 sono
2477 2973 2533 3030 le
2577 2973 2694 3030 due
2738 2972 2966 3030 iniziali
3010 2972 3071 3030 di
3115 2981 3328 3047 questo
3374 2981 3595 3040 autore,
3642 2972 3754 3030 che
3797 2973 4134 3047 nell’opera
4177 2972 4487 3047 apparisce

708 3068 1011 3126 anonimo.
1042 3069 1236 3126 Cento
1263 3069 1463 3126 tavole
1490 3068 1768 3126 contiene
1794 3068 1837 3125 il
1862 3068 2058 3143 primo
2086 3069 2331 3126 volume
2358 3087 2391 3126 e
2418 3077 2594 3126 cento
2622 3087 2655 3126 e
2682 3077 2913 3143 quattro
2940 3068 2983 3125 il
3012 3069 3296 3126 secondo.
3328 3069 3732 3143 Quest’opera
3756 3087 3878 3126 non
3903 3068 3980 3126 ha
4004 3068 4047 3125 il
4074 3068 4398 3126 lenoncino
4426 3068 4487 3126 di

706 3183 824 3222 una
855 3164 1020 3222 linda
1050 3164 1366 3232 incisione,
1402 3183 1501 3222 ma
1532 3165 1565 3222 e
1598 3164 1745 3222 fatta
1776 3183 1893 3222 con
1925 3173 2100 3239 gusto
2134 3183 2167 3222 e
2201 3165 2318 3222 alla
2347 3164 2687 3239 pittoresca,
2725 3164 2991 3222 siccome
3026 3164 3293 3222 succinte
3326 3183 3359 3222 e
3394 3173 3628 3222 sensate
3663 3183 3814 3222 sono
3848 3165 3904 3222 le
3937 3164 4315 3222 descrizioni.
4351 3166 4488 3222 Una

705 3269 870 3335 parte
895 3260 956 3318 di
981 3269 1189 3335 queste
1213 3261 1413 3318 tavole
1438 3260 1504 3318 fu
1526 3260 1856 3335 riprodotta
1880 3279 1914 3318 a
1936 3261 2175 3318 Londra
2196 3260 2379 3335 pochi
2405 3260 2542 3318 anni
2567 3261 2748 3335 dopo.
2776 3260 2935 3318 Vedi
2963 3260 3135 3334 Ogle.

474 3452 655 3509 2874.
704 3453 943 3509 HAGER
986 3451 1228 3526 Joseph,
1276 3451 1662 3526 Description
1707 3452 1813 3509 des
1860 3451 2174 3509 medailles
2221 3451 2526 3509 chinoises
2573 3452 2653 3509 du
2698 3451 2955 3509 Cabinet
2998 3451 3277 3526 Imperial
3323 3452 3398 3509 de
3443 3453 3666 3509 France
3710 3452 3968 3526 precede
4014 3452 4162 3509 d’un
4207 3451 4365 3509 essai
4411 3452 4486 3509 de

706 3547 1174 3622 numismatìque
1199 3547 1491 3615 chinoise,
1518 3547 1681 3605 Paris
1708 3566 1798 3605 an.
1826 3547 2180 3615 XIII—1805,
2207 3547 2269 3604 in
2292 3548 2348 3605 4.

715 3643 1008 3701 Edizione
1038 3643 1353 3718 splendida
1379 3643 1440 3701 di
1467 3644 1761 3718 un’opera
1789 3643 2087 3718 singolare
2115 3662 2148 3701 e
2174 3643 2452 3718 preziosa
2478 3662 2594 3701 ove
2622 3644 2678 3701 le
2704 3643 3023 3718 medaglie,
3056 3643 3226 3718 segni
3254 3662 3287 3701 e
3315 3643 3689 3701 monumenti
3720 3662 3870 3701 sono
3898 3643 4190 3718 intagliati
4217 3643 4280 3700 in
4307 3644 4486 3718 legno

707 3758 740 3797 e
782 3739 844 3796 in
884 3739 1136 3814 piombo
1180 3758 1213 3797 e
1256 3739 1539 3797 collocati
1582 3739 1672 3797 fra
1713 3739 1756 3796 il
1798 3748 1969 3797 testo.
2016 3739 2229 3797 Anche
2271 3739 2334 3796 in
2376 3740 2764 3814 quest’opera
2805 3740 2931 3797 l’au
2978 3741 3056 3814 [p.
3104 3739 3340 3809 63]tore
3382 3740 3559 3797 tende
3603 3758 3637 3797 a
3676 3739 4058 3797 riconoscere
4101 3740 4157 3797 le
4198 3739 4487 3797 relazioni

707 3835 1118 3893 commerciali
1143 3835 1241 3893 dei
1267 3835 1429 3910 greci
1454 3835 1552 3893 coi
1577 3835 1784 3893 cinesi.

474 4026 655 4084 2875.
702 4028 941 4084 HAGER
984 4026 1311 4101 Giuseppe,
1357 4026 1770 4084 Illustrazione
1814 4027 1963 4084 d’un
2006 4026 2261 4084 zodiaco
2306 4026 2593 4084 orientale
2637 4027 2735 4084 del
2780 4026 3102 4084 Gabinetto
3147 4027 3305 4084 delle
3348 4026 3659 4101 Medaglie
3703 4026 3764 4084 di
3810 4027 3867 4084 S.
3914 4027 4153 4084 Maestà
4196 4045 4230 4084 a
4271 4026 4485 4101 Parigi,

709 4131 985 4197 scoperto
1017 4131 1457 4180 recentemente
1488 4141 1698 4197 presso
1733 4123 1789 4180 le
1824 4123 2054 4197 sponde
2087 4123 2185 4180 del
2216 4122 2380 4197 Tigri
2412 4122 2474 4179 in
2506 4122 2822 4180 vicinanza
2853 4122 3202 4180 dell’antica
3232 4122 3570 4180 Babilonia.
3606 4124 4028 4190 Monumento,
4064 4122 4175 4180 che
4210 4141 4379 4180 serve
4413 4123 4488 4180 ad

706 4218 999 4276 illustrare
1024 4219 1082 4276 la
1107 4218 1288 4276 storia
1311 4218 1831 4276 dell’astronomia
1854 4219 1930 4276 ed
1955 4218 2084 4276 altri
2107 4218 2276 4293 punti
2300 4218 2676 4276 interessanti
2702 4218 3155 4286 dell’antichità,
3182 4218 3418 4276 Milano
3451 4219 3626 4286 1811,
3653 4218 3715 4275 in
3739 4218 3844 4276 fol.
3873 4237 3972 4286 m.,
3999 4220 4087 4276 M.
4119 4218 4213 4276 85.

703 4315 838 4372 Con
862 4323 1093 4389 quattro
1118 4315 1336 4382 tavole,
1364 4314 1642 4372 edizione
1670 4314 1986 4389 splendida
2008 4314 2070 4371 in
2094 4323 2254 4372 carta
2277 4314 2566 4372 massima
2589 4314 2806 4372 velina.

474 4505 655 4563 2876.
693 4507 1031 4563 HARDUINI
1062 4505 1327 4573 Joannis,
1364 4505 1799 4563 Antirrheticus
1834 4506 1909 4563 de
1943 4505 2207 4563 nummis
2243 4505 2501 4580 antiquis
2537 4505 2933 4563 Coloniarum
2965 4514 3023 4563 et
3055 4505 3535 4580 Municipiorum
3568 4524 3602 4563 a
3634 4507 3801 4563 Joan.
3838 4505 4263 4580 Foy—Vaillant
4294 4506 4483 4573 Med.,

706 4601 947 4659 Parisiis
980 4601 1155 4669 1689,
1182 4601 1244 4658 in
1267 4602 1324 4669 4,
1352 4601 1478 4676 fig.,
1505 4603 1593 4659 M.
1629 4602 1719 4659 17.

712 4698 847 4755 Con
877 4706 1023 4755 sette
1051 4698 1252 4755 tavole
1280 4697 1586 4772 intagliate
1614 4697 1677 4754 in
1703 4716 1884 4755 rame.
1918 4698 2146 4769 Questa
2173 4698 2206 4755 e
2234 4716 2352 4755 una
2379 4698 2537 4755 delle
2566 4716 2748 4772 opere
2777 4697 3201 4755 dell’Arduino
3229 4716 3405 4772 presa
3432 4697 3493 4755 di
3522 4697 3672 4755 mira
3698 4698 4147 4772 nell’opuscolo
4179 4706 4482 4772 seguente:

701 4794 799 4851 Ad
822 4796 1002 4851 t0tius
1028 4813 1296 4867 europae
1320 4796 1714 4867 antiquarios.
1753 4796 1960 4851 Utmm
1986 4793 2198 4851 laurea
2222 4796 2516 4851 Eumenio
2540 4796 2772 4851 Pacato
2797 4796 2875 4851 Sit
2897 4794 3310 4861 concedenda,
3337 4793 3399 4850 in
3422 4794 3460 4850 4
3485 4795 3573 4851 M.
3601 4794 3698 4851 20.

698 4891 809 4947 Per
845 4889 1140 4947 Eumenio
1179 4891 1398 4947 Pacato
1437 4889 1734 4947 intendesi
1773 4889 2115 4957 l’Arduino,
2158 4908 2192 4947 a
2229 4889 2326 4947 cui
2365 4908 2482 4947 con
2522 4889 2888 4964 sanguinosa
2925 4889 3131 4947 critica
3170 4889 3219 4947 si
3260 4889 3614 4964 squarciano
3653 4889 3673 4946 i
3710 4889 3909 4964 panni.
3953 4890 4267 4964 Opuscolo
4309 4908 4489 4947 senza

707 4986 891 5060 luogo
917 4986 993 5043 ed
1018 5004 1173 5043 anno
1199 4985 1260 5043 di
1285 4994 1516 5060 quattro
1542 4985 1820 5060 foglietti,
1846 5004 1996 5043 raro.

474 5177 655 5234 2877.
685 5178 1023 5234 HARDUINI
1047 5176 1312 5244 Ioannis,
1343 5176 1750 5251 Cronologiae
1777 5195 1853 5234 ex
1878 5176 2142 5234 nummis
2171 5176 2429 5251 antiquis
2455 5176 2776 5234 restitutae.
2806 5176 3080 5234 Prolusio
3108 5177 3183 5234 de
3209 5176 3473 5234 nummis
3502 5176 3918 5244 Herodiarum,
3947 5176 4188 5234 Parisiis
4223 5177 4398 5244 1793,
4427 5176 4489 5233 in

710 5273 762 5330 8.

474 5465 655 5522 2878.
685 5466 1135 5522 HAVERCAMPI
1161 5464 1474 5539 Sigeberti,
1504 5464 2127 5539 Nummophylacium
2151 5466 2220 5522 R.
2251 5464 2590 5522 Christinae
2617 5465 2781 5539 quod
2807 5464 3262 5539 comprehendit
3287 5464 3651 5522 numismata
3677 5483 3850 5522 aerea
3874 5466 4022 5539 Imp.
4052 5466 4227 5522 Rom.
4258 5464 4485 5532 Latina,

708 5560 957 5627 Graeca,
993 5568 1168 5634 atque
1199 5559 1262 5616 in
1294 5559 1571 5617 Coloniis
1604 5578 1751 5617 cusa
1781 5560 2089 5634 quondam
2120 5578 2154 5617 a
2183 5561 2244 5617 P.
2282 5560 2339 5617 S.
2374 5559 2662 5617 Bartholo
2698 5578 2936 5617 summo
2970 5559 3228 5617 artificio
3264 5578 3619 5634 summaque
3652 5559 3777 5617 fide
3808 5559 4001 5617 incisa
4030 5559 4248 5617 tabulis
4283 5559 4485 5617 aeneis

708 5655 805 5723 63,
833 5657 1041 5730 Hagae
1066 5655 1378 5713 Comitum
1407 5656 1582 5723 1742,
1609 5655 1671 5712 in
1695 5655 1823 5723 fol.,
1851 5655 1955 5730 fig.

702 5753 994 5809 Francese
1036 5770 1069 5809 e
1111 5751 1314 5809 latino:
1361 5770 1545 5826 opera
1585 5751 1855 5826 eseguita
1894 5751 2283 5819 nobilmente,
2328 5770 2427 5809 ma
2467 5770 2584 5809 con
2625 5751 2981 5809 mediocrità
3019 5770 3125 5826 per
3163 5760 3327 5826 parte
3369 5751 3915 5826 dell’intagliatore,
3960 5751 4071 5809 che
4112 5752 4272 5809 nella
4312 5751 4490 5826 copia

706 5847 922 5905 noiosa
945 5847 1006 5905 di
1031 5848 1216 5905 molte
1241 5847 1539 5905 centinaia
1562 5847 1623 5905 di
1648 5847 1950 5922 medaglie
1974 5866 2096 5905 non
2118 5866 2269 5922 pose
2295 5848 2509 5905 alcuna
2532 5847 2851 5922 diligenza.

474 6040 655 6098 2879.
698 6041 985 6097 HAVERN
1024 6040 1169 6110 (De)
1209 6041 1376 6097 Joan.
1418 6039 1659 6114 Joseph,
1700 6039 2057 6097 Dissertatio
2099 6039 2480 6114 apologetica
2518 6058 2636 6114 qua
2674 6039 2845 6097 aenei
2884 6048 2943 6097 et
2980 6039 3143 6097 unici
3181 6039 3517 6114 Vespasiae
3555 6040 3761 6097 Pollae
3799 6039 4031 6097 nummi
4072 6039 4390 6114 antiquitas
4430 6048 4488 6097 et

706 6134 1011 6209 integritas
1038 6134 1431 6202 vindicantur,
1458 6134 1862 6192 Vindobonae
1894 6134 2069 6202 1766,
2096 6134 2158 6191 in
2181 6135 2238 6202 4,
2266 6134 2370 6209 fig.

702 6232 788 6288 La
811 6230 1114 6305 medaglia
1137 6231 1170 6288 è
1195 6230 1621 6305 doppiamente
1645 6230 1839 6288 incisa
1862 6231 2025 6305 dopo
2051 6231 2109 6288 la
2130 6230 2495 6305 prefazione.

474 6423 655 6480 2880.
698 6424 909 6479 HAYM
947 6422 1168 6480 Nicola
1204 6424 1557 6490 Francesco,
1598 6423 1715 6480 Del
1753 6431 1953 6480 tesoro
1991 6422 2344 6490 britannico,
2386 6441 2613 6480 ovvero
2653 6423 2751 6480 del
2790 6441 3002 6480 museo
3042 6422 3380 6480 nummario
3420 6441 3536 6480 ove
3577 6422 3626 6480 si
3665 6431 4050 6497 contengono
4090 6423 4146 6480 le
4185 6422 4487 6497 medaglie

2171 6657 2347 6694 WWW.
2358 6637 2734 6710 memofonte.
2748 6639 2791 6694 il
