4958 7017
1981 864 2366 922 Fondazione
2390 841 2775 922 Mernofonte
2800 865 2976 922 onlus

1390 960 1600 1018 Studio
1624 979 1731 1035 per
1754 960 2226 1018 l’elaborazione
2250 960 2632 1018 informatica
2655 961 2813 1018 delle
2838 960 2991 1018 fonti
3018 960 3571 1018 storico—artistiche

482 1366 644 1435 857.
695 1368 873 1435 ROY
919 1366 1055 1448 Cl.,
1107 1388 1408 1456 graveur
1454 1388 1544 1435 en
1589 1366 1786 1435 taille
1833 1366 2066 1435 douce
2116 1388 2233 1435 sur
2276 1377 2438 1435 tous
2487 1367 2799 1448 métaux,
2848 1366 3055 1435 Essai
3105 1388 3222 1435 sur
3266 1366 3336 1435 la
3379 1366 3832 1456 perspective
3877 1366 4202 1456 pratique
4247 1388 4374 1456 par
4418 1366 4486 1435 le

707 1503 974 1571 moyen
1004 1481 1099 1550 du
1130 1481 1384 1563 calcul,
1417 1481 1634 1563 Paris,
1668 1481 1845 1550 chez
1875 1481 2215 1563 Jombert,
2257 1481 2465 1563 1756,
2499 1503 2588 1550 en
2621 1482 2684 1563 8,
2717 1481 2843 1571 fig.

707 1593 842 1650 Con
868 1611 987 1650 una
1011 1593 1214 1650 tavola
1238 1592 1301 1649 in
1328 1592 1469 1650 fine.
1502 1593 1733 1664 Questo
1763 1592 1973 1667 saggio
1999 1601 2276 1667 presenta
2303 1592 2501 1650 alcuni
2527 1592 2720 1667 pareri
2747 1593 3122 1660 dell’autore,
3152 1611 3251 1650 ma
3276 1611 3399 1650 non
3424 1592 3678 1667 insegna
3704 1593 3762 1650 la
3785 1592 4155 1667 prospettiva
4181 1611 4215 1650 a
4240 1592 4338 1650 chi
4365 1611 4487 1650 non

707 1688 873 1746 fosse
897 1688 960 1745 in
984 1707 1121 1746 essa
1144 1688 1412 1746 fondato.

470 1884 632 1953 858.
673 1886 785 1953 De
824 1885 1064 1953 SAINT
1092 1886 1441 1966 MORIEN,
1482 1886 1585 1953 La
1619 1884 2071 1974 perspective
2110 1884 2442 1953 aerienne
2483 1884 2804 1953 soumise
2842 1885 2882 1953 à
2917 1884 3044 1953 des
3081 1884 3443 1974 principes
3481 1884 3726 1974 puisés
3765 1884 3941 1953 dans
3979 1884 4049 1953 la
4084 1895 4351 1966 nature,
4392 1906 4487 1953 ou

707 2021 1041 2068 nouveau
1088 1999 1290 2068 traite
1339 1999 1428 2068 de
1477 1999 1951 2068 clair-obscur
1998 2010 2067 2068 et
2114 1999 2203 2068 de
2252 1999 2746 2089 chromatique
2796 2000 2836 2068 à
2882 1999 3166 2089 l’usage
3215 1999 3341 2068 des
3393 1999 3668 2068 artistes
3720 2021 3895 2068 avec
3944 1999 4238 2089 figures,
4290 1999 4484 2068 Paris

716 2115 924 2196 1788,
957 2114 1031 2182 in
1064 2115 1126 2183 8.

712 2226 847 2283 Con
873 2226 989 2283 due
1015 2226 1216 2283 tavole
1243 2225 1655 2283 dimostrative
1682 2226 1965 2283 colorate.
1995 2227 2043 2282 E
2069 2225 2468 2283 desiderabile
2495 2225 2606 2283 che
2635 2225 2684 2283 si
2710 2225 2947 2300 insegni
2974 2234 3184 2300 questa
3207 2225 3577 2300 prospettiva
3600 2225 3818 2283 ridotta
3844 2225 3899 2283 ai
3924 2225 4199 2300 principi,
4229 2244 4404 2283 come
4431 2226 4489 2283 la

707 2321 947 2389 lineare,
974 2340 1055 2379 un
1077 2340 1237 2396 poco
1261 2321 1366 2396 più
1390 2321 1501 2379 che
1525 2340 1647 2379 non
1673 2321 1806 2379 suoi
1831 2321 1974 2379 farsi
1999 2321 2517 2379 ordinariamente.

470 2516 632 2586 869.
679 2517 1102 2585 SINTAGMA
1135 2516 1209 2584 in
1249 2538 1394 2606 quo
1435 2516 1632 2585 varia
1671 2516 2083 2606 eximiaque
2124 2538 2509 2606 corporum
2549 2516 3066 2606 diagrammata
3105 2538 3194 2585 ex
3234 2516 3674 2606 praescripto
3716 2516 3999 2606 opticae
4040 2516 4484 2598 exhibentur,

706 2631 1263 2713 Amstelodami,
1298 2631 1487 2721 apud
1514 2633 1715 2700 Joan.
1748 2631 2195 2713 Jansonium,
2237 2631 2445 2713 1618,
2478 2631 2552 2699 in
2580 2632 2648 2713 4,
2681 2631 2806 2721 fig.

698 2744 880 2817 Dopo
908 2742 951 2799 il
979 2742 1371 2817 frontespizio
1401 2742 1660 2817 figurato
1691 2761 1842 2800 sono
1871 2743 1987 2800 due
2016 2742 2275 2817 foglietti
2303 2742 2364 2800 di
2393 2742 2605 2800 avviso
2635 2742 2690 2800 ai
2718 2742 2914 2800 lettori
2944 2742 3127 2800 scritti
3154 2742 3217 2799 in
3245 2742 3443 2800 antico
3473 2742 3746 2800 francese
3774 2742 3872 2800 nei
3900 2742 4063 2817 quali
4094 2742 4143 2800 si
4169 2742 4486 2800 riconosce

703 2847 911 2913 queste
943 2838 1137 2913 figure
1167 2838 1572 2913 prospettiche
1603 2857 1769 2896 esser
1797 2847 1965 2896 tratte
1996 2839 2332 2913 dall’opera
2361 2838 2422 2896 di
2455 2839 2737 2896 Samuele
2767 2838 3064 2896 Marolois
3096 2857 3129 2896 e
3161 2838 3466 2896 Giovanni
3497 2839 3841 2896 Uredeman
3872 2857 3905 2896 e
3936 2838 4039 2913 qui
4068 2838 4284 2896 riunite
4314 2838 4377 2895 in
4408 2838 4480 2896 51

702 2935 902 2992 tavole
941 2934 1004 2991 in
1041 2953 1224 3002 rame,
1267 2935 1323 2992 le
1364 2934 1526 3009 quali
1565 2943 1923 3009 presentano
1964 2934 2314 2992 un’infinita
2355 2934 2506 2992 serie
2547 2934 2608 2992 di
2648 2934 2816 3009 corpi
2856 2934 3069 3009 d’ogni
3110 2934 3306 2992 forma
3344 2934 3530 2992 messi
3570 2934 3633 2991 in
3670 2934 4040 3009 prospettiva
4078 2935 4236 2992 colle
4277 2935 4486 2992 ombre

701 3030 1025 3105 rispettive.

482 3225 644 3294 860.
680 3226 1073 3294 SIRIGATTI
1096 3227 1425 3294 Lorenzo
1457 3225 1855 3307 Cavaliere,
1889 3227 1992 3294 La
2018 3225 2289 3315 pratica
2318 3225 2390 3294 di
2419 3225 2863 3315 prospettiva
2892 3225 2958 3294 al
2989 3225 3472 3294 Serenissimo
3501 3225 3952 3294 Ferdinando
3981 3225 4261 3294 Medici
4292 3226 4487 3294 Gran

707 3342 915 3409 Duca
943 3340 1015 3409 di
1045 3342 1395 3422 Toscana,
1428 3340 1773 3422 Venezia,
1805 3362 1931 3430 per
1959 3340 2337 3409 Girolamo
2366 3340 2796 3409 Franceschi
2829 3362 3103 3422 sanese,
3145 3340 3353 3422 1596,
3386 3340 3460 3408 in
3489 3340 3616 3409 fol.
3650 3340 3777 3430 fig.

708 3452 935 3523 Questa
963 3452 996 3509 e
1025 3452 1083 3509 la
1108 3451 1213 3526 più
1242 3452 1515 3526 elegante
1544 3452 1702 3509 delle
1732 3451 1996 3509 edizioni
2025 3451 2086 3509 di
2115 3451 2250 3509 libri
2277 3451 2627 3526 prospettici
2654 3451 2754 3526 pei
2782 3451 2908 3526 tipi,
2938 3451 3038 3526 pei
3067 3451 3354 3519 caratteri,
3384 3470 3491 3526 per
3518 3452 3576 3509 la
3603 3460 3778 3509 carta.
3810 3453 3992 3526 Dopo
4021 3451 4064 3508 il
4093 3451 4485 3526 frontespizio

707 3547 984 3622 figurato,
1016 3566 1200 3622 segue
1227 3548 1285 3605 la
1310 3547 1526 3605 dedica
1551 3566 1584 3605 e
1611 3566 1691 3605 un
1717 3547 2009 3605 indirizzo
2038 3547 2093 3605 ai
2118 3547 2366 3622 benigni
2394 3548 2469 3605 ad
2496 3547 2829 3605 amorevoli
2856 3547 3069 3615 lettori,
3098 3547 3225 3605 indi
3252 3548 3310 3605 la
3334 3548 3537 3605 tavola
3562 3547 3660 3605 dei
3687 3547 3934 3622 capitoli
3961 3566 3994 3605 e
4021 3548 4274 3605 l’errata.
4304 3549 4486 3622 Dopo

707 3643 901 3718 questi
940 3644 978 3700 4
1020 3643 1172 3718 fogli
1212 3643 1596 3701 cominciano
1637 3644 1693 3701 le
1733 3644 1933 3701 tavole
1973 3662 2006 3701 e
2046 3643 2236 3701 dietro
2277 3644 2476 3718 quelle
2518 3652 2730 3701 stanno
2771 3644 2827 3701 le
2869 3643 3241 3718 spiegazioni
3284 3652 3574 3718 stampate
3613 3643 3676 3700 in
3714 3643 4035 3701 bellissimi
4075 3643 4362 3701 caratteri:
4406 3644 4483 3701 43

707 3739 953 3814 capitoli
986 3739 1263 3797 contiene
1296 3739 1339 3796 il
1372 3739 1525 3797 libro
1557 3739 1754 3814 primo
1787 3739 2083 3814 impresso
2116 3739 2179 3796 in
2210 3740 2290 3796 44
2324 3739 2494 3814 fogli.
2530 3741 2578 3796 E
2610 3739 2653 3796 il
2686 3739 2840 3797 libro
2876 3740 3142 3797 secondo
3176 3758 3293 3797 con
3326 3740 3473 3797 altro
3507 3739 3900 3814 frontespizio
3934 3739 4192 3814 figurato
4224 3740 4487 3814 procede

707 3836 865 3893 colle
890 3835 1084 3910 figure
1107 3835 1512 3910 prospettiche
1537 3835 1950 3910 ombreggiate
1977 3835 2109 3893 sino
2136 3836 2191 3893 al
2215 3854 2465 3893 numero
2492 3835 2588 3893 66.

474 4030 636 4099 861.
695 4031 1088 4099 SIRIGATTI
1134 4032 1463 4099 Lorenzo
1518 4030 1917 4112 Cavaliere,
1973 4032 2076 4099 La
2126 4030 2397 4120 pratica
2448 4030 2891 4120 prospettiva
2943 4030 3009 4099 al
3064 4030 3547 4099 Serenissimo
3599 4030 3951 4099 Ferdinan
4010 4032 4103 4120 [p.
4169 4030 4332 4113 159]
4393 4030 4487 4099 do

706 4145 985 4214 Medici
1016 4146 1210 4214 Gran
1239 4147 1448 4214 Duca
1476 4145 1548 4214 di
1578 4147 1928 4227 Toscana,
1961 4145 2287 4214 Venezia
2323 4145 2531 4227 1625,
2564 4145 2638 4213 in
2667 4145 2795 4214 fol.
2829 4145 2981 4235 fig.,
3013 4167 3265 4235 presso
3295 4145 3662 4214 Bernardo
3693 4145 3965 4214 Giunti.

706 4256 1019 4331 Ristampa
1044 4257 1204 4314 della
1227 4257 1603 4331 precedente.
1633 4258 1681 4313 E
1710 4256 2009 4331 singolare
2036 4256 2147 4314 che
2174 4265 2385 4331 questa
2410 4256 2747 4314 medesima
2770 4256 3056 4331 ristampa
3083 4256 3132 4314 si
3158 4265 3328 4314 trova
3353 4257 3513 4314 colla
3538 4257 3675 4314 data
3701 4257 3863 4314 dello
3893 4265 4084 4314 stesso
4113 4275 4269 4314 anno
4298 4256 4487 4314 anche

706 4352 1000 4410 intitolata
1024 4371 1058 4410 a
1081 4352 1363 4410 Ladislao
1391 4352 1784 4427 Sigismondo
1809 4352 2083 4427 Principe
2108 4352 2169 4410 di
2193 4352 2446 4410 Polonia
2469 4371 2502 4410 e
2527 4352 2588 4410 di
2615 4352 2847 4410 Svezia.

474 4567 636 4636 862.
696 4569 1026 4636 TAYLOR
1076 4578 1145 4636 et
1197 4567 1581 4649 Mourdoc,
1640 4567 2074 4636 Traduction
2130 4567 2219 4636 de
2275 4567 2464 4636 deux
2521 4589 2897 4657 ouvrages,
2956 4567 3157 4636 l’une
3214 4567 3563 4657 angloise,
3622 4567 3878 4636 l’autre
3933 4567 4151 4636 latine
4209 4589 4326 4636 sur
4379 4567 4485 4636 les

707 4704 1091 4751 nouveaux
1134 4682 1495 4772 principes
1541 4682 1630 4751 de
1672 4682 2123 4772 perspective
2166 4682 2527 4764 linéeaire,
2577 4704 2753 4751 avec
2796 4682 3119 4751 un’essai
3166 4704 3283 4751 sur
3324 4682 3392 4751 le
3435 4682 3770 4772 melange
3814 4682 3940 4751 des
3986 4682 4317 4751 couleurs
4361 4704 4488 4772 par

706 4799 1040 4866 Newton:
1078 4819 1254 4866 avec
1284 4797 1437 4887 fig.,
1469 4797 1933 4866 Amsterdam
1970 4797 2178 4879 1757,
2212 4819 2301 4866 en
2334 4798 2396 4866 8.

707 4909 842 4966 Con
867 4908 903 4966 6
928 4908 1221 4966 tavole—ìn
1243 4927 1425 4966 rame.
1455 4909 1656 4983 Opera
1679 4908 1866 4966 escita
1889 4909 2052 4983 dopo
2078 4909 2136 4966 la
2158 4908 2506 4966 traduzione
2530 4908 2774 4966 italiana
2797 4909 2895 4966 del
2918 4911 2980 4966 P.
3011 4911 3276 4982 Jaquier.

474 5104 636 5173 863.
674 5106 851 5173 TESI
876 5106 1161 5186 Mauro,
1198 5104 1547 5173 Raccolta
1579 5104 1651 5173 di
1686 5104 1969 5194 disegni
2004 5104 2337 5194 originali
2372 5104 2639 5173 estratti
2674 5104 2765 5173 da
2797 5104 3081 5173 diverse
3116 5104 3505 5173 collezioni
3538 5104 3953 5194 pubblicata
3985 5104 4076 5173 da
4108 5104 4486 5173 Lodovico

707 5219 863 5309 Inig
893 5219 1309 5309 calcografo
1339 5219 1413 5287 in
1443 5219 1797 5309 Bologna.
1830 5219 2276 5309 Aggiuntavi
2306 5219 2376 5288 la
2403 5219 2573 5288 Vita
2601 5219 3050 5301 dell’autore,
3083 5219 3420 5309 Bologna
3456 5220 3664 5301 1787,
3698 5219 3772 5287 in
3801 5219 3928 5288 fol.

706 5330 969 5404 L’opera
1009 5329 1273 5387 consiste
1314 5329 1377 5386 in
1417 5330 1497 5386 42
1539 5330 1741 5387 tavole
1783 5329 1844 5387 di
1886 5348 2068 5404 opere
2108 5329 2513 5404 prospettiche
2556 5329 2713 5387 assai
2754 5330 2914 5387 belle
2954 5330 3276 5404 precedute
3318 5330 3478 5387 dalla
3519 5329 3642 5387 vita
3682 5348 3715 5387 e
3758 5329 3920 5404 dagli
3963 5329 4199 5387 elenchi
4242 5348 4329 5387 ec.
4375 5329 4486 5387 che

707 5444 1021 5500 occupano
1056 5425 1125 5483 15
1154 5425 1390 5500 pagine.
1422 5426 1652 5497 Questo
1680 5426 2014 5500 esemplare
2041 5426 2074 5483 e
2101 5425 2281 5483 unico
2309 5444 2342 5483 e
2367 5444 2474 5500 per
2499 5444 2922 5500 conseguenza
2948 5425 3105 5483 assai
3130 5426 3475 5500 pregevole,
3505 5426 3765 5483 essendo
3791 5425 3973 5500 pieno
4001 5425 4062 5483 di
4089 5426 4274 5483 molte
4299 5444 4487 5500 prove

707 5522 865 5579 delle
889 5522 1089 5579 tavole
1113 5521 1175 5578 in
1199 5521 1422 5579 diversi
1448 5521 1615 5596 gradi
1641 5521 1839 5579 avanti
1863 5521 1906 5578 il
1931 5522 2061 5579 loro
2087 5521 2647 5596 ombreggiamento
2673 5540 2706 5579 e
2729 5521 3285 5596 perfezionamento
3311 5540 3344 5579 e
3369 5521 3430 5579 di
3455 5521 3627 5579 molti
3652 5521 4072 5579 contracalchi.
4101 5522 4486 5596 Appartenne

708 5618 763 5675 al
796 5618 1033 5675 celebre
1065 5618 1180 5675 Ab.
1216 5617 1513 5675 Bianconi
1547 5617 1746 5675 amico
1780 5618 2154 5685 dell’autore,
2189 5617 2315 5675 indi
2349 5618 2404 5675 al
2440 5617 2548 5692 sig.
2586 5617 2896 5692 Giuseppe
2928 5617 3110 5675 Bossi
3143 5636 3176 5675 e
3207 5618 3389 5692 passò
3421 5617 3526 5692 poi
3558 5617 3620 5674 in
3652 5626 3862 5692 questa
3893 5626 4095 5675 nostra
4125 5617 4482 5675 Biblioteca.

706 5714 1119 5788 L’esemplare
1144 5713 1246 5788 qui
1271 5713 1451 5771 citato
1477 5714 1510 5771 e
1535 5722 1855 5788 composto
1881 5713 1942 5771 di
1967 5714 2046 5772 94
2071 5714 2271 5771 tavole
2295 5713 2357 5770 in
2381 5714 2565 5788 luogo
2591 5713 2702 5771 che
2728 5713 2789 5771 di
2813 5714 2911 5771 41.

474 5928 636 5997 864.
680 5930 1089 5997 THERIACA
1121 5928 1600 6018 Vespasiano,
1643 5928 1993 5997 Discorso
2034 5950 2073 5997 e
2111 5928 2656 6018 ragionamento
2697 5928 2769 5997 di
2810 5928 3103 6010 Ombre,
3146 5930 3402 6010 Roma,
3444 5950 3569 6018 per
3605 5928 3929 5997 Antonio
3969 5928 4224 6010 Biado,
4276 5928 4484 6010 1551,

706 6045 812 6112 M.
847 6043 962 6112 54.

708 6155 937 6226 Questo
963 6154 1116 6212 libro
1141 6163 1311 6212 tratta
1334 6155 1697 6212 dell’ombra
1719 6163 1951 6229 portata
1974 6154 2072 6212 dai
2097 6154 2264 6229 corpi
2287 6173 2393 6229 per
2416 6155 2474 6212 la
2495 6154 2808 6229 privazion
2832 6155 2992 6212 della
3015 6155 3166 6212 luce.
3196 6155 3593 6229 Opuscoletto
3619 6154 3680 6212 di
3705 6154 3958 6229 qualche
3981 6154 4172 6212 rarità.

486 6349 648 6418 865.
686 6351 1025 6418 TORELLI
1050 6349 1347 6439 Josephi
1381 6349 1848 6431 Veronensis,
1884 6349 2426 6418 Elementorum
2457 6349 2901 6439 prospettiva
2932 6349 3094 6418 libri
3129 6349 3295 6431 duo,
3333 6371 3515 6439 opus
3549 6360 3990 6439 postumum:
4029 6349 4388 6418 recensuit
4420 6360 4489 6418 et

2171 6657 2347 6694 WWW.
2358 6637 2734 6710 memofonte.
2748 6639 2791 6694 il
