4958 7017
1981 864 2366 922 Fondazione
2390 841 2775 922 Mernofonte
2800 865 2976 922 onlus

1390 960 1600 1018 Studio
1624 979 1731 1035 per
1754 960 2226 1018 l’elaborazione
2250 960 2632 1018 informatica
2655 961 2813 1018 delle
2838 960 2991 1018 fonti
3018 960 3571 1018 storico—artistiche

475 1348 690 1416 2084.
728 1349 1190 1416 PORCACCHI
1216 1349 1633 1429 Tommaso,
1670 1347 1949 1416 L’isole
1981 1347 2106 1437 più
2139 1347 2423 1416 famose
2458 1347 2575 1416 del
2607 1347 2914 1429 Mondo,
2951 1347 3318 1437 intagliate
3352 1347 3443 1416 da
3476 1347 3853 1416 Girolamo
3887 1349 4126 1429 Porro,
4163 1347 4488 1416 Venezia

721 1462 929 1544 1572,
962 1462 1056 1531 in.
1090 1462 1217 1531 fol.
1250 1462 1389 1552 pic.

712 1574 847 1631 Con
887 1582 1075 1631 trenta
1114 1574 1315 1631 tavole
1357 1573 1418 1631 di
1459 1573 1649 1631 nitido
1691 1573 1941 1648 intaglio
1984 1592 2017 1631 e
2058 1573 2101 1630 il
2143 1573 2535 1648 frontespizio
2578 1573 2856 1648 figurato.
2900 1573 3097 1631 Prima
3137 1573 3415 1631 edizione
3455 1592 3562 1648 per
3602 1574 3660 1631 la
3700 1573 4048 1631 freschezza
4088 1574 4246 1631 delle
4287 1574 4487 1631 tavole

710 1669 1041 1744 preferibili
1067 1688 1101 1727 a
1123 1678 1267 1727 tutte
1292 1670 1348 1727 le
1371 1669 1706 1744 posteriori.

475 1865 690 1934 2085.
728 1867 1163 1934 PORTRAITS
1197 1865 1365 1950 (les)
1402 1865 1529 1934 des
1564 1867 1919 1934 Hommes
1954 1865 2265 1934 illustres
2300 1865 2617 1954 francois
2652 1865 2775 1955 qui
2812 1876 2974 1934 sont
2996 1865 3222 1955 joints
3258 1865 3434 1934 dans
3469 1865 3539 1934 la
3571 1865 3860 1934 Galerie
3894 1865 3989 1934 du
4023 1865 4363 1934 Cardinal
4397 1865 4486 1934 de

712 1980 1112 2062 Richelieu,
1182 2002 1357 2049 avec
1422 1980 1527 2049 les
1595 1980 1892 2070 abregés
1957 1980 2391 2070 historiques
2458 1980 2547 2049 de
2611 1980 2799 2049 leurs
2865 1980 3043 2062 vies,
3110 2002 3236 2070 par
3297 1982 3403 2049 M.
3473 1980 3562 2049 de
3624 1980 3932 2049 Wulson
3998 1980 4205 2049 Sieur
4268 1980 4357 2049 de
4421 1980 4490 2049 la

713 2095 1201 2177 Colombière,
1234 2095 1428 2164 Paris
1468 2095 1676 2177 1655,
1709 2095 1783 2163 in
1812 2095 1939 2164 fol.
1973 2095 2099 2185 fig.

714 2207 878 2264 Sono
921 2207 1000 2264 20
1041 2206 1247 2264 ritratti
1288 2206 1350 2263 in
1389 2206 1572 2281 piedi,
1616 2225 1737 2264 non
1778 2225 2097 2281 compreso
2139 2206 2182 2263 il
2224 2206 2616 2281 frontespizio
2660 2206 2937 2281 figurato,
2981 2206 3001 2263 i
3043 2206 3205 2281 quali
3249 2225 3399 2264 sono
3442 2206 3776 2264 contornati
3818 2207 3895 2264 da
3934 2215 4078 2264 tutte
4120 2207 4176 2264 le
4218 2206 4412 2264 divise
4454 2225 4487 2264 e

712 2301 999 2359 emblemi
1022 2301 1273 2369 relativi,
1300 2301 1593 2376 intagliati
1618 2302 1695 2359 da
1718 2301 1976 2376 Bignon.

483 2497 698 2566 2086.
746 2499 851 2565 LE
887 2499 1178 2566 PRINCE
1213 2499 1388 2566 Jean
1431 2497 1755 2587 Baptiste
1797 2497 2071 2587 peintre
2115 2497 2210 2566 du
2252 2497 2381 2579 roi,
2429 2498 2716 2566 Oeuvre
2760 2508 3146 2566 contenant
3186 2497 3348 2587 plus
3394 2497 3483 2566 de
3535 2497 3671 2566 160
3714 2497 4058 2587 planches
4104 2498 4401 2587 gravées
4448 2498 4488 2566 à

712 2612 1150 2694 l’eau—forte,
1183 2612 1377 2681 Paris
1417 2613 1625 2694 1782,
1658 2612 1733 2680 in
1762 2612 1889 2681 fol.

713 2724 940 2795 Questa
964 2724 997 2781 e
1022 2724 1257 2798 l’opera
1280 2724 1583 2798 completa
1607 2723 1668 2781 di
1694 2732 1906 2798 questo
1933 2723 2134 2781 artista
2158 2723 2315 2781 assai
2341 2723 2618 2798 grazioso
2644 2724 2743 2781 nel
2768 2723 3092 2798 maneggio
3118 2724 3463 2798 dell’acqua
3487 2723 3640 2781 forte
3665 2742 3698 2781 e
3724 2723 3835 2781 che
3859 2723 4051 2781 riesce
4077 2742 4111 2781 a
4135 2723 4489 2798 meraviglia

713 2819 901 2877 anche
944 2819 1329 2877 nell’imitare
1372 2820 1893 2894 l’acquarellatura
1934 2820 2029 2877 de’
2079 2819 2333 2894 disegni.
2381 2819 2482 2877 Gli
2526 2819 2980 2894 abbigliamenti
3023 2819 3079 2877 ci
3122 2819 3382 2877 costumi
3425 2819 3610 2887 civili,
3656 2819 3898 2877 militari
3941 2838 3974 2877 e
4015 2819 4286 2894 religiosi
4329 2820 4489 2877 della

711 2915 949 2983 Russia;
979 2915 999 2972 i
1026 2915 1179 2990 gridi
1206 2916 1302 2973 de’
1336 2915 1558 2973 diversi
1586 2915 1891 2983 mercanti,
1921 2915 2086 2973 ossia
2111 2916 2167 2973 le
2195 2915 2301 2973 arti
2328 2934 2361 2973 e
2388 2915 2653 2973 mestieri
2680 2915 2791 2973 che
2818 2934 3017 2973 vanno
3043 2934 3150 2990 per
3175 2916 3233 2973 la
3258 2915 3357 2973 via
3383 2915 3674 2990 gridando
3701 2915 3763 2972 in
3788 2915 4025 2983 Russia,
4055 2916 4241 2973 molte
4268 2916 4486 2973 vedute

711 3011 999 3069 nordiche
1024 3030 1057 3069 e
1082 3011 1253 3069 molti
1276 3011 1376 3069 bei
1399 3011 1706 3086 paesaggi,
1735 3011 2012 3069 formano
2038 3011 2278 3069 l’intero
2304 3011 2365 3069 di
2390 3020 2600 3086 questa
2623 3011 2979 3069 collezione.
3007 3012 3055 3068 Il
3079 3020 3283 3069 nostro
3309 3012 3642 3086 esemplare
3667 3012 3700 3069 e
3725 3011 3786 3069 di
3809 3011 4002 3086 prima
4026 3011 4390 3069 freschezza.

471 3207 686 3275 2087.
736 3208 1143 3275 PRIDEAUX
1181 3208 1313 3288 M.,
1362 3208 1465 3275 La
1509 3206 1627 3275 vie
1673 3206 1762 3275 de
1806 3206 2207 3288 Mahomet,
2257 3207 2352 3275 où
2397 3206 2553 3275 l’on
2599 3206 2959 3275 decouvre
3006 3206 3446 3296 amplément
3490 3206 3560 3275 la
3603 3206 3826 3275 verité
3872 3206 3961 3275 de
4006 3206 4483 3296 l’imposture.

711 3321 1046 3390 Enrichie
1082 3323 1175 3411 [p.
1211 3321 1381 3404 360]
1418 3333 1493 3390 de
1518 3332 1743 3407 figures
1769 3351 1844 3390 en
1867 3332 2030 3390 taille
2055 3333 2268 3400 douce,
2296 3333 2699 3400 Amsterdam,
2728 3333 2944 3400 Gallet,
2979 3332 3154 3400 1698,
3181 3332 3243 3389 in
3270 3333 3322 3390 8.

714 3432 943 3490 Sonovi
968 3432 1126 3490 dieci
1150 3433 1351 3490 tavole
1375 3432 1681 3507 intagliate
1708 3433 2009 3507 all’acqua
2033 3432 2186 3490 forte
2210 3433 2370 3490 nella
2393 3432 2660 3490 maniera
2683 3432 2744 3490 di
2771 3432 3225 3490 Schoonebeek.

479 3629 694 3697 2088.
736 3630 1173 3697 PRINCIPUM
1206 3639 1275 3697 et
1310 3630 1597 3718 Regum
1633 3628 1979 3697 Poloniae
2016 3628 2370 3718 imagines
2411 3628 2500 3697 ad
2536 3628 2789 3697 vivum
2826 3650 3229 3718 expressae,
3271 3628 3607 3710 Colonia;
3647 3628 4114 3718 Agrippinae,
4164 3628 4372 3710 1694,
4413 3628 4487 3696 in

712 3743 839 3812 fol.
872 3743 1011 3833 pic.

710 3901 809 3906 —
836 3858 976 3948 Adj
988 3869 1164 3927 ecta:
1202 3858 1438 3927 Series
1469 3858 1979 3927 numismatica
2005 3858 2414 3948 principum
2443 3858 2840 3927 electorum
2868 3858 3374 3940 Palatinorum,
3406 3858 3813 3927 Manhemii
3852 3859 4059 3927 1772.

713 3970 1101 4041 Quarantatré
1138 3969 1351 4044 effigie
1388 3988 1819 4044 compongono
1857 3970 1915 4027 la
1952 3969 2103 4027 serie
2138 3969 2332 4044 prima
2367 3988 2400 4027 e
2438 3969 2656 4044 cinque
2692 3970 2893 4027 tavole
2930 3969 3041 4027 che
3078 3970 3532 4044 comprendono
3570 3969 3649 4027 26
3686 3969 4057 4044 medaglioni
4094 3969 4192 4027 coi
4227 3969 4484 4037 rovesci,

712 4065 989 4123 formano
1015 4066 1073 4123 la
1098 4066 1377 4123 seconda.

471 4280 686 4349 2089.
726 4281 1061 4348 PUSSINO
1096 4279 1431 4361 Niccolò,
1470 4279 1640 4348 Vita
1674 4279 1865 4348 della
1899 4301 2070 4369 gran
2104 4279 2362 4348 Madre
2398 4279 2470 4348 di
2506 4279 2651 4348 Dio
2687 4279 2918 4348 incisa
2951 4279 3025 4347 in
3060 4280 3154 4347 22
3189 4279 3368 4348 rami
3405 4279 3496 4348 da
3527 4279 3767 4348 Felice
3802 4279 4214 4361 Polanzani,
4253 4281 4490 4348 Roma

721 4394 929 4476 1683,
962 4394 1036 4462 in
1065 4394 1192 4463 fol.

713 4506 914 4580 Opera
945 4505 1056 4563 che
1087 4506 1270 4563 rende
1303 4505 1552 4563 un’idea
1583 4506 1744 4563 della
1777 4506 1907 4563 sola
1938 4505 2415 4580 composizione,
2451 4524 2551 4563 ma
2582 4505 2694 4563 che
2726 4524 2833 4580 per
2864 4514 3085 4580 quanto
3117 4505 3395 4580 riguarda
3427 4506 3546 4563 allo
3583 4505 3715 4563 stile
3750 4524 3783 4563 e
3817 4506 3872 4563 al
3906 4514 4081 4580 gusto
4115 4506 4213 4563 del
4248 4524 4486 4563 sommo

713 4610 934 4669 autore,
962 4602 1020 4659 la
1043 4601 1397 4659 mediocrità
1420 4602 1518 4659 del
1541 4601 1751 4659 bulino
1776 4620 1898 4659 non
1920 4602 2103 4659 rende
2128 4602 2186 4659 la
2209 4620 2493 4659 menoma
2515 4601 2668 4659 idea.

479 4798 694 4867 2090.
728 4799 1165 4866 RACCOLTA
1189 4797 1305 4866 dei
1334 4797 1581 4866 ritratti
1612 4797 1728 4866 dei
1759 4797 1976 4866 Conti
2007 4797 2124 4866 del
2153 4797 2419 4866 Tirolo.

714 4909 878 4966 Sono
904 4908 983 4966 26
1008 4909 1208 4966 tavole
1233 4927 1551 4983 compreso
1576 4908 1619 4965 il
1645 4908 2037 4983 frontespizio
2063 4927 2180 4966 con
2204 4927 2405 4966 marca
2428 4910 2492 4966 L.
2521 4909 2594 4966 A.
2622 4910 2706 4966 Le
2732 4908 3162 4966 dichiarazioni
3189 4927 3339 4966 sono
3364 4908 3427 4965 in
3450 4909 3714 4966 tedesco.
3742 4910 3830 4966 M.
3866 4909 3997 4966 100.

479 5105 694 5174 2091.
728 5106 1062 5173 RADERO
1086 5104 1436 5173 Mattheo.
1470 5104 1659 5173 Vedi
1686 5107 2006 5174 Bavaria
2036 5106 2320 5174 Sancta.

475 5315 690 5384 2092.
730 5312 947 5383 RENÉ
974 5314 1313 5403 Francois
1349 5314 1797 5404 predicateur
1831 5314 1926 5383 du
1960 5314 2089 5396 roi,
2127 5314 2334 5383 Essai
2371 5314 2497 5383 des
2534 5314 2944 5383 merveilles
2982 5314 3071 5383 de
3106 5325 3351 5383 nature
3387 5325 3456 5383 et
3490 5314 3616 5383 des
3652 5314 3814 5404 plus
3851 5314 4105 5383 nobles
4144 5314 4480 5383 artifices:

711 5429 918 5519 piece
946 5430 1085 5498 très
1116 5429 1523 5498 nécessaire
1555 5430 1595 5498 à
1621 5440 1783 5498 tous
1815 5451 1998 5498 ceux
2028 5429 2151 5519 qui
2181 5429 2340 5498 font
2366 5429 2779 5519 profession
2809 5429 3313 5519 d’eloquence,
3348 5430 3388 5498 a
3415 5431 3672 5498 Rouen
3711 5429 3919 5511 1624,
3952 5429 4026 5497 in
4054 5430 4122 5511 4,
4155 5429 4281 5519 fig.

711 5542 764 5597 II
793 5540 1185 5615 frontespizio
1215 5541 1248 5598 e
1277 5540 1535 5615 figurato
1564 5540 1626 5597 in
1652 5559 1816 5598 rame
1845 5559 1878 5598 e
1909 5540 2124 5598 sonovi
2154 5541 2367 5598 alcune
2395 5541 2595 5598 tavole
2623 5540 2685 5597 in
2713 5541 2893 5615 legno
2923 5540 3013 5598 fra
3039 5540 3082 5597 il
3110 5549 3264 5598 testo
3294 5541 3630 5615 dell’opera
3657 5540 3768 5598 che
3797 5540 4016 5615 divaga
4045 5559 4221 5598 sovra
4247 5549 4396 5598 tutto
4426 5541 4486 5598 lo

714 5636 925 5694 scibile
949 5655 1030 5694 un
1052 5637 1154 5711 po’
1188 5645 1584 5694 stranamente
1609 5655 1642 5694 e
1665 5655 1772 5711 per
1795 5655 2217 5711 conseguenza
2239 5645 2409 5694 tratta
2432 5636 2493 5694 di
2516 5636 2750 5711 pittura,
2780 5637 3055 5704 scultura,
3081 5636 3467 5711 prospettiva,
3496 5636 3872 5694 architettura
3895 5655 3982 5694 ec.

471 5833 686 5902 2093.
730 5830 1220 5901 REPÉRTOIRE
1254 5832 1380 5901 des
1424 5832 1723 5914 artistes,
1767 5854 1862 5901 ou
1900 5832 2169 5901 recueil
2209 5832 2298 5901 de
2338 5832 2659 5901 diverses
2699 5832 2944 5922 pieces
2985 5832 3368 5901 modernes
3410 5832 3960 5901 d’architecture
4001 5843 4070 5901 et
4107 5832 4485 5901 nouvelles

712 5947 1123 6016 inventions
1160 5947 1249 6016 de
1282 5958 1544 6037 portes,
1583 5947 2022 6029 cheminées,
2061 5969 2442 6016 ornemens
2480 5958 2549 6016 et
2583 5958 2837 6029 autres,
2875 5947 3092 6029 Paris,
3131 5947 3307 6016 chez
3342 5947 3683 6029 Jombert,
3730 5947 3938 6029 1764,
3976 5947 4050 6015 in
4084 5947 4211 6016 fol.
4250 5947 4402 6037 fig.,
4442 5948 4486 6015 2

712 6062 856 6131 vol.

713 6174 914 6248 Opera
937 6173 1364 6248 copiosissima
1388 6173 1449 6231 di
1472 6174 1674 6231 buone
1700 6192 1733 6231 e
1758 6173 1819 6231 di
1844 6173 2136 6231 mediocri
2159 6173 2518 6248 produzioni
2541 6173 2758 6231 riunite
2783 6174 2941 6231 dalle
2965 6174 3183 6241 tavole,
3211 6173 3323 6231 che
3349 6192 3621 6231 avevano
3650 6173 3870 6231 servito
3897 6174 3972 6231 ad
3995 6192 4114 6231 una
4137 6173 4404 6248 quantità
4427 6173 4488 6231 di

712 6269 847 6327 libri
877 6270 1067 6327 d’arte
1096 6269 1158 6326 in
1187 6269 1330 6344 ogni
1360 6269 1641 6327 maniera.
1675 6271 2018 6344 Dovunque
2047 6269 2067 6326 i
2097 6269 2269 6327 librai
2299 6269 2502 6327 fecero
2533 6278 2742 6344 queste
2774 6269 3183 6344 speculazioni
3213 6288 3246 6327 e
3275 6269 3337 6326 in
3365 6269 3614 6327 Francia
3642 6269 3702 6327 vi
3731 6269 4065 6327 riuscirono
4096 6288 4213 6327 con
4240 6269 4487 6344 profitto

711 6365 994 6432 Jombert,
1023 6383 1056 6422 e
1081 6366 1369 6432 Manette,
1398 6364 1509 6422 che
1535 6365 1758 6422 ebbero
1783 6364 1888 6439 più
1911 6365 2076 6422 buon
2102 6373 2277 6439 gusto
2304 6364 2466 6439 degli
2493 6364 2640 6422 altri.
2672 6364 2735 6422 Si
2761 6373 3011 6422 trovano
3037 6364 3100 6421 in
3125 6364 3320 6439 questi
3346 6364 3578 6422 volumi
3604 6365 3660 6422 le
3685 6364 4034 6422 invenzioni
4060 6364 4121 6422 di
4147 6366 4231 6422 Le
4256 6366 4484 6432 Pautre,

2171 6657 2347 6694 WWW.
2358 6637 2734 6710 memofonte.
2748 6639 2791 6694 il
