4958 7017
1981 864 2366 922 Fondazione
2390 864 2775 922 Memofonte
2800 865 2976 922 onlus

1390 960 1600 1018 Studio
1624 979 1731 1035 per
1754 960 2226 1018 l’elaborazione
2250 960 2632 1018 informatica
2655 961 2813 1018 delle
2838 960 2991 1018 fonti
3018 960 3571 1018 storico—artistiche

713 1248 940 1319 Questa
965 1248 998 1305 e
1026 1248 1335 1305 corredata
1360 1247 1421 1305 di
1447 1256 1591 1305 tutte
1618 1248 1674 1305 le
1700 1247 2095 1305 illustrazioni
2122 1247 2234 1305 che
2260 1266 2383 1305 non
2410 1266 2738 1322 apparvero
2765 1248 2925 1305 nella
2948 1247 3142 1322 prima
3168 1247 3446 1305 edizione
3473 1266 3590 1305 con
3616 1248 3803 1305 molte
3829 1248 4029 1305 tavole
4056 1247 4117 1305 di
4142 1247 4247 1322 più
4273 1247 4487 1322 d’ogni

712 1362 929 1418 genere
954 1362 987 1401 e
1014 1362 1216 1418 sparse
1242 1343 1332 1401 fra
1354 1343 1397 1400 il
1421 1352 1574 1401 testo
1600 1362 1633 1401 e
1656 1343 1871 1401 riunite
1897 1344 2014 1401 alla
2037 1343 2179 1401 fine.

483 1540 690 1609 1923.
727 1541 1348 1621 MICROCOSMOS,
1380 1541 1646 1608 Parvus
1680 1539 2026 1621 Mundus,
2062 1539 2463 1621 Arnhemii,
2502 1539 2691 1629 apud
2722 1539 3169 1621 Jansonium,
3209 1539 3363 1608 sine
3398 1561 3606 1621 anno,
3643 1539 3717 1607 in
3749 1540 3817 1621 4,
3854 1539 3980 1629 fig.
4019 1539 4405 1608 Comincia
4436 1539 4488 1607 il

712 1654 896 1723 libro
936 1676 1075 1723 con
1112 1676 1255 1723 una
1291 1654 1538 1723 lettera
1575 1655 1730 1723 così
1769 1654 2122 1723 intitolata
2156 1654 2531 1723 Politioris
2572 1654 3020 1723 litteraturae
3059 1654 3405 1723 studiosis
3444 1668 3514 1723 et
3540 1657 3876 1742 picturae
3916 1654 4487 1742 elegantioribus

712 1769 1163 1838 amatoribus
1193 1769 1500 1838 salutem
1520 1769 1913 1857 plurimam
1939 1769 2192 1838 Iberus
2227 1769 2580 1850 Cunradi;
2615 1772 2855 1838 osoris
2886 1783 3135 1838 centra
3161 1772 3521 1838 Nemesin.

714 1881 878 1938 Sono
907 1881 986 1938 74
1014 1881 1214 1938 tavole
1243 1880 1399 1938 assai
1425 1881 1544 1938 ben
1570 1880 1876 1955 intagliale
1904 1880 2261 1938 d’emblemi
2289 1880 2502 1938 morali
2530 1899 2647 1938 con
2674 1880 2846 1938 motti
2874 1899 2907 1938 e
2937 1889 3217 1938 sentenze
3244 1880 3307 1937 in
3334 1880 3491 1938 versi
3522 1889 3813 1955 stampate
3842 1899 3876 1938 a
3901 1889 4068 1955 tergo
4097 1880 4158 1938 di
4186 1880 4484 1938 ciascuna.

711 1977 759 2033 Il
784 1976 1176 2051 frontespizio
1201 1995 1324 2034 non
1348 1977 1381 2034 e
1406 1995 1725 2051 compreso
1750 1976 1812 2033 in
1836 1985 2048 2051 questo
2074 1995 2342 2034 numero.

479 2306 686 2375 1924.
723 2307 824 2374 Le
855 2307 1161 2374 MOYNE
1193 2307 1265 2374 P.
1303 2305 1392 2374 de
1424 2305 1494 2374 la
1525 2305 1958 2395 compagnie
1991 2305 2081 2374 de
2112 2307 2342 2387 Jesus,
2378 2307 2490 2374 De
2522 2305 2686 2374 l’art
2723 2307 2816 2395 [p.
2855 2306 3025 2388 327]
3066 2305 3192 2374 des
3227 2305 3537 2387 devises,
3575 2327 3751 2374 avec
3785 2305 4022 2374 divers
4055 2305 4362 2374 recueils
4397 2305 4486 2374 de

713 2420 1000 2489 devises
1032 2420 1127 2489 du
1156 2421 1396 2489 meme
1427 2431 1692 2502 auteur,
1726 2420 1943 2502 Paris,
1977 2420 2153 2489 chez
2185 2420 2589 2510 Cramoisy,
2631 2420 2840 2502 1666,
2873 2420 2947 2488 in
2975 2421 3021 2488 4
3051 2420 3100 2489 f.

712 2532 847 2589 Con
870 2550 951 2589 un
973 2532 1073 2589 bel
1098 2531 1491 2606 frontespizio
1517 2531 1578 2589 di
1603 2532 1659 2589 le
1683 2533 1892 2589 Pautre
1917 2550 1950 2589 e
1982 2532 2090 2590 191
2121 2532 2339 2599 tavole,
2367 2532 2525 2589 delle
2550 2531 2712 2606 quali
2736 2550 2816 2589 un
2841 2550 2985 2606 gran
3009 2550 3259 2589 numero
3285 2532 3318 2589 e
3342 2531 3652 2606 intagliato
3678 2532 3755 2589 da
3779 2540 3991 2606 questo
4016 2531 4294 2589 incisore.

479 2727 686 2797 1925.
745 2728 921 2796 ORO
969 2727 1316 2817 Apolline
1368 2727 1681 2809 Niliaco,
1738 2727 1933 2796 Delli
1990 2727 2193 2817 segni
2247 2727 2754 2817 hierogliphici
2807 2727 3114 2796 tradotto
3168 2727 3242 2795 in
3296 2727 3544 2817 lingua
3595 2727 3891 2817 volgare
3945 2727 4036 2796 da
4087 2729 4193 2796 M.
4251 2727 4486 2796 Pietro

712 2842 1007 2911 Vassoli
1038 2842 1129 2911 da
1155 2842 1523 2924 Fivizano,
1556 2842 1630 2910 in
1659 2842 1991 2932 Vinegia,
2023 2864 2275 2932 presso
2306 2842 2488 2911 Gab.
2523 2842 2801 2911 Giolito
2832 2842 2921 2911 de
2949 2842 3238 2924 Ferrari,
3280 2842 3488 2924 1547,
3521 2842 3595 2910 in
3628 2843 3690 2911 8.

711 2953 1004 3011 Edizione
1029 2954 1319 3028 elegante.

487 3168 694 3238 1926.
743 3169 961 3237 ORUS
1006 3168 1280 3258 Apollo
1323 3168 1674 3250 Niliacus,
1721 3170 1834 3237 De
1876 3168 2443 3258 hieroglyphicis
2489 3168 2678 3237 notis
2725 3190 2765 3237 a
2806 3168 3251 3237 Bernardino
3295 3168 3629 3237 Trebatio
3673 3168 4062 3237 Vicentino
4106 3168 4485 3237 Latinitate

713 3283 1040 3365 donatus,
1073 3283 1400 3352 Venetiis
1440 3283 1648 3365 1536,
1683 3283 1873 3373 apud
1901 3285 1989 3352 D.
2022 3283 2246 3352 Jacob
2278 3305 2318 3352 a
2345 3285 2589 3373 Burgo
2619 3285 2892 3352 Franco
2922 3283 3371 3373 Papiensem.

711 3394 1004 3452 Edizione
1029 3395 1319 3469 elegante.

491 3590 698 3659 1927.
752 3591 1191 3658 PARACELSI
1232 3589 1801 3679 prognosticatio
1851 3589 2105 3679 figuris
2156 3589 2504 3658 illustrata
2553 3589 2824 3679 absque
2872 3589 3021 3658 ulla
3068 3600 3238 3658 nota
3285 3589 3359 3657 in
3407 3590 3474 3658 4.
3526 3589 3646 3658 Ad
3693 3589 4223 3658 Ferdinandum
4271 3591 4482 3658 Rom.

712 3706 991 3794 Regem
1022 3726 1306 3794 semper
1332 3705 1768 3794 Augustum,
1802 3704 2209 3794 conscripta
2238 3726 2425 3773 anno
2454 3706 2794 3773 XXXVI.

712 3816 847 3873 Con
873 3816 950 3873 32
975 3816 1175 3873 tavole
1199 3815 1261 3872 in
1285 3816 1485 3890 legno,
1513 3815 1665 3873 ediz.
1692 3815 1900 3890 prima.

483 4031 690 4100 1928.
734 4032 1193 4112 PARACELSI,
1235 4030 1442 4099 Altro
1484 4030 1883 4120 esemplare
1924 4030 2113 4099 colle
2152 4030 2408 4120 figure,
2451 4030 2819 4120 intagliate
2858 4030 2932 4098 in
2971 4052 3167 4099 rame
3207 4030 3493 4099 diversa
3532 4030 3887 4112 edizione,
3930 4030 4004 4098 in
4042 4031 4110 4112 4,
4155 4030 4244 4099 ad
4281 4030 4481 4099 Ferd.

712 4147 923 4214 Rom.
957 4147 1236 4235 Regem
1267 4167 1551 4235 semper
1577 4146 2012 4235 Augustum,
2047 4167 2234 4214 anno
2273 4145 2480 4214 1536.

487 4357 694 4426 1929.
729 4358 1089 4425 PARADIN
1112 4358 1218 4425 M.
1254 4356 1532 4425 Claude
1563 4356 1941 4425 Chanoine
1972 4356 2061 4425 de
2092 4356 2436 4446 Beaujen,
2471 4356 2781 4425 Dévises
2812 4356 3219 4446 héroiques,
3255 4357 3295 4425 à
3323 4358 3552 4446 Lyon,
3585 4378 3711 4446 par
3738 4358 3913 4425 Jean
3944 4356 4033 4425 de
4063 4358 4385 4425 Tournes
4418 4367 4487 4425 et

713 4471 906 4540 Guil.
941 4472 1256 4553 Gazeau,
1298 4471 1506 4553 1557,
1539 4471 1613 4539 in
1651 4472 1758 4540 12.

711 4582 1004 4640 Edizione
1029 4582 1480 4657 elegantissima
1501 4601 1608 4657 per
1631 4583 1687 4640 le
1710 4583 1870 4640 belle
1902 4583 2016 4640 174
2041 4582 2323 4640 incisioni
2347 4582 2409 4639 in
2433 4583 2632 4657 legno.
2660 4582 2819 4640 Vedi
2845 4582 3033 4640 anche
3058 4583 3427 4640 d’Amboise.

483 4779 690 4848 1930.
724 4780 1079 4847 PARACIN
1103 4778 1414 4860 Claudii,
1449 4778 1800 4868 Symbola
1827 4778 2160 4860 Heroica,
2193 4778 2473 4847 Plantin
2511 4778 2719 4860 1600,
2752 4778 2826 4846 in
2864 4778 2971 4847 16.

714 4890 878 4947 Sono
912 4889 1033 4947 216
1066 4890 1266 4947 tavole
1299 4889 1360 4947 di
1390 4889 1728 4947 bellissimo
1762 4889 2012 4964 intaglio
2045 4889 2107 4946 in
2139 4890 2338 4964 legno,
2374 4889 2464 4947 fra
2495 4890 2551 4947 le
2584 4889 2746 4964 quali
2778 4889 3036 4964 bisogna
3067 4908 3377 4947 osservare
3412 4908 3475 4947 se
3509 4890 3626 4947 alla
3655 4908 3791 4964 pag.
3835 4889 3946 4947 115
3982 4908 4104 4947 non
4136 4889 4302 4947 fosse
4337 4898 4487 4947 stato

712 4986 910 5043 levato
936 4986 1290 5043 l’emblema
1316 4987 1452 5057 Quo
1479 4986 1691 5053 tendis,
1719 4985 1830 5043 che
1854 4985 1931 5043 ha
1954 4986 2236 5060 l’aspetto
2262 4986 2412 5043 d’un
2435 4987 2656 5043 FALLO
2674 4985 2908 5043 benché
2933 4986 3036 5043 nol
3063 4985 3166 5043 sia.

500 5181 707 5250 1931.
741 5182 1058 5249 PARVUS
1084 5180 1429 5249 Mundus.
1463 5180 1652 5249 Vedi
1678 5183 1767 5248 M
1768 5183 2232 5249 icrocosmus.

500 5392 707 5461 1932.
747 5393 1006 5459 PETRA
1037 5392 1299 5460 Sancta
1334 5391 1700 5473 Silvestre,
1739 5393 1852 5460 De
1890 5391 2243 5481 symbolis
2279 5391 2591 5460 heroicis
2628 5391 2750 5460 lib.
2791 5393 2912 5473 IX,
2950 5392 3117 5460 Ant.
3157 5391 3437 5460 Plantin
3482 5391 3690 5473 1634,
3729 5391 3803 5459 in
3837 5392 3905 5473 4,
3944 5391 4071 5481 fig.
4111 5393 4212 5460 Le
4246 5391 4487 5460 tavole

715 5528 896 5575 sono
927 5506 999 5575 di
1027 5506 1512 5596 bell’intaglio
1543 5528 1582 5575 e
1611 5506 1663 5574 il
1692 5506 2166 5596 frontespizio
2197 5506 2573 5596 disegnato
2604 5506 2695 5575 da
2723 5506 3017 5575 Rubens
3049 5507 3088 5575 è
3117 5506 3351 5575 inciso
3382 5506 3473 5575 da
3500 5506 3721 5575 Teod.
3757 5506 3988 5575 Galle.

713 5617 814 5675 Gli
855 5617 1142 5675 emblemi
1185 5636 1335 5675 sono
1377 5617 1498 5675 260
1539 5636 1661 5675 non
1700 5618 2107 5692 computando
2149 5626 2380 5692 quattro
2422 5617 2615 5692 figure
2658 5636 2839 5675 senza
2880 5617 3267 5692 spiegazione
3308 5636 3341 5675 e
3389 5617 3461 5675 16
3503 5618 3646 5675 altre
3686 5618 3903 5685 tavole,
3947 5617 4058 5675 che
4098 5617 4160 5674 in
4199 5626 4347 5675 tutto
4389 5618 4487 5675 col

712 5713 1104 5788 frontespizio
1131 5713 1408 5771 formano
1434 5714 1573 5772 290.

481 5930 574 6018 [p.
610 5929 780 6011 328]

483 6159 690 6228 1933.
745 6160 1305 6240 PHILOSTRATE,
1359 6160 1498 6227 Les
1550 6158 1826 6248 images
1879 6180 1974 6227 ou
2023 6158 2359 6227 tableaux
2411 6158 2500 6227 de
2549 6158 2768 6248 platte
2817 6158 3141 6248 peinture
3192 6158 3319 6227 des
3372 6158 3562 6227 deux
3613 6158 4073 6227 Philostrates
4128 6158 4485 6248 sophistes

713 6295 939 6363 grecs,
974 6273 1113 6342 mis
1147 6295 1236 6342 en
1267 6273 1576 6362 francais
1608 6295 1735 6363 par
1764 6273 2009 6342 Blaise
2041 6273 2130 6342 de
2161 6273 2523 6363 Vigénere
2555 6284 2624 6342 et
2652 6274 3103 6363 representéz
3137 6295 3226 6342 en
3256 6273 3453 6342 taille
3485 6273 3738 6355 douce,
3773 6273 3967 6342 Paris
4009 6273 4217 6355 1629,
4252 6273 4326 6341 in
4357 6273 4483 6342 fol.

712 6388 838 6478 fig.

2171 6657 2347 6694 WWW.
2358 6637 2734 6710 memofonte.
2748 6639 2791 6694 il
