4958 7017
1981 864 2366 922 Fondazione
2390 838 2775 922 Memofonte
2800 865 2976 922 onlus

1390 960 1600 1018 Studio
1624 979 1731 1035 per
1754 960 2226 1018 l’elaborazione
2250 960 2632 1018 informatica
2655 961 2813 1018 delle
2838 960 2991 1018 fonti
3018 960 3571 1018 storico—artistiche

485 1253 578 1341 [p.
614 1252 784 1334 334]

487 1482 694 1551 1973.
728 1483 981 1550 VIERX
1009 1481 1499 1563 Hieronimus,
1531 1481 2104 1563 Emblematical,
2136 1481 2364 1571 plates
2395 1481 2469 1549 in
2502 1482 2564 1550 8.

711 1594 852 1650 Non
882 1611 1032 1650 sono
1062 1601 1270 1667 queste
1297 1592 1402 1667 più
1430 1592 1541 1650 che
1570 1611 1728 1650 nove
1756 1592 1995 1667 piccole
2026 1601 2254 1667 stampe
2283 1592 2746 1650 emblematiche
2776 1593 3097 1650 dell’amor
3124 1592 3331 1650 divino
3361 1592 3630 1667 eseguite
3659 1593 3819 1650 colla
3846 1592 4134 1650 massima
4162 1592 4400 1650 finezza
4427 1592 4488 1650 di

710 1688 919 1746 bulino
945 1707 978 1746 e
1003 1688 1064 1746 di
1089 1689 1276 1746 molta
1297 1688 1473 1746 rarità
1497 1707 1531 1746 a
1553 1688 1805 1746 trovarsi
1830 1688 1891 1746 di
1914 1688 2107 1763 prima
2131 1688 2495 1746 freschezza.
2523 1688 2788 1763 Esempi,
2816 1689 2976 1746 della
2998 1688 3156 1746 Bibl.
3184 1688 3608 1763 Malborough.

483 1885 690 1954 1974.
725 1886 1272 1966 WARBURTON,
1306 1884 1513 1953 Essai
1548 1906 1665 1953 sur
1694 1884 1799 1953 les
1831 1884 2341 1974 hiéroglyphes
2375 1884 2501 1953 des
2533 1884 2927 1974 Egyptiens
2961 1906 3056 1953 on
3087 1884 3244 1953 l’on
3275 1884 3429 1953 voit
3457 1884 3796 1974 l’origine
3828 1895 3897 1953 et
3926 1884 4031 1953 les
4063 1885 4357 1974 progrès
4391 1884 4486 1953 du

712 1999 1018 2089 langage
1076 2010 1145 2068 et
1201 1999 1290 2068 de
1347 1999 1731 2081 l’écriture,
1793 2010 1862 2068 et
1917 1999 2324 2089 l’antiquité
2382 1999 2508 2068 des
2570 1999 2893 2068 sciences
2953 2021 3042 2068 en
3098 2001 3378 2089 Egypte
3436 2010 3505 2068 et
3560 1999 3900 2089 l’origine
3958 1999 4053 2068 du
4111 1999 4300 2068 culte
4358 1999 4484 2068 des

714 2114 1074 2196 animaux,
1106 2114 1366 2183 traduit
1394 2136 1483 2183 en
1512 2114 1822 2203 francais
1855 2136 2030 2183 avec
2061 2114 2188 2183 des
2220 2114 2719 2183 observations
2751 2125 2908 2196 etc.,
2941 2114 3135 2183 Paris
3175 2115 3383 2196 1744,
3416 2114 3490 2182 in
3528 2115 3636 2196 12,
3669 2114 3813 2183 vol.
3848 2115 3914 2196 2,
3947 2114 4073 2204 fig.

713 2226 942 2297 Questo
977 2226 1311 2300 esemplare
1346 2234 1707 2300 appartenne
1743 2244 1777 2283 a
1808 2227 1896 2283 M.
1934 2226 2170 2283 d’Anse
2203 2225 2528 2293 Villoison,
2565 2225 2677 2283 che
2712 2225 2772 2283 vi
2807 2225 2941 2283 fece
2974 2225 3037 2282 in
3068 2225 3366 2300 principio
3399 2225 3675 2300 preziose
3710 2225 4122 2283 osservazioni
4155 2225 4218 2282 in
4251 2225 4487 2283 diverse

710 2321 929 2396 pagine
954 2321 1356 2379 manoscritte.
1384 2322 1686 2379 Debbono
1712 2321 1938 2379 esservi
1963 2323 1998 2379 7
2025 2322 2226 2379 tavole
2250 2321 2556 2396 intagliate
2580 2321 2643 2378 in
2665 2340 2847 2379 rame.
2877 2322 3078 2396 Opera
3099 2321 3387 2396 piuttosto
3411 2340 3541 2379 rara
3565 2340 3599 2379 a
3621 2321 3889 2379 trovarsi.

483 2516 690 2586 1975.
754 2518 1075 2585 WEIGEL
1129 2516 1565 2606 Christoph,
1628 2516 1882 2585 Ethica
1940 2516 2278 2585 naturalis
2343 2538 2469 2585 seu
2531 2516 2966 2585 documenta
3024 2516 3327 2585 moralia
3386 2538 3425 2585 e
3486 2516 3702 2585 variis
3763 2538 3999 2585 rerum
4058 2516 4489 2585 naturalium

711 2631 1261 2721 proprietatibus
1301 2631 1643 2700 virtutum
1680 2631 2164 2721 vitiorumque
2205 2631 2628 2721 symbolicis
2668 2631 3106 2721 imaginibus
3147 2631 3473 2713 collecta,
3514 2631 4038 2721 Norimbergae
4079 2631 4233 2700 sine
4273 2653 4482 2713 anno,

712 2746 786 2814 in
814 2747 882 2828 4,
915 2746 1041 2836 fig.

712 2858 905 2915 Cento
930 2858 1131 2915 tavole
1155 2857 1346 2915 incise
1371 2876 1488 2915 con
1512 2858 1702 2915 molto
1726 2857 1858 2915 brio
1884 2876 1917 2915 e
1942 2858 2100 2915 colle
2124 2857 2517 2915 illustrazioni
2541 2857 2603 2914 in
2628 2857 2786 2915 versi
2811 2857 3083 2932 elegiaci.

479 3053 686 3123 1976.
719 3055 1140 3135 ZINGREPH,
1172 3053 1730 3135 Emblematum,
1772 3053 1957 3123 1619
1991 3075 2208 3122 senza
2235 3053 2479 3143 luogo.

711 3166 852 3222 Non
881 3165 914 3222 e
944 3183 1204 3222 comune
1235 3183 1269 3222 a
1297 3164 1548 3222 trovarsi
1578 3173 1790 3239 questa
1818 3164 2084 3222 centuria
2111 3164 2420 3239 intagliata
2448 3165 2525 3222 da
2553 3166 2701 3222 Mat.
2735 3164 2973 3222 Merian
3002 3183 3035 3222 e
3063 3164 3411 3239 pubblicata
3438 3165 3599 3222 nella
3627 3164 3995 3239 calcografia
4023 3164 4084 3222 di
4114 3165 4189 3222 de
4218 3166 4341 3239 Bry
4371 3183 4488 3222 con

711 3260 1105 3318 illustrazioni
1131 3260 1390 3318 francesi
1415 3279 1448 3318 e
1473 3260 1670 3318 latine.

483 3475 690 3544 1977.
723 3476 1364 3543 ZINNE-BEELDEN
1388 3474 1515 3543 oft.
1548 3474 1826 3543 Adams
1856 3474 2143 3564 Appel.,
2175 3475 2381 3543 Ams.
2424 3474 2632 3556 1642,
2665 3474 2739 3542 in
2767 3475 2834 3543 4.

714 3585 939 3643 Sonavi
976 3585 1054 3643 50
1092 3585 1248 3643 assai
1283 3586 1443 3643 belle
1478 3586 1679 3643 tavole
1715 3585 2021 3660 intagliate
2057 3604 2175 3643 con
2211 3594 2386 3660 gusto
2424 3586 2726 3660 all’acqua
2761 3585 2932 3653 forte,
2971 3585 3082 3643 che
3119 3585 3466 3660 esprimono
3504 3585 3791 3660 allegorie
3829 3604 3994 3643 sacre
4030 3604 4063 3643 e
4099 3585 4331 3653 morali,
4370 3604 4487 3643 con

712 3681 963 3756 copiose
987 3681 1381 3739 illustrazioni
1405 3681 1467 3738 in
1491 3682 1796 3739 olandese.

1206 3897 1790 3978 MITOLOGIA,
1823 3898 2014 3964 RITI
2041 3898 2099 3964 E
2129 3897 2576 3965 COSTUMI
2603 3897 3089 3965 RELIGIOSI
3117 3898 3219 3964 DI
3247 3898 3533 3965 TUTTI
3562 3898 3591 3964 I
3619 3897 3985 3965 POPOLI.

1040 4013 1314 4097 Questo
1344 4011 1672 4092 articolo,
1712 4011 1844 4080 che
1873 4011 2152 4081 doveva
2182 4014 2306 4100 qui
2336 4011 2746 4092 collocarsi,
2785 4014 2848 4080 si
2877 4011 3061 4081 veda
3094 4014 3164 4080 in
3177 4012 3339 4100 fine
3369 4011 3445 4080 al
3472 4011 3805 4081 Secondo
3841 4011 4152 4081 Volume.

2171 6657 2347 6694 WWW.
2358 6637 2734 6710 memofonte.
2748 6639 2791 6694 il
