4958 7017
1981 864 2366 922 Fondazione
2390 838 2775 922 Memofonte
2800 865 2976 922 onlus

1390 960 1600 1018 Studio
1624 979 1731 1035 per
1754 960 2226 1018 l’elaborazione
2250 960 2632 1018 informatica
2655 961 2813 1018 delle
2838 960 2991 1018 fonti
3018 960 3571 1018 storico—artistiche

476 1247 655 1306 3957.
682 1249 962 1305 BETUSSI
983 1249 1071 1305 M.
1101 1247 1429 1322 Giuseppe,
1456 1247 1937 1322 Ragionamento
1965 1266 2142 1322 sopra
2164 1247 2207 1304 il
2232 1248 2464 1322 Catajo,
2492 1248 2676 1322 luogo
2702 1248 2864 1305 dello
2889 1247 3069 1305 illust.
3100 1247 3304 1322 signor
3326 1247 3434 1305 Pio
3459 1249 3624 1305 Enea
3647 1247 3809 1322 degli
3835 1247 4070 1315 Obizzi,
4097 1248 4358 1315 Padova,
4384 1266 4490 1322 per

698 1345 832 1401 Lor.
860 1343 1157 1418 Pasquati,
1192 1343 1367 1411 1573,
1393 1343 1455 1400 in
1478 1344 1535 1411 4,
1563 1343 1891 1401 l’edizione
1916 1344 1949 1401 e
1972 1344 2134 1401 bella
2156 1343 2218 1400 in
2242 1362 2387 1418 gran
2411 1343 2680 1401 caratteri
2705 1343 2944 1401 corsivi.

476 1535 655 1594 3958.
683 1537 963 1593 BETUSSI
985 1537 1073 1593 M.
1104 1535 1432 1610 Giuseppe,
1459 1535 1853 1593 Descrizione
1879 1536 1977 1593 del
2003 1536 2216 1610 Catajo
2243 1536 2427 1610 luogo
2454 1536 2552 1593 del
2577 1535 2887 1593 marchese
2914 1535 3131 1593 Obizzi
3157 1536 3315 1593 colle
3342 1535 3624 1610 aggiunte
3650 1536 3748 1593 del
3773 1535 3973 1603 Berni,
4002 1554 4035 1593 e
4061 1536 4159 1593 del
4184 1535 4485 1603 Libanori,

698 1633 938 1689 Ferrara
968 1631 1142 1699 1669,
1169 1631 1231 1688 in
1254 1632 1292 1688 4
1316 1650 1394 1706 p.,
1422 1631 1526 1706 fig.

698 1726 879 1784 Libro
917 1726 1099 1801 pieno
1139 1726 1200 1784 di
1239 1726 1475 1784 curiose
1514 1726 1756 1794 notizie,
1797 1726 1840 1783 il
1879 1727 2055 1801 quale
2094 1726 2368 1784 descrive
2407 1745 2527 1784 uno
2567 1726 2665 1784 dei
2705 1726 2913 1801 luoghi
2950 1726 3056 1801 più
3096 1726 3382 1801 singolari
3421 1726 3675 1794 d’Italia,
3718 1726 3829 1784 che
3866 1726 4103 1784 ricorda
4140 1726 4223 1801 gli
4263 1726 4486 1784 antichi

699 1822 930 1880 castelli
955 1823 1115 1880 della
1138 1822 1476 1880 cavalleria:
1506 1841 1611 1880 ora
1634 1823 1793 1880 detta
1816 1822 1961 1880 villa
1985 1822 2327 1897 appartiene
2353 1822 2408 1880 ai
2431 1822 2688 1897 principi
2714 1823 2939 1880 d’Este.

476 2014 655 2073 3959.
689 2016 972 2072 BOCCHII
1001 2014 1321 2082 Francisci,
1355 2014 1628 2089 Epistola
1660 2033 1766 2072 seu
1797 2015 2160 2089 opusculum
2190 2015 2265 2072 de
2295 2014 2668 2072 restitutione
2703 2015 2919 2072 Sacrae
2950 2014 3293 2072 Testudinis
3325 2014 3720 2082 Florentinae,
3754 2014 4088 2072 Florentiae
4127 2014 4302 2082 1604,
4336 2014 4398 2071 in
4432 2015 4485 2082 8,

698 2112 786 2168 M.
815 2111 912 2169 97.

476 2301 655 2360 3960.
684 2303 770 2359 La
794 2303 1030 2359 BORDE
1055 2302 1416 2369 Alexandre,
1445 2301 1831 2376 Description
1857 2302 2007 2359 d’un
2031 2302 2186 2376 pavé
2213 2320 2288 2359 en
2314 2307 2630 2376 mosai'que
2657 2302 2983 2359 découvert
3008 2302 3156 2359 dans
3184 2301 3527 2359 l’ancienne
3554 2301 3698 2359 ville
3725 2301 4016 2369 d’Italica,
4047 2301 4403 2376 aujourdhui
4430 2302 4487 2359 le

699 2397 921 2472 village
946 2398 1021 2455 de
1048 2397 1453 2472 Santinponce
1476 2398 1612 2472 près
1638 2398 1713 2455 de
1738 2406 1891 2455 cette
1916 2397 2077 2465 ville,
2106 2416 2140 2455 a
2162 2397 2344 2465 Paris,
2379 2398 2553 2465 1802,
2580 2397 2784 2465 Didot,
2811 2397 2873 2454 in
2897 2397 3002 2455 fol.
3032 2397 3313 2455 atlantico
3339 2397 3606 2455 miniato.

698 2493 991 2551 Edizione
1029 2493 1090 2551 di
1128 2493 1419 2551 massimo
1458 2494 1624 2551 lusso
1662 2493 1834 2551 tirata
1869 2494 1967 2551 nel
2007 2494 2139 2551 solo
2178 2512 2428 2551 numero
2467 2493 2528 2551 di
2573 2493 2687 2551 160
2726 2493 3063 2568 esemplari:
3109 2493 3325 2551 sonovi
3370 2494 3481 2551 103
3521 2493 3740 2568 pagine
3779 2493 3840 2551 di
3877 2502 4049 2561 testo,
4090 2512 4123 2551 e
4161 2494 4240 2550 22
4279 2493 4487 2568 grandi

698 2590 916 2657 tavole,
943 2608 1065 2647 non
1089 2590 1390 2647 contando
1416 2590 1472 2647 le
1497 2590 1682 2647 molte
1708 2589 1989 2664 vignette,
2017 2608 2050 2647 e
2076 2589 2205 2647 altri
2230 2589 2606 2647 monumenti
2630 2589 2986 2647 illustrativi.

476 2781 655 2840 3961.
694 2783 922 2839 BOREL
955 2781 1152 2839 Pierre
1189 2781 1511 2839 conseiller
1546 2790 1604 2839 et
1638 2782 1794 2839 med.
1835 2782 1915 2839 du
1950 2783 2103 2856 Roy,
2142 2783 2360 2839 Tresor
2395 2782 2501 2839 des
2536 2781 2888 2839 recherches
2926 2790 2984 2839 et
3020 2781 3338 2856 antiquités
3376 2781 3681 2856 gauloises
3719 2790 3777 2839 et
3812 2781 4043 2856 francoi
4085 2783 4163 2856 [p.
4204 2782 4348 2851 232]
4393 2800 4487 2839 ses

697 2876 957 2934 reduites
983 2895 1058 2934 en
1082 2877 1255 2934 ordre
1281 2876 1701 2951 alphabetique
1727 2885 1859 2944 etc.,
1886 2876 2049 2934 Paris
2082 2876 2256 2944 1655,
2282 2876 2344 2933 in
2367 2877 2423 2934 4.

476 3068 655 3127 3962.
693 3070 936 3136 BOREL,
974 3070 1089 3126 Les
1127 3068 1464 3143 antiquités,
1502 3069 1740 3136 rarétés,
1777 3069 2028 3143 plantes,
2066 3068 2377 3126 mineraux
2412 3077 2523 3126 etc.
2563 3069 2638 3126 de
2674 3069 2732 3126 la
2765 3068 2926 3136 ville,
2965 3077 3023 3126 et
3057 3069 3255 3126 comte
3291 3069 3366 3126 de
3402 3069 3641 3126 Castres
3678 3077 3788 3126 etc.
3827 3069 3998 3126 Avec
4035 3069 4091 3126 le
4126 3069 4345 3126 Roolle
4381 3069 4487 3126 des

697 3164 1051 3239 principaux
1079 3164 1366 3232 cabinets,
1398 3173 1456 3222 et
1484 3173 1677 3222 autres
1705 3165 1930 3222 rarétez
1959 3165 2034 3222 de
2063 3165 2350 3239 l’Europe
2379 3173 2489 3222 etc.
2522 3173 2632 3222 etc.
2665 3165 2922 3222 Comme
2952 3164 3114 3222 aussi
3143 3165 3199 3222 le
3228 3165 3543 3239 catalogue
3572 3165 3678 3222 des
3708 3164 3924 3222 choses
3952 3183 4111 3222 rares
4141 3165 4216 3222 de
4245 3164 4486 3222 maistre

698 3260 895 3318 Pierre
918 3261 1101 3318 Borel
1125 3261 1373 3318 docteur
1396 3279 1471 3318 en
1495 3260 1810 3318 médécine
1836 3269 2041 3318 auteur
2064 3261 2139 3318 de
2164 3279 2234 3318 ce
2259 3260 2425 3328 livre,
2453 3261 2693 3318 Castres
2727 3260 2902 3328 1649,
2928 3260 2990 3317 in
3013 3261 3051 3317 4
3075 3269 3192 3335 pet.

698 3357 782 3413 Le
812 3355 1160 3430 cognizioni
1190 3355 1251 3413 di
1281 3356 1466 3413 molte
1499 3355 1847 3430 singolarità
1875 3356 2035 3413 della
2061 3356 2325 3413 raccolta
2353 3356 2709 3413 dell’autore
2738 3356 3008 3413 rendono
3039 3364 3251 3430 questo
3282 3355 3518 3413 libretto
3547 3355 3846 3430 prezioso,
3879 3374 3912 3413 e
3944 3355 3993 3413 si
4024 3374 4326 3413 annovera
4353 3364 4440 3413 tra
4467 3355 4487 3412 i

697 3451 811 3509 rari
836 3451 897 3509 di
922 3460 1132 3526 questa
1157 3451 1376 3526 specie.

476 3643 655 3702 3963.
699 3645 1010 3701 BORLASE
1049 3643 1338 3711 William,
1382 3643 1748 3718 Antiquities
1790 3643 2115 3711 historical,
2161 3644 2277 3701 and
2318 3644 2730 3701 monumental
2772 3643 2844 3701 of
2878 3643 2976 3701 the
3018 3652 3269 3718 country
3310 3643 3383 3701 of
3418 3644 3724 3701 Cornwall
3766 3652 3876 3701 etc.
3921 3643 4330 3718 Exemplified
4372 3644 4488 3701 and

697 3740 928 3814 proved
950 3740 1031 3814 by
1055 3748 1438 3797 monuments
1464 3758 1604 3797 now
1629 3748 1830 3797 extant
1852 3739 1915 3796 in
1939 3740 2245 3797 Cornwall
2270 3748 2402 3807 etc.,
2429 3740 2685 3797 London
2717 3739 2892 3807 1769,
2918 3739 2980 3796 in
3004 3739 3131 3807 fol.,
3159 3739 3264 3814 fig.

698 3835 991 3893 Edizione
1017 3835 1173 3893 assai
1196 3836 1358 3893 bella
1381 3854 1498 3893 con
1524 3835 1601 3893 36
1626 3836 1826 3893 tavole
1851 3835 1912 3893 di
1935 3835 2358 3910 bell’intaglio,
2386 3854 2419 3893 e
2443 3854 2523 3893 un
2548 3835 2937 3893 vocabolario
2962 3835 3024 3892 in
3048 3835 3172 3893 fine
3197 3836 3295 3893 del
3320 3835 3565 3893 dialetto
3591 3835 3652 3893 di
3677 3836 3878 3910 quella
3901 3844 4131 3893 contea.

476 4026 655 4085 3964.
699 4028 898 4084 BOSSI
933 4026 1137 4094 Louis,
1182 4026 1345 4084 Liste
1387 4027 1494 4084 des
1535 4026 1890 4101 principaux
1931 4027 2126 4101 objets
2169 4027 2244 4084 de
2288 4026 2578 4094 sciences,
2623 4035 2681 4084 et
2721 4027 2925 4094 d’arts,
2968 4026 3270 4084 recueillis
3314 4045 3389 4084 en
3430 4026 3598 4084 Italie
3638 4045 3745 4101 par
3785 4027 3872 4084 les
3915 4026 4364 4084 commissaires
4407 4027 4488 4084 du

699 4131 1173 4197 gouvernement
1196 4122 1473 4197 francais,
1500 4122 1729 4180 Venise
1761 4123 1935 4190 1797,
1962 4124 2050 4180 M.
2082 4123 2175 4180 81.

700 4219 929 4290 Questo
971 4219 1305 4293 esemplare
1345 4218 1408 4275 in
1449 4218 1643 4293 foglio
1685 4219 1718 4276 e
1758 4218 1820 4275 in
1859 4227 2006 4276 tutta
2046 4219 2104 4276 la
2145 4237 2252 4276 sua
2292 4218 2654 4286 autenticità;
2696 4218 2917 4293 poiché
2958 4227 3448 4293 contrassegnato
3490 4219 3650 4276 dalla
3689 4237 3870 4276 mano
3912 4219 4269 4276 dell’autore
4310 4237 4486 4276 come

700 4314 985 4389 aggiunto
1029 4314 1084 4372 ai
1126 4314 1506 4372 commissari
1549 4314 1808 4372 francesi
1849 4314 1911 4371 in
1952 4315 2156 4389 quello
2201 4314 2458 4389 spoglio:
2508 4333 2658 4372 sono
2700 4314 2863 4372 unite
2904 4314 2967 4371 in
3009 4314 3133 4372 fine
3176 4315 3389 4372 alcune
3429 4323 3631 4389 patere
3673 4315 3771 4372 del
3812 4316 4034 4372 Museo
4076 4314 4382 4389 Borgiano
4425 4314 4486 4372 di

698 4410 966 4468 Velletri.

476 4601 655 4660 3965.
685 4603 971 4659 BRAUNII
999 4601 1266 4676 Georgii,
1297 4610 1355 4659 et
1380 4601 1682 4659 Francisci
1711 4601 2141 4676 Hogenbergii,
2172 4601 2463 4659 Civitates
2493 4601 2655 4659 orbis
2683 4610 2984 4669 terrarum,
3015 4601 3311 4659 Coloniae
3339 4601 3711 4676 Agrippinae
3746 4601 3921 4669 1611,
3952 4601 4086 4659 libri
4114 4601 4395 4676 quinque,
4425 4601 4488 4658 in

699 4697 826 4765 fol.,
854 4697 981 4772 fig.,
1009 4698 1128 4755 vol.
1158 4697 1212 4755 5.

700 4794 901 4868 Opera
937 4793 998 4851 di
1035 4793 1339 4851 laboriosa
1374 4793 1735 4851 esecuzione
1773 4793 1871 4851 coi
1907 4793 2196 4868 prospetti
2234 4812 2267 4851 e
2305 4794 2361 4851 le
2396 4793 2597 4868 piante
2635 4794 2792 4851 delle
2828 4793 3145 4868 principali
3183 4793 3324 4851 città
3360 4794 3458 4851 del
3495 4794 3740 4851 mondo.
3781 4794 4129 4868 Esemplare
4166 4793 4416 4851 miniato
4455 4812 4488 4851 e

699 4889 954 4947 colorito
980 4890 1094 4964 leg.
1122 4889 1184 4946 in
1208 4908 1350 4947 mar.
1377 4908 1550 4947 rosso
1576 4890 1701 4947 dor.
1729 4908 1816 4947 ec.

476 5080 655 5139 3966.
692 5082 1184 5138 BRETTINGHAM
1218 5080 1529 5148 Matthew,
1566 5080 1693 5138 The
1726 5081 1899 5155 plans
1935 5080 2268 5138 elevations
2305 5081 2421 5138 and
2458 5080 2718 5138 sections
2755 5080 2827 5138 of
2855 5080 3163 5138 Holkham
3195 5080 3258 5137 in
3291 5080 3555 5138 Norfolk
3586 5080 3684 5138 the
3722 5089 3847 5138 seat
3880 5080 3952 5138 of
3980 5080 4078 5138 the
4113 5081 4230 5138 late
4265 5081 4386 5138 earl
4421 5080 4493 5138 of

698 5176 1018 5244 Leicester,
1045 5177 1301 5234 London
1332 5176 1507 5244 1761,
1534 5176 1596 5233 in
1620 5176 1748 5244 fol.,
1776 5176 1880 5251 fig.

698 5272 879 5330 Libro
906 5281 1262 5330 contenente
1288 5272 1460 5330 molti
1484 5272 1584 5330 bei
1608 5272 1864 5347 progetti
1890 5272 1951 5330 di
1977 5272 2185 5330 edifici
2211 5272 2439 5347 esposti
2463 5273 2563 5347 pel
2589 5281 2766 5330 conte
2792 5272 2853 5330 di
2878 5272 3181 5330 Leicester
3205 5291 3322 5330 con
3347 5272 3782 5347 elegantissimi
3808 5272 4045 5347 disegni
4070 5272 4363 5347 intagliati
4389 5272 4487 5330 dai

698 5368 963 5443 migliori
987 5368 1251 5426 incisori.
1282 5369 1446 5426 Sono
1474 5369 1551 5426 32
1575 5368 1909 5426 bellissime
1933 5369 2134 5426 tavole
2158 5368 2220 5425 in
2242 5387 2424 5426 rame.

476 5559 655 5618 3967.
694 5561 1024 5617 BRITTONS
1058 5559 1214 5617 John
1249 5560 1479 5627 F.S.A.,
1519 5559 1646 5617 The
1684 5559 2094 5617 architectural
2132 5559 2473 5634 antiquities
2512 5559 2584 5617 of
2615 5560 2797 5617 Great
2831 5559 3060 5617 Britain
3094 5560 3477 5634 represented
3514 5560 3630 5617 and
3665 5559 3996 5617 illustrated
4031 5559 4093 5616 in
4130 5578 4164 5617 a
4201 5559 4383 5617 series
4421 5559 4494 5617 of

699 5655 906 5723 views,
944 5655 1296 5723 elevations,
1332 5656 1523 5730 plans,
1563 5655 1843 5723 sections,
1882 5656 1998 5713 and
2032 5655 2263 5723 details,
2301 5655 2373 5713 of
2401 5655 2641 5713 various
2678 5655 2915 5713 ancient
2947 5655 3199 5730 English
3233 5655 3506 5713 edifices:
3551 5657 3629 5730 [p.
3668 5656 3811 5725 233]
3852 5655 3995 5713 with
4028 5655 4335 5713 historical
4371 5656 4487 5713 and

699 5751 1060 5826 descriptive
1086 5760 1371 5809 accounts
1397 5751 1469 5809 of
1487 5751 1653 5809 each.
1681 5753 1775 5826 By
1798 5751 1954 5809 John
1977 5751 2228 5819 Britton,
2255 5752 2511 5809 London
2542 5752 2717 5819 1807,
2744 5751 2806 5808 in
2829 5752 2886 5819 4,
2914 5751 3040 5826 fig.,
3068 5752 3187 5809 vol.
3215 5753 3317 5809 VI.

700 5848 901 5922 Opera
925 5847 1103 5915 ricca,
1133 5847 1479 5922 magnifica,
1510 5848 1987 5922 elegantemente
2015 5847 2286 5922 eseguita
2310 5866 2417 5922 per
2443 5848 2501 5905 la
2525 5848 2799 5905 bellezza
2825 5847 2923 5905 dei
2950 5847 3076 5922 tipi,
3107 5848 3267 5905 della
3293 5856 3469 5915 carta,
3500 5866 3533 5905 e
3561 5848 3718 5905 delle
3745 5848 3963 5915 tavole,
3994 5847 4105 5905 che
4133 5848 4191 5905 la
4215 5848 4486 5905 rendono

699 5952 1041 6001 veramente
1064 5943 1358 6018 preziosa,
1386 5944 1645 6001 essendo
1669 5943 2003 6001 benissimo
2029 5943 2340 6018 disegnate
2365 5944 2441 6001 ed
2464 5943 2673 6011 incise,
2701 5944 2850 6001 oltre
2876 5944 2951 6001 ad
2975 5962 3139 6001 esser
3161 5943 3674 6011 numerosissime,
3703 5943 4049 6018 giungendo
4075 5943 4204 6001 fino
4231 5962 4265 6001 a
4288 5944 4427 6001 280.

476 6134 655 6193 3968.
700 6136 1006 6192 BROEBES
1049 6136 1137 6192 M.
1182 6136 1246 6202 I.,
1290 6136 1456 6192 Vues
1500 6135 1606 6192 des
1647 6134 1838 6209 palais
1882 6143 1940 6192 et
1980 6134 2249 6192 maisons
2292 6135 2367 6192 de
2407 6134 2715 6209 plaisance
2758 6135 2833 6192 de
2877 6135 2934 6192 S.
2980 6136 3068 6192 M.
3114 6135 3170 6192 le
3212 6136 3348 6209 Roy
3390 6135 3465 6192 de
3506 6136 3720 6192 Prusse
3763 6134 4072 6192 dessinées
4116 6143 4174 6192 et
4215 6135 4483 6209 gravées,

698 6231 1041 6305 Ausbourg,
1069 6230 1217 6288 chez
1241 6232 1283 6288 I.
1313 6231 1492 6288 Geor.
1520 6232 1711 6298 Merz,
1745 6231 1919 6298 1733,
1946 6230 2008 6287 in
2032 6230 2159 6298 fol.,
2187 6230 2463 6305 figurato.

701 6327 865 6384 Sono
890 6326 967 6384 45
995 6327 1195 6384 tavole
1220 6326 1446 6401 grandi,
1472 6326 1942 6401 passabilmente
1966 6326 2273 6401 intagliate
2299 6327 2601 6401 all’acqua
2624 6326 2795 6384 forte.

2171 6657 2347 6694 WWW.
2358 6637 2734 6710 memofonte.
2748 6639 2791 6694 il
