4958 7017
1981 864 2366 922 Fondazione
2390 838 2775 922 Memofonte
2800 865 2976 922 onlus

1390 960 1600 1018 Studio
1624 979 1731 1035 per
1754 960 2226 1018 l’elaborazione
2250 960 2632 1018 informatica
2655 961 2813 1018 delle
2838 960 2991 1018 fonti
3018 960 3571 1018 storico—artistiche

476 1251 640 1320 315.
675 1252 979 1320 COUSIN
1006 1252 1269 1320 Maître
1297 1253 1494 1333 Jean,
1527 1251 1739 1320 Livre
1769 1251 1858 1320 de
1886 1251 2370 1341 portraicture,
2406 1252 2446 1320 à
2474 1251 2691 1333 Paris,
2725 1251 2901 1320 chez
2933 1251 3350 1320 Guillaume
3379 1253 3480 1320 Le
3510 1252 3637 1333 Bé,
3679 1251 3886 1320 1671.

702 1364 788 1420 La
809 1362 1031 1437 pagina
1054 1362 1441 1420 manoscritta
1464 1362 1575 1420 che
1598 1363 1857 1437 precede
1881 1362 1924 1419 il
1949 1362 2327 1437 frontispizio
2352 1362 2595 1420 intende
2621 1381 2655 1420 a
2676 1381 2929 1437 provare
2954 1362 3065 1420 che
3090 1363 3148 1420 la
3171 1371 3331 1420 carta
3354 1363 3387 1420 è
3414 1362 3706 1437 sbagliata
3730 1381 3763 1420 e
3788 1362 3899 1420 che
3924 1371 4135 1437 questa
4158 1363 4191 1420 e
4216 1363 4274 1420 la
4295 1362 4489 1437 prima

707 1458 985 1516 edizione
1010 1459 1108 1516 del
1140 1458 1314 1526 1571,
1342 1477 1568 1516 ovvero
1594 1459 1791 1516 l’altra
1814 1459 1912 1516 del
1944 1458 2117 1517 1589.

702 1556 786 1612 Le
821 1555 901 1612 40
937 1555 1137 1612 tavole
1173 1554 1234 1612 di
1270 1563 1482 1629 questo
1519 1554 1756 1612 libretto
1795 1554 1932 1625 (che
1970 1573 2120 1612 sono
2157 1554 2595 1625 freschissime)
2632 1554 2939 1629 intagliate
2974 1554 3037 1611 in
3072 1555 3252 1629 legno
3289 1573 3322 1612 e
3357 1554 3400 1611 il
3434 1554 3775 1612 bellissimo
3812 1554 4190 1629 frontispizio
4228 1554 4486 1629 figurato

708 1650 864 1708 assai
887 1651 1060 1718 bene,
1089 1659 1379 1708 attestano
1405 1651 1461 1708 le
1486 1650 1834 1725 cognizioni
1859 1669 1892 1708 e
1916 1650 1959 1707 il
1984 1669 2129 1725 gran
2153 1650 2546 1708 fondamento
2572 1650 2683 1708 che
2710 1669 2900 1708 aveva
2923 1651 3197 1708 nell’arte
3222 1659 3435 1725 questo
3462 1659 3682 1708 autore.

476 1865 640 1934 316.
694 1866 998 1934 COUSIN
1044 1866 1308 1934 Maître
1355 1867 1552 1947 Jean,
1604 1866 1844 1934 L’arte
1893 1865 1982 1934 de
2032 1865 2375 1947 dessiner,
2427 1887 2623 1947 revu,
2676 1865 2954 1955 corrige
3003 1876 3072 1934 et
3121 1866 3503 1955 augmenté
3553 1865 3642 1934 de
3689 1865 4045 1955 plusieurs
4096 1887 4486 1934 morceaux

708 1980 994 2070 d’après
1025 1980 1377 2070 l’antique
1407 2002 1512 2062 ec,
1547 1981 1587 2049 à
1614 1980 1832 2062 Paris,
1866 1980 2042 2049 chez
2072 1982 2177 2049 Fr.
2212 1980 2561 2062 Chereau,
2603 1981 2812 2062 1778,
2845 1980 2919 2048 in
2947 1981 2993 2048 4
3024 1980 3167 2049 obl.

706 2093 773 2148 In
810 2091 1291 2166 quest’edizione
1330 2091 1546 2149 furono
1585 2091 1822 2166 copiate
1860 2092 1916 2149 le
1953 2092 2153 2149 tavole
2191 2092 2351 2149 della
2385 2091 2578 2166 prima
2614 2091 2893 2149 edizione
2931 2091 3243 2166 originale;
3286 2110 3436 2149 sono
3473 2091 3693 2166 pagine
3731 2092 3810 2149 72
3849 2092 3925 2149 ed
3962 2092 4017 2149 al
4055 2092 4235 2149 dorso
4274 2091 4486 2166 d’ogni

706 2187 908 2244 tavola
954 2195 1042 2244 sta
1087 2186 1562 2244 l’illustrazione.
1612 2186 1902 2244 L’ultima
1944 2186 2215 2244 riferisce
2261 2205 2342 2244 un
2385 2186 2609 2244 ritratto
2656 2187 2817 2244 della
2861 2186 2983 2244 vita
3028 2186 3089 2244 di
3134 2188 3194 2244 F.
3245 2186 3493 2244 Cousin.
3543 2188 3627 2244 Le
3673 2187 3874 2244 tavole
3922 2205 4072 2244 sono
4118 2186 4181 2243 in
4227 2187 4407 2261 legno
4454 2205 4487 2244 e

707 2291 1091 2357 quantunque
1123 2301 1246 2340 non
1280 2282 1409 2340 sian
1440 2282 1503 2339 in
1535 2282 1915 2340 dimensione
1947 2282 2092 2340 utile
2126 2283 2488 2340 abbastanza
2517 2301 2624 2357 per
2655 2283 2713 2340 la
2745 2282 3033 2357 gioventù
3065 2282 3176 2340 che
3209 2282 3513 2340 comincia
3545 2301 3579 2340 a
3610 2282 3943 2357 disegnare,
3981 2301 4132 2340 sono
4164 2282 4393 2357 ripiene
4426 2282 4487 2340 di

707 2378 915 2436 ottime
947 2378 1193 2436 nozioni
1224 2397 1331 2453 per
1361 2379 1419 2436 la
1447 2378 1833 2453 prospettiva,
1868 2379 1928 2436 lo
1964 2378 2217 2446 scorcio,
2252 2379 2308 2436 le
2338 2378 2726 2453 proporzioni
2757 2397 2790 2436 e
2822 2378 3176 2436 l’anatomia
3207 2378 3397 2436 anche
3430 2378 3728 2453 applicata
3760 2379 3875 2436 alle
3909 2387 4097 2436 statue
4131 2378 4383 2436 antiche.
4422 2378 4486 2436 Si

707 2493 971 2532 conosce
996 2475 1073 2532 da
1096 2483 1308 2549 questo
1334 2474 1570 2532 libretto
1596 2493 1771 2532 come
1796 2483 2009 2549 questo
2035 2474 2201 2532 fosse
2226 2493 2307 2532 un
2330 2493 2515 2532 uomo
2542 2474 2961 2549 grandissimo.

481 2691 574 2779 [p.
609 2689 730 2772 551

476 2920 640 2988 317.
677 2921 934 2988 DANTI
965 2919 1365 3001 Vincenzo,
1402 2919 1457 2987 Il
1489 2919 1724 3009 primo
1757 2919 1941 2988 libro
1975 2919 2092 2988 del
2122 2930 2401 2988 trattato
2435 2919 2623 2988 delle
2654 2919 2955 3009 perfette
2986 2919 3449 3009 proporzioni
3483 2919 3555 2988 di
3587 2930 3734 2988 tute
3766 2919 3834 2988 le
3867 2941 4039 2988 cose
4072 2919 4205 2988 che
4237 2919 4487 2988 imiare

708 3056 747 3103 e
780 3034 1054 3103 ritrarre
1091 3034 1150 3103 si
1184 3056 1502 3124 possano
1539 3056 1678 3103 con
1713 3034 1919 3103 l’arte
1954 3034 2071 3103 del
2106 3034 2434 3124 disegno,
2471 3034 2768 3103 Firenze
2811 3034 3019 3116 1567,
3057 3034 3131 3102 in
3164 3035 3231 3103 4.
3272 3035 3507 3103 Senza
3539 3056 3757 3103 nome
3792 3034 3864 3103 di
3902 3045 4333 3124 stampatore
4367 3056 4488 3103 ma

708 3149 824 3218 dei
855 3149 1127 3231 Giunti,
1161 3149 1560 3239 esemplare
1589 3149 1989 3239 magnifico
2019 3149 2093 3217 in
2123 3160 2314 3218 carta
2342 3149 2634 3218 distinta
2661 3149 2736 3217 in
2765 3149 3231 3218 marocchino
3262 3149 3533 3218 dorato.

713 3261 942 3332 Questo
977 3269 1209 3318 trattato
1245 3261 1483 3318 doveva
1516 3279 1716 3318 essere
1752 3269 2070 3335 composto
2106 3260 2167 3318 di
2202 3260 2470 3335 quindici
2505 3260 2641 3318 libri
2676 3261 2752 3318 ed
2785 3260 2828 3317 il
2861 3260 3056 3335 primo
3094 3261 3351 3318 soltanto
3387 3260 3526 3318 vide
3561 3261 3619 3318 la
3652 3261 3804 3318 luce.
3842 3260 4106 3318 Libretto
4140 3260 4420 3335 prezioso
4455 3279 4488 3318 e

706 3355 1119 3413 meritamente
1147 3374 1279 3413 raro
1310 3374 1343 3413 e
1373 3356 1571 3430 degno
1602 3355 1713 3413 che
1746 3355 1834 3413 sia
1860 3355 2230 3430 ristampato;
2261 3355 2481 3430 poiché
2510 3374 2633 3413 non
2662 3355 2861 3413 hanno
2893 3355 3055 3413 forse
3085 3356 3141 3413 le
3172 3355 3278 3413 arti
3308 3356 3603 3430 un’opera
3629 3355 3734 3430 più
3763 3355 4166 3413 chiaramente
4196 3374 4229 3413 e
4259 3355 4486 3430 meglio

709 3451 908 3509 scritta
943 3451 1004 3509 di
1041 3460 1266 3526 questa.
1306 3453 1416 3509 Ma
1451 3451 1548 3509 chi
1588 3470 1653 3509 sa
1688 3470 1804 3509 ove
1843 3451 2012 3509 siano
2052 3451 2268 3526 sepolti
2305 3451 2388 3526 gli
2426 3451 2555 3509 altri
2592 3451 2951 3526 quattordici
2988 3451 3141 3519 libri,
3181 3451 3292 3509 che
3327 3451 3806 3526 probabilmente
3845 3470 4096 3509 saranno
4136 3451 4269 3509 stati
4306 3451 4487 3509 estesi

707 3548 848 3605 dall’
860 3556 1064 3605 autore
1072 3548 1100 3605 ?

476 3763 640 3831 318.
680 3764 987 3831 DURERI
1014 3763 1382 3844 ALBERTI,
1421 3764 1534 3831 De
1572 3762 1889 3831 simetria
1921 3762 2231 3852 partium
2264 3762 2476 3831 rectis
2514 3762 2769 3831 formis
2805 3762 3286 3831 humanorum
3321 3784 3707 3852 corporum
3741 3762 3925 3844 libri,
3963 3762 4489 3852 Norimaberga

716 3877 923 3946 1528.

711 3988 908 4046 Prima
946 3988 1225 4046 edizione
1265 3988 1575 4063 originale,
1616 3988 1965 4063 pubblicata
2003 3989 2210 4046 l’anno
2254 3997 2446 4046 stesso
2487 3989 2647 4046 della
2685 3997 2875 4046 morte
2916 3989 3291 4056 dell’autore,
3334 4007 3367 4046 e
3407 3989 3465 4046 la
3502 3988 3607 4063 più
3645 4007 3775 4046 rara
3814 4007 3848 4046 a
3885 3988 4136 4046 trovarsi
4176 3988 4237 4046 di
4278 3988 4489 4046 ottima

707 4084 1197 4152 conservazione,
1227 4093 1519 4159 stampata
1541 4084 1603 4141 in
1626 4085 1892 4152 tedesco,
1919 4084 1962 4141 il
1987 4084 2084 4142 cui
2109 4084 2321 4142 merito
2345 4084 2843 4159 principalmente
2868 4084 3132 4142 consiste
3157 4085 3317 4142 nella
3341 4084 3689 4142 freschezza
3712 4085 3871 4142 delle
3895 4085 4113 4152 tavole,
4140 4084 4202 4141 in
4227 4084 4332 4142 fol.
4361 4084 4466 4159 fig.

476 4300 640 4369 319.
711 4301 1018 4368 DURERI
1076 4300 1423 4367 ALBERTI
1490 4299 1873 4368 clarissimi
1939 4299 2234 4389 pictoris
2303 4310 2372 4368 et
2437 4310 2868 4389 geometrae,
2939 4301 3051 4368 De
3120 4299 3515 4368 simmetria
3578 4299 3887 4389 partium
3951 4299 4162 4368 rectis
4230 4299 4485 4368 formis

706 4414 1187 4483 humanorum
1222 4436 1606 4504 corporum
1640 4414 1802 4483 libri
1838 4414 1912 4482 in
1947 4414 2250 4483 latinum
2284 4414 2616 4483 conversi
2655 4415 2727 4499 (a
2761 4414 3233 4504 Cristophoro
3270 4414 3590 4499 Colero).
3630 4414 3866 4483 Prima
3900 4414 4234 4483 edizione
4269 4414 4489 4483 latina

707 4529 781 4597 in
851 4529 978 4598 fol.
1056 4540 1406 4619 stampata
1474 4529 1548 4597 in
1619 4529 1886 4598 diversi
1956 4529 2202 4619 tempi,
2275 4529 2538 4619 poiché
2610 4529 2805 4619 dopo
2876 4529 2946 4598 la
3013 4529 3245 4619 prima
3312 4540 3509 4619 parte
3580 4529 3880 4619 leggesi:
3953 4529 4486 4617 Norimbergae

708 4644 1201 4713 excudebatur
1234 4668 1417 4732 opus
1454 4658 1694 4713 aetate
1732 4647 1906 4713 anni
1942 4668 1987 4713 a
2029 4644 2320 4714 Christo
2357 4646 2741 4714 Servatore
2777 4647 3023 4732 genit0
3063 4645 3253 4713 1532
3296 4647 3366 4713 in
3403 4644 3638 4713 aedib.
3690 4644 3962 4714 Viduae
3996 4647 4481 4713 Durerianae.

707 4759 836 4828 Poi
898 4781 1118 4849 segue
1177 4781 1316 4828 con
1374 4781 1471 4828 un
1529 4781 1775 4828 nuovo
1834 4759 2329 4849 frontespizio:
2399 4759 2696 4829 Clariss.
2760 4762 3074 4828 Pictoris
3134 4773 3204 4828 et
3258 4773 3676 4847 geometrae
3729 4759 4010 4828 Alberti
4065 4762 4336 4828 Dureri
4393 4759 4485 4828 de

707 4877 1051 4944 verietate
1090 4875 1509 4963 figurarum
1566 4888 1636 4943 et
1671 4874 1984 4963 ﬂexuris
2031 4877 2353 4962 partium
2408 4898 2498 4943 ac
2553 4874 2878 4962 gestibus
2937 4877 3330 4962 imaginum
3387 4874 3554 4943 libri
3608 4874 3770 4955 duo,
3835 4877 3959 4963 qui
4005 4874 4310 4962 priorib.
4371 4877 4485 4943 De

707 4992 1102 5058 simmetria
1139 4989 1507 5078 quondam
1544 4989 1756 5058 editis
1793 5013 1961 5058 num
1988 4992 2381 5077 primumin
2420 4989 2720 5058 latinum
2757 4992 3090 5059 conversi
3126 5003 3610 5070 accesserunt,
3656 5013 3852 5058 anno
3892 4990 4109 5071 1534;
4150 5011 4189 5058 e
4225 4989 4299 5057 in
4335 4989 4486 5058 fine

690 5105 987 5193 finitum
1025 5128 1208 5192 opus
1246 5128 1441 5173 anno
1479 5128 1524 5173 a
1562 5104 1940 5193 salutifero
1969 5118 2190 5192 parta
2231 5105 2439 5185 1534,
2486 5105 2533 5174 9
2570 5104 2703 5173 cal.
2745 5104 3111 5185 Decemb.,
3161 5107 3503 5192 impensis
3547 5104 3819 5174 Viduae
3854 5107 4318 5173 Durerianae
4347 5128 4490 5192 per

704 5222 1158 5288 Hiernimum
1186 5222 1249 5287 F
1249 5219 1831 5300 ormschnender,
1866 5219 2419 5307 Norimbergae.

706 5331 790 5387 Le
817 5338 1047 5404 stampe
1074 5348 1224 5387 sono
1250 5330 1306 5387 le
1331 5329 1665 5387 medesime
1690 5329 1802 5387 che
1829 5329 2137 5387 servirono
2164 5329 2551 5387 all’edizione
2575 5330 2836 5387 tedesca.

649 5525 744 5594 Vi
777 5525 870 5594 ha
903 5525 1129 5594 anche
1161 5547 1258 5594 un
1294 5525 1470 5594 altro
1505 5525 1905 5615 esemplare
1939 5525 2011 5594 di
2044 5536 2219 5594 tutte
2252 5525 2320 5594 le
2354 5547 2570 5615 opere
2604 5525 2677 5594 di
2711 5536 2967 5615 questo
3003 5536 3246 5594 autore
3282 5536 3630 5615 stampate
3666 5547 3706 5594 a
3737 5525 3970 5615 Parigi
4004 5525 4078 5593 in
4111 5525 4334 5594 latino
4368 5525 4486 5594 nel

716 5640 900 5709 1557
933 5640 1066 5709 che
1097 5651 1529 5730 appartenne
1561 5640 1627 5709 al
1656 5642 1929 5722 Tuano,
1962 5640 2400 5709 nitidissima
2428 5640 2781 5709 edizione.

476 5871 640 5939 320.
692 5872 998 5939 DURERI
1037 5871 1385 5938 ALBERTI
1429 5870 1704 5960 peintre
1752 5881 1821 5939 et
1867 5881 2233 5960 geometre
2279 5871 2418 5939 très
2469 5870 2846 5952 excellent,
2897 5872 3034 5939 Les
3083 5881 3329 5960 quatre
3376 5870 3592 5939 livres
3642 5870 3731 5939 de
3778 5870 3846 5939 le
3892 5870 4311 5960 proportion
4359 5870 4485 5939 des

706 5985 967 6075 parties
1019 5996 1088 6054 et
1134 5985 1557 6075 pourtraicts
1609 5985 1736 6054 des
1788 6007 1997 6075 corps
2047 5985 2425 6054 humaines
2475 5985 2815 6054 traduicts
2865 6007 2991 6075 par
3038 5985 3260 6054 Lonis
3310 5985 3625 6075 Maigret
3679 5987 3772 6075 [p.
3827 5985 3948 6068 56]
4005 5985 4345 6067 lionnois,
4399 5985 4488 6054 de

707 6100 969 6190 langue
998 6100 1216 6169 latine
1246 6122 1335 6169 en
1364 6100 1748 6189 frangoise,
1781 6100 1975 6169 Paris
2007 6100 2183 6169 chez
2215 6100 2513 6169 Charles
2544 6100 2814 6169 Ferrier
2850 6100 3058 6182 1557,
3091 6100 3165 6168 in
3194 6100 3321 6169 fol.
3355 6100 3482 6190 fig.

711 6213 736 6268 I
761 6211 996 6286 disegni
1021 6212 1179 6269 delle
1203 6212 1404 6269 tavole
1431 6230 1581 6269 sono
1607 6220 1996 6269 esattamente
2019 6211 2295 6286 ricopiati
2320 6211 2751 6269 dall’edizione
2776 6211 2837 6269 di
2861 6211 3276 6286 Norimberga.

476 6427 640 6495 321.
693 6428 1028 6495 DURERO
1071 6427 1160 6495 A.
1208 6426 1466 6516 pittore
1516 6448 1555 6495 e
1605 6437 1973 6516 geometra
2021 6426 2499 6508 chiarissimo,
2551 6426 2765 6495 Della
2814 6426 3209 6495 simmetria
3257 6426 3370 6495 de’
3429 6426 3629 6516 corpi
3677 6426 3945 6508 umani,
3997 6426 4159 6495 libri
4208 6437 4486 6516 quattro

2171 6657 2347 6694 WWW.
2358 6637 2734 6710 memofonte.
2748 6639 2766 6694 i
2770 6648 2791 6694 t
