4958 7017
1981 864 2366 922 Fondazione
2390 841 2775 922 Memofonte
2800 865 2976 922 onlus

1390 960 1600 1018 Studio
1624 979 1731 1035 per
1754 960 2226 1018 l’elaborazione
2250 960 2632 1018 informatica
2655 961 2813 1018 delle
2838 960 2991 1018 fonti
3018 960 3571 1018 storico—artistiche

706 1247 1025 1305 Nicerone.
1068 1249 1135 1304 In
1174 1247 1299 1305 fine
1339 1248 1372 1305 e
1412 1247 1921 1322 l’insegnamento
1960 1266 2067 1322 per
2105 1247 2415 1322 dipingere
2456 1266 2490 1305 a
2526 1248 2691 1305 buon
2730 1247 2947 1315 fresco,
2990 1247 3101 1305 che
3143 1247 3192 1305 si
3230 1247 3535 1322 praticava
3572 1247 3635 1304 in
3673 1247 3938 1315 Francia,
3981 1248 4057 1305 ed
4096 1248 4129 1305 è
4169 1248 4386 1305 caduto
4426 1247 4488 1304 in

707 1343 1136 1401 dissuetudine.

478 1559 640 1627 837.
702 1559 936 1627 GUIDI
984 1558 1253 1627 Ubaldi
1311 1580 1350 1627 e
1405 1558 1955 1627 Marchionibus
2012 1558 2314 1640 Montis,
2374 1558 2873 1648 Perspectivae
2929 1558 3091 1627 libri
3151 1580 3299 1640 sex,
3358 1558 3652 1640 Pisauri,
3714 1558 3903 1648 apud
3958 1558 4487 1648 Hieronymum

708 1673 1218 1755 Concordiam,
1260 1673 1446 1742 1600
1476 1673 1550 1741 in
1579 1673 1706 1742 fol.
1740 1673 1866 1763 fig.

706 1786 792 1842 La
823 1784 1071 1842 materia
1103 1785 1136 1842 e
1169 1784 1366 1842 divisa
1397 1784 1459 1841 in
1494 1784 1581 1842 sei
1614 1784 1750 1842 libri
1783 1803 1900 1842 con
1932 1785 2122 1842 molto
2155 1784 2472 1859 inviluppo
2506 1784 2567 1842 di
2598 1784 3012 1859 proposizioni
3045 1784 3467 1842 matematiche
3500 1803 3533 1842 e
3565 1803 3723 1859 poca
3754 1784 3983 1842 facilità
4012 1803 4119 1859 per
4150 1784 4248 1842 chi
4282 1784 4488 1859 voglia

706 1880 999 1955 imparare
1036 1881 1094 1938 la
1127 1880 1512 1955 prospettiva.
1552 1880 1734 1938 Molti
1771 1880 1832 1938 di
1869 1880 2063 1955 questi
2101 1880 2290 1938 autori
2327 1880 2549 1938 misero
2586 1880 2648 1937 in
2684 1880 2977 1938 evidenza
3013 1880 3170 1938 assai
3205 1880 3310 1955 più
3346 1881 3402 1938 le
3439 1881 3569 1938 loro
3607 1880 3953 1955 cognizioni
3990 1880 4051 1938 di
4088 1881 4227 1955 quel
4264 1880 4375 1938 che
4412 1899 4487 1938 ne

705 1977 1058 2034 rendessero
1084 1977 1142 2034 la
1165 1976 1665 2034 comunicazione
1690 1977 1951 2034 comoda
1974 1995 2007 2034 e
2034 1976 2324 2051 semplice
2350 1976 2469 2051 agli
2495 1976 2697 2034 artisti.

478 2191 640 2259 838.
699 2192 1093 2258 HAMELLII
1141 2190 1480 2272 Pascasii,
1539 2190 1997 2280 Perspectiva
2048 2190 2271 2259 tribus
2327 2190 2528 2259 libris
2587 2190 2972 2259 succinctis
3029 2190 3278 2259 dentro
3334 2190 3631 2259 correda
3684 2201 3753 2259 et
3805 2190 4060 2280 figuris
4116 2190 4483 2272 illustrata,

706 2305 1051 2387 Lutetiae,
1086 2305 1275 2395 apud
1302 2305 1701 2395 Aegidium
1730 2305 2207 2387 Gourbinum,
2249 2305 2457 2387 1556,
2490 2305 2564 2373 in
2592 2306 2659 2374 4.

706 2416 1074 2474 L’obiettiva
1110 2417 1270 2474 della
1306 2417 1441 2474 luce
1479 2435 1512 2474 e
1550 2417 1708 2474 delle
1744 2416 2051 2474 rifrazioni
2089 2417 2122 2474 e
2160 2416 2744 2474 matematicamente
2781 2425 3011 2474 trattata
3046 2416 3108 2473 in
3144 2417 3221 2474 43
3263 2416 3521 2491 foglietti
3559 2416 3620 2474 di
3660 2425 3892 2491 stampa
3928 2435 4045 2474 con
4080 2416 4180 2474 bei
4218 2416 4487 2474 caratteri

2626 2513 2644 2527 \

707 2512 929 2570 corsivi
976 2531 1009 2570 e
1056 2513 1114 2570 la
1159 2512 1353 2587 figure
1399 2512 1461 2569 in
1507 2513 1687 2587 legno
1736 2512 1826 2570 fra
1870 2512 1913 2569 il
1959 2521 2130 2570 testo.
2182 2513 2409 2584 Questa
2453 2531 2576 2570 non
2622 2531 2655 2570 e
2700 2513 2846 2587 però
2896 2531 2959 2570 se
3005 2531 3127 2570 non
3172 2531 3290 2570 una
3333 2512 3619 2587 ristampa
3664 2512 4028 2570 esattissima
4075 2513 4325 2583 (mutata
4369 2531 4488 2570 una

707 2608 1100 2679 dedicatoria)
1126 2609 1286 2666 della
1307 2611 1697 2682 Perspectiva
1726 2610 2075 2666 Communis
2100 2608 2161 2666 di
2187 2608 2491 2666 Giovanni
2515 2608 2734 2666 Pisano
2760 2627 3027 2666 vescovo
3053 2627 3140 2666 ec.
3168 2608 3327 2666 Vedi
3355 2610 3828 2666 Cantuariensis.

474 2805 636 2874 839.
670 2806 1033 2873 HONDIUS
1060 2806 1327 2894 Henry,
1361 2804 1790 2873 Instruction
1820 2826 1909 2873 en
1938 2804 2008 2873 la
2038 2804 2325 2873 science
2355 2804 2481 2873 des
2512 2804 3023 2894 perspectives,
3059 2805 3099 2873 à
3126 2804 3196 2873 la
3223 2806 3451 2894 Haye,
3494 2804 3702 2886 1625,
3735 2804 3809 2872 in
3838 2804 3965 2873 fol.
3999 2804 4125 2894 fig.

709 2915 938 2973 Sonovi
980 2916 1057 2973 43
1102 2916 1302 2973 tavole
1345 2924 1822 2973 accuratamente
1863 2915 2170 2990 intagliate
2213 2934 2246 2973 e
2288 2915 2617 2990 disegnate,
2662 2916 2821 2973 colle
2861 2915 3169 2990 rispettive
3210 2915 3622 2973 illustrazioni.
3670 2916 3896 2987 Queste
3941 2924 4171 2990 stampe
4214 2934 4486 2973 avevano

709 3011 928 3069 servito
960 3011 1348 3069 all’edizione
1379 3011 1562 3069 latina
1590 3030 1767 3069 come
1798 3011 2006 3069 vedesi
2036 3012 2134 3069 dal
2165 3011 2558 3086 frontespizio
2587 3011 2942 3086 particolare
2972 3011 3083 3069 che
3112 3011 3312 3069 hanno
3343 3012 3399 3069 le
3428 3012 3629 3069 tavole
3660 3030 3693 3069 e
3723 3012 3800 3069 da
3829 3012 4041 3069 alcune
4069 3012 4276 3086 parole
4306 3011 4486 3069 latine

706 3106 1012 3181 intagliate
1037 3106 1200 3181 negli
1227 3106 1401 3164 stessi
1424 3106 1592 3164 rami.

474 3322 636 3390 840.
672 3323 1064 3403 JADQUIER
1090 3323 1514 3403 Francesco,
1549 3321 1906 3390 Elementi
1940 3321 2012 3390 di
2044 3321 2487 3411 prospettiva
2520 3321 2839 3390 secondo
2872 3321 2895 3389 i
2927 3321 3235 3411 principi
3269 3321 3341 3390 di
3374 3321 3622 3390 Brook
3652 3321 3935 3411 Taylor:
3975 3343 4114 3390 con
4149 3321 4487 3411 aggiunte

710 3436 1041 3526 spettanti
1073 3436 1424 3505 all’ottica
1452 3458 1491 3505 e
1522 3436 1662 3505 alla
1691 3436 2106 3526 geometria,
2139 3438 2376 3505 Roma
2412 3436 2620 3518 1766,
2653 3436 2728 3504 in
2761 3437 2824 3518 8,
2857 3436 2983 3526 fig.

707 3548 842 3605 Con
873 3548 944 3606 19
970 3548 1170 3605 tavole
1194 3547 1256 3604 in
1278 3566 1460 3605 rame.
1488 3549 1574 3605 La
1597 3547 1846 3605 materia
1869 3547 1929 3605 vi
1954 3548 1987 3605 è
2011 3556 2241 3605 trattata
2264 3566 2381 3605 con
2403 3547 2751 3622 profondità
2774 3548 2934 3605 della
2959 3547 3199 3605 scienza
3222 3547 3642 3605 mattematica.

478 3763 640 3831 841.
673 3764 1032 3831 JEAURAT
1056 3762 1454 3844 Sebastien,
1489 3762 1723 3831 Traité
1754 3762 1843 3831 de
1872 3762 2324 3852 perspective
2356 3763 2396 3831 à
2424 3762 2708 3852 l’usage
2739 3762 2865 3831 des
2899 3762 3197 3844 artistes,
3231 3762 3448 3844 Paris,
3482 3762 3658 3831 chez
3689 3762 4029 3844 Jombert,
4072 3762 4280 3844 1760,
4314 3762 4388 3830 in
4416 3763 4484 3844 4,

707 3877 833 3967 fig.

708 3989 909 4063 Opera
938 3988 1208 4063 eseguita
1237 4007 1354 4046 con
1384 3988 1639 4063 qualche
1671 3989 1838 4046 lusso
1870 3989 2143 4063 elegante
2174 4007 2291 4046 con
2322 3989 2507 4046 molte
2539 3988 2822 4063 vignette,
2856 4007 2889 4046 e
2927 3989 3041 4046 110
3072 3989 3272 4046 tavole
3302 3988 3608 4063 intagliate
3639 3988 3701 4045 in
3730 4007 3912 4056 rame,
3946 3988 4104 4046 dieci
4135 3989 4293 4046 delle
4324 3988 4486 4063 quali

705 4084 952 4142 relative
978 4084 1098 4159 agli
1123 4084 1318 4142 ordini
1343 4103 1376 4142 e
1401 4084 1816 4159 ombreggiata
1838 4084 2093 4142 trovanti
2119 4085 2174 4142 al
2200 4084 2325 4142 fine
2350 4085 2513 4159 dopo
2539 4085 2791 4142 l’errata.

477 4301 570 4389 [p.
613 4299 776 4382 156]

474 4530 636 4598 842.
671 4531 1082 4598 KIRCHERII
1103 4529 1505 4611 Athanasii,
1537 4530 1676 4598 Ars
1707 4551 1971 4619 magna
1998 4529 2181 4598 lucis
2213 4540 2282 4598 et
2308 4529 2605 4598 umbrae
2634 4529 2708 4597 in
2736 4531 2805 4597 X
2834 4529 3056 4598 libros
3088 4529 3387 4619 digesta,
3420 4531 3658 4598 Roma
3694 4529 3902 4611 1646,
3935 4529 4009 4597 in
4038 4529 4165 4598 fol.
4199 4529 4325 4619 fig.

474 4740 636 4808 843.
679 4741 891 4807 LAMI
923 4739 1288 4808 Bernardi.
1331 4739 1567 4808 Traité
1606 4739 1732 4808 des
1771 4739 2283 4829 perspectives,
2326 4761 2421 4808 ou
2463 4750 2625 4808 sont
2662 4750 3010 4808 contenus
3050 4739 3155 4808 les
3195 4739 3629 4808 fondemens
3670 4739 3759 4808 de
3797 4739 3867 4808 la
3902 4739 4248 4829 peinture,
4290 4739 4486 4808 Paris

716 4855 924 4936 1701,
957 4854 1031 4922 in
1064 4855 1127 4936 8,
1160 4854 1286 4944 fig.

707 4966 842 5023 Con
879 4974 1025 5023 sette
1060 4966 1260 5023 tavole
1295 4965 1357 5022 in
1390 4984 1572 5033 rame,
1611 4966 1760 5023 oltre
1795 4966 1980 5023 molte
2016 4965 2211 5040 figure
2245 4965 2308 5022 in
2343 4966 2523 5040 legno
2558 4965 2851 5040 impresse
2887 4965 2977 5023 fra
3009 4965 3053 5022 il
3087 4974 3259 5023 testo.
3298 4967 3382 5023 Le
3415 4965 3761 5040 precedenti
3796 4984 3978 5040 opere
4013 4965 4074 5023 di
4109 4966 4252 5023 Abr.
4290 4967 4486 5023 Bosse

707 5061 953 5119 diedero
978 5062 1163 5119 modo
1190 5062 1503 5119 all’autore
1528 5061 1589 5119 di
1614 5062 1925 5119 estendere
1949 5061 1992 5118 il
2019 5080 2127 5119 suo
2152 5070 2403 5129 trattato,
2431 5080 2530 5119 ma
2553 5080 2675 5119 non
2700 5061 2783 5136 gli
2809 5061 2874 5119 fu
2898 5061 3144 5119 liberale
3169 5061 3230 5119 di
3253 5061 3702 5119 riconoscenza.

474 5277 636 5345 844.
670 5278 1161 5358 LESPINASSE,
1189 5276 1423 5345 Traité
1454 5276 1543 5345 de
1571 5276 2023 5366 perspective
2052 5276 2348 5345 linéaire
2379 5277 2419 5345 à
2446 5276 2731 5366 l’usage
2761 5276 2887 5345 des
2921 5276 3219 5358 artistes,
3252 5276 3446 5345 Paris
3487 5277 3695 5358 1801,
3728 5276 3802 5344 in
3835 5277 3898 5358 8,
3931 5276 4057 5366 fig.

706 5389 773 5444 In
798 5396 1011 5462 questo
1037 5396 1269 5445 trattato
1296 5387 1472 5445 viene
1501 5388 1688 5445 scelto
1716 5406 1749 5445 e
1776 5388 2039 5445 adottato
2065 5387 2108 5444 il
2134 5387 2360 5462 meglio
2387 5387 2550 5462 degli
2577 5387 2767 5445 autori
2793 5387 2904 5445 che
2930 5388 2990 5445 lo
3017 5387 3216 5445 hanno
3241 5388 3585 5462 preceduto.
3614 5389 3681 5444 In
3707 5387 3786 5445 26
3812 5388 4012 5445 tavole
4038 5388 4071 5445 e
4095 5387 4486 5462 pulitamente

706 5483 1014 5558 intagliata
1036 5483 1099 5540 in
1121 5502 1285 5541 rame
1310 5484 1368 5541 la
1391 5483 1860 5541 dimostrazione
1885 5483 1983 5541 dei
2006 5483 2304 5558 problemi
2329 5483 2681 5541 consistenti
2705 5483 2768 5540 in
2793 5483 2865 5541 51
2897 5483 3108 5558 figure.

474 5678 636 5747 845.
672 5680 975 5746 LETTRE
1001 5678 1218 5747 écrite
1251 5700 1339 5747 au
1372 5679 1442 5747 S.
1479 5680 1713 5747 Bosse
1746 5700 2066 5768 graveur,
2104 5700 2279 5747 avec
2314 5700 2428 5747 ses
2460 5700 2805 5768 reponses
2841 5700 2958 5747 sur
2987 5678 3299 5768 quelque
3330 5700 3665 5747 nouveau
3695 5689 3918 5760 tratte,
3954 5689 4390 5747 concernant
4419 5678 4489 5747 la

706 5793 1157 5883 perspective
1188 5804 1257 5862 et
1284 5793 1354 5862 la
1380 5793 1726 5883 peinture,
1759 5793 1953 5862 Paris
1993 5793 2201 5875 1668,
2235 5815 2324 5862 en
2357 5794 2419 5862 8.

470 6004 632 6073 846.
678 6006 1077 6073 MAIGNAN
1112 6004 1530 6086 Emanuele,
1576 6004 2035 6094 Perspectiva
2074 6004 2375 6086 horaria,
2425 6004 2579 6073 sive
2622 6004 2711 6073 de
2755 6004 3185 6094 orographia
3227 6004 3668 6094 gnomonica
3707 6015 3861 6073 tum
3901 6004 4294 6073 theoretica
4334 6015 4488 6073 tum

706 6119 1039 6209 practica,
1072 6119 1234 6188 libri
1264 6130 1587 6209 quatuor,
1620 6121 1899 6188 Romae
1937 6119 2145 6201 1648,
2178 6119 2252 6187 in
2281 6119 2408 6188 fol.
2442 6119 2569 6209 fig.

474 6331 636 6399 847.
684 6332 1109 6399 MAROLOIS
1153 6330 1535 6412 Samuelis,
1582 6330 2268 6399 Mathematicorum
2314 6330 2423 6399 sui
2471 6330 2740 6399 saeculi
2785 6330 3003 6399 facile
3046 6330 3391 6420 principis
3438 6330 3742 6420 opticae,
3793 6330 3947 6399 sive
3990 6330 4486 6420 perspectivae

2171 6657 2347 6694 WWW.
2358 6637 2734 6710 memofonte.
2748 6639 2791 6694 il
