4958 7017
1981 864 2366 922 Fondazione
2390 864 2775 922 Memofonte
2800 865 2976 922 onlus

1390 960 1600 1018 Studio
1624 979 1731 1035 per
1754 960 2226 1018 l’elaborazione
2250 960 2632 1018 informatica
2655 961 2813 1018 delle
2838 960 2991 1018 fonti
3018 960 3571 1018 storico—artistiche

714 1266 894 1305 senza
917 1247 1139 1315 critica,
1167 1266 1267 1305 ma
1290 1247 1401 1305 che
1424 1256 1702 1322 presenta
1724 1247 1767 1304 il
1792 1248 2019 1322 quadro
2045 1256 2234 1305 esatto
2260 1248 2418 1305 delle
2443 1247 2716 1322 opinioni
2741 1247 2802 1305 di
2827 1247 2888 1305 di
2913 1248 3052 1322 quel
3079 1248 3303 1305 secolo.

483 1462 690 1532 1593.
726 1464 1196 1544 BOETTIGER,
1228 1462 1515 1544 Sabine,
1551 1484 1646 1531 ou
1677 1462 1989 1531 matinée
2021 1462 2243 1531 d’une
2274 1464 2509 1531 Dame
2539 1462 2863 1531 romaine
2896 1463 2936 1531 à
2965 1462 3035 1531 la
3063 1462 3338 1531 toilette
3371 1463 3411 1531 à
3440 1462 3510 1531 la
3539 1462 3646 1530 fin
3678 1462 3773 1531 du
3803 1462 4112 1552 premier
4144 1462 4364 1531 siecle
4396 1462 4486 1531 de

712 1577 907 1646 l’Ere
947 1577 1405 1659 Chrétienne;
1447 1599 1629 1667 pour
1669 1577 1892 1646 servir
1931 1578 1971 1646 à
2008 1577 2366 1646 l’histoire
2406 1577 2495 1646 de
2534 1577 2604 1646 la
2642 1577 2760 1646 vie
2798 1577 3176 1667 privéedes
3217 1577 3567 1646 Romains
3609 1588 3678 1646 et
3718 1578 3758 1646 à
3795 1577 4318 1667 l’intelligence
4358 1577 4485 1646 des

714 1703 994 1761 auteurs
1027 1692 1341 1761 anciens.
1375 1692 1667 1761 Traduit
1696 1692 1785 1761 de
1814 1692 2238 1761 l’allemand
2267 1692 2356 1761 de
2386 1693 2468 1761 C.
2504 1693 2602 1761 St.
2636 1692 3024 1782 Boettiger,
3057 1692 3252 1761 Paris
3292 1693 3500 1774 1813,
3533 1692 3607 1760 in
3640 1693 3703 1774 8,
3736 1692 3862 1782 fig.

713 1804 914 1878 Opera
937 1803 1276 1861 dottissima
1299 1804 1375 1861 ed
1399 1812 1595 1861 estesa
1618 1822 1736 1861 con
1758 1803 2075 1878 piacevole
2100 1803 2465 1871 erudizione,
2493 1812 2699 1861 ornata
2723 1803 2784 1861 di
2816 1804 2885 1861 13
2913 1804 3130 1861 tavole.

477 2020 570 2108 [p.
605 2018 776 2101 276]

483 2248 690 2318 1594.
719 2250 1118 2317 BOISSARD
1143 2248 1432 2330 Robert,
1465 2248 1894 2317 Mascarade
1922 2248 2313 2330 récueillie,
2347 2259 2416 2317 et
2443 2248 2628 2317 mise
2658 2270 2747 2317 en
2775 2248 2972 2317 taille
3002 2248 3256 2330 douce,
3298 2248 3506 2318 1697.

714 2364 913 2432 Sono
943 2374 1194 2453 queste
1232 2364 1318 2431 14
1347 2363 1588 2432 tavole
1617 2363 1985 2453 intagliate
2014 2363 2088 2431 in
2116 2385 2312 2432 rame
2342 2363 2520 2432 oltre
2549 2363 2601 2431 il
2630 2363 3105 2453 frontespizio
3135 2363 3327 2432 nella
3354 2363 3657 2432 miniera
3685 2363 3757 2432 di
3788 2363 3877 2432 de
3906 2365 4071 2453 Bry.

711 2478 1183 2568 Aggiuntovi.
1230 2480 1331 2547 Le
1374 2480 1587 2547 Roux
1631 2479 1718 2547 G.
1765 2480 1847 2547 B.
1895 2500 2229 2547 nouveau
2272 2478 2528 2547 lambri
2572 2478 2662 2547 de
2706 2478 3015 2560 Galerie,
3063 2478 3424 2547 Chambre
3468 2489 3537 2547 et
3578 2478 3907 2560 Cabinet,
3955 2500 4131 2547 avec
4174 2478 4487 2568 quelque

712 2615 1046 2662 nouveau
1109 2593 1399 2662 dessein
1462 2593 1551 2662 de
1615 2593 2030 2662 chéminées
2096 2594 2394 2683 gravées
2457 2615 2583 2683 par
2644 2595 3111 2683 Degremont,
3177 2593 3394 2675 Paris,
3462 2593 3638 2662 chez
3702 2593 4058 2675 Mariette,
4124 2593 4251 2662 fol.
4318 2593 4483 2683 pic.,

712 2708 1061 2777 Planches
1091 2710 1180 2777 N.
1215 2708 1330 2777 54.

713 2820 914 2894 Opera
937 2819 1048 2877 che
1074 2828 1283 2877 attesta
1305 2819 1348 2876 il
1373 2819 1595 2877 cattivo
1621 2828 1797 2894 gusto
1823 2838 1856 2877 e
1881 2820 2124 2894 l’epoca
2147 2820 2307 2877 della
2330 2819 2682 2877 corruzione
2707 2820 2865 2877 delle
2891 2819 3015 2887 arti,
3041 2838 3148 2894 per
3170 2828 3391 2894 quanto
3416 2838 3491 2877 ne
3518 2819 3607 2877 sia
3632 2819 3977 2877 sufficiente
4002 2819 4320 2894 l’intaglio.

487 3015 694 3085 1595.
738 3017 1114 3084 BONANNI
1152 3015 1459 3105 Filippo,
1509 3015 1863 3105 Catalogo
1910 3015 2104 3105 degli
2151 3015 2384 3084 ordini
2431 3015 2741 3105 equestri
2788 3037 2827 3084 e
2872 3015 3162 3084 militari
3209 3026 3502 3105 esposto
3548 3015 3622 3083 in
3667 3015 3989 3105 imagini,
4039 3015 4278 3084 diviso
4323 3015 4397 3083 in
4443 3016 4482 3084 3

711 3130 912 3220 parti,
945 3132 1182 3199 Roma
1210 3130 1327 3199 dal
1365 3131 1543 3199 1741
1583 3130 1649 3199 al
1687 3131 1896 3212 1743,
1929 3130 2073 3199 vol.
2109 3131 2148 3199 3
2182 3130 2256 3198 in
2284 3131 2351 3199 4.
2385 3130 2640 3199 Latino
2671 3152 2710 3199 e
2740 3130 3056 3199 italiano.

711 3243 795 3299 Le
819 3242 1020 3299 tavole
1046 3241 1262 3299 furono
1287 3241 1594 3316 intagliate
1619 3242 1696 3299 da
1719 3242 1993 3299 Arnoldo
2017 3243 2173 3299 Wan
2195 3242 2589 3299 Westerowd.
2617 3242 2734 3299 Nel
2758 3241 2954 3316 primo
2980 3242 3099 3299 vol.
3130 3260 3281 3299 sono
3306 3250 3421 3299 tav.
3457 3241 3590 3309 166,
3617 3242 3715 3299 nel
3743 3242 4009 3299 secondo
4042 3242 4175 3309 108,
4202 3242 4300 3299 nel
4324 3250 4487 3299 terzo

712 3336 810 3404 75,
839 3337 914 3394 ad
937 3355 1179 3411 ognuna
1202 3337 1360 3394 delle
1385 3336 1547 3411 quali
1574 3345 1663 3394 sta
1686 3345 2068 3411 contraposta
2091 3337 2149 3394 la
2170 3336 2419 3394 relativa
2444 3336 2662 3394 storica
2684 3336 3110 3394 illustrazione.

487 3551 694 3621 1596.
730 3553 1105 3620 BONANNI
1129 3551 1436 3641 Filippo,
1472 3551 1860 3620 Gabinetto
1894 3551 2264 3620 armonico
2295 3551 2514 3641 pieno
2547 3551 3030 3620 d’istrumenti
3065 3551 3307 3620 sonori
3339 3551 3617 3633 imitati,
3655 3551 3957 3641 spiegati
3990 3551 4080 3620 ed
4110 3551 4483 3641 intagliati,

712 3668 949 3735 Roma
985 3667 1193 3748 1728,
1226 3666 1300 3734 in
1328 3667 1396 3748 4,
1429 3666 1555 3756 fig.

712 3778 847 3835 Con
878 3778 990 3835 148
1017 3778 1217 3835 tavole
1241 3777 1303 3834 in
1325 3796 1507 3845 rame,
1535 3796 1657 3835 non
1681 3796 2000 3852 compreso
2025 3777 2068 3834 il
2094 3777 2486 3852 frontespizio
2512 3777 2573 3835 di
2597 3778 2903 3835 mediocre
2928 3777 3196 3852 intaglio.

479 3973 686 4043 1597.
722 3975 1098 4042 BONANNI
1122 3973 1429 4063 Filippo,
1465 3973 1938 4042 Descrizione
1970 3973 2164 4063 degli
2199 3973 2571 4042 strumenti
2605 3973 2953 4042 armonici
2986 3973 3241 4063 d’ogni
3275 3995 3557 4063 genere,
3595 3973 3912 4042 seconda
3943 3973 4125 4042 ediz.
4162 3984 4484 4055 corretta,

713 4088 803 4157 ed
847 4088 1286 4157 accresciuta
1328 4088 1419 4157 da
1461 4088 1801 4157 Giacinto
1846 4088 2084 4157 Cerati
2129 4110 2268 4157 con
2320 4089 2456 4157 140
2499 4088 2700 4170 rami,
2746 4088 2958 4157 incisi
3003 4088 3094 4157 da
3134 4088 3463 4157 Arnoldo
3506 4090 3692 4157 Wan
3733 4088 4206 4170 Westerowd,
4253 4090 4490 4157 Roma

721 4203 929 4285 1756,
962 4203 1036 4271 in
1064 4204 1131 4272 4.
1164 4205 1515 4272 Francese
1546 4225 1585 4272 e
1614 4203 1931 4272 italiano.

714 4315 878 4372 Sono
902 4315 1048 4389 però
1074 4315 1130 4372 le
1157 4323 1344 4372 stesse
1368 4315 1568 4372 tavole
1593 4314 2024 4372 dell’edizione
2047 4315 2423 4389 precedente.

479 4529 686 4599 1598.
751 4531 1163 4611 BONAIUTI,
1228 4529 1478 4598 Italian
1542 4551 1840 4619 scenery
1898 4529 2389 4619 representing
2448 4529 2567 4598 the
2627 4551 2982 4611 manners,
3047 4540 3418 4598 coustoms
3482 4529 3621 4598 and
3682 4540 4168 4598 amusements
4231 4529 4316 4598 of
4368 4529 4487 4598 the

713 4644 1053 4713 different
1104 4655 1317 4713 states
1369 4644 1455 4713 of
1498 4644 1677 4734 Italy
1728 4644 2144 4734 containing
2193 4644 2589 4734 thirty—two
2640 4644 2986 4713 coloured
3035 4644 3467 4734 engravings
3516 4644 3615 4734 by
3662 4646 3903 4713 James
3955 4644 4243 4734 Godby,
4297 4644 4488 4713 from

713 4759 1018 4849 original
1048 4759 1408 4849 drawings
1437 4759 1536 4849 by
1564 4761 1636 4828 P.
1670 4761 1832 4828 Van
1861 4759 2272 4849 Lerberghi,
2305 4759 2612 4828 London
2650 4759 2859 4841 1806,
2892 4759 3018 4849 fig.

712 4871 847 4928 Con
873 4871 950 4928 32
975 4871 1175 4928 tavole
1200 4871 1497 4928 collocate
1524 4870 1994 4945 superiormente
2019 4889 2052 4928 e
2077 4889 2194 4928 con
2217 4879 2366 4928 tutto
2391 4870 2434 4927 il
2459 4871 2625 4928 lusso
2651 4889 2684 4928 e
2709 4871 3049 4945 l’eleganza
3072 4870 3170 4928 dei
3194 4870 3302 4945 tipi
3327 4889 3360 4928 e
3385 4871 3545 4928 della
3568 4870 3950 4945 calcografìa.

487 5065 694 5135 1599.
765 5067 1219 5134 BORASATTI
1280 5065 1763 5147 Giustiniano,
1834 5065 1889 5133 Il
1957 5065 2314 5155 gimnasta
2378 5065 2452 5133 in
2517 5065 2787 5155 pratica
2852 5065 2942 5134 ed
3007 5065 3081 5133 in
3146 5065 3435 5134 teorica.
3506 5065 3822 5155 Dialogo
3888 5066 4015 5134 tra’
4089 5065 4485 5155 professori

713 5180 1342 5249 dell’Accademia
1371 5180 1823 5249 Gimnastica
1851 5180 1965 5249 de’
2005 5202 2177 5270 gran
2209 5180 2523 5249 saltatori
2555 5180 2627 5249 di
2657 5180 2890 5270 Parigi
2922 5202 2961 5249 e
2991 5180 3063 5249 di
3094 5180 3380 5249 Londra
3409 5202 3548 5249 con
3578 5180 3648 5249 la
3678 5180 4144 5270 spiegazione
4174 5180 4246 5249 di
4275 5180 4433 5249 tutti
4463 5180 4486 5248 i

715 5295 874 5364 salti
903 5306 1099 5364 tanto
1131 5295 1396 5364 antichi
1427 5295 1560 5364 che
1589 5295 1917 5364 moderni
1948 5317 2077 5377 ec.,
2110 5295 2436 5364 Venezia
2472 5295 2680 5377 1753,
2714 5295 2788 5363 in
2821 5296 2883 5364 8.

711 5406 975 5464 Libretto
1022 5406 1321 5481 singolare
1365 5425 1398 5464 e
1440 5406 1622 5481 pieno
1667 5406 1728 5464 di
1771 5406 1994 5464 notizie
2037 5406 2357 5464 utilissime
2399 5425 2506 5481 per
2546 5406 2840 5481 rompersi
2883 5406 2926 5463 il
2970 5407 3150 5464 collo.
3197 5408 3264 5463 In
3305 5406 3603 5481 principio
3648 5407 3681 5464 e
3724 5406 3766 5463 il
3808 5406 4032 5464 ritratto
4077 5407 4175 5464 del
4217 5406 4488 5481 principe

712 5502 1213 5560 dell’accademia
1247 5503 1342 5560 de’
1387 5502 1649 5560 saltatori
1684 5502 1883 5577 Diego
1921 5503 2202 5560 Secondo
2238 5503 2333 5560 de’
2374 5502 2556 5560 Rossi
2591 5502 2892 5560 chiamato
2925 5503 3202 5560 Didacus
3242 5504 3320 5577 [p.
3359 5503 3503 5572 277]
3543 5503 3845 5560 secundus
3879 5503 3954 5560 de
3987 5503 4213 5560 Rubeis
4247 5503 4327 5560 ab
4357 5504 4489 5560 Asti

714 5600 1174 5672 Gyrmnasticae
1194 5599 1603 5656 Academicae
1627 5601 1944 5672 Principes
1967 5601 2344 5656 Parisiomm
2370 5610 2428 5656 et
2447 5599 2707 5656 Landini
2731 5618 2802 5656 ex
2824 5618 3048 5672 magna
3074 5599 3336 5656 cubistis.

483 5813 690 5882 1600.
738 5815 973 5882 BOSSI
1014 5813 1464 5903 Hieronymi,
1512 5815 1624 5882 De
1666 5824 1836 5903 toga
1876 5835 2175 5882 romana
2217 5813 2799 5882 commentarius.
2846 5813 3156 5882 Accedit
3198 5835 3287 5882 ex
3331 5813 3665 5903 Philippo
3709 5813 4043 5882 Rubenio
4087 5813 4486 5882 iconismus

715 5939 985 5997 statuae
1013 5939 1184 6018 toga
1210 5939 1373 5997 tuae
1404 5939 1561 6010 etc.,
1593 5928 2129 5997 Amstelodami
2168 5928 2376 6010 1671,
2409 5928 2483 5996 in
2521 5929 2628 5997 12.

711 6041 797 6097 La
819 6040 1022 6097 tavola
1044 6040 1191 6097 tolta
1214 6040 1312 6097 dal
1336 6039 1633 6107 Rubenio,
1661 6039 1772 6097 che
1797 6040 1830 6097 e
1854 6039 1916 6096 in
1939 6040 1996 6107 4,
2023 6039 2246 6097 trovasi
2269 6039 2510 6114 piegata
2532 6039 2594 6096 in
2618 6048 2831 6114 questo
2857 6039 3112 6107 libretto,
3141 6058 3175 6097 a
3198 6058 3313 6097 car.
3344 6040 3438 6097 82.

487 6234 694 6303 1601.
737 6236 1306 6303 BOUCHARDON
1337 6214 1589 6316 Édme,
1630 6234 1897 6303 Etudes
1936 6234 2164 6324 prises
2205 6234 2381 6303 dans
2421 6234 2490 6303 le
2526 6234 2655 6303 bas
2694 6234 2957 6324 peuple
2997 6256 3092 6303 ou
3131 6234 3268 6303 cris
3309 6234 3399 6303 de
3438 6234 3632 6303 Paris
3681 6235 3865 6303 1737
3907 6256 3946 6303 e
3993 6235 4201 6316 1788,
4243 6234 4317 6302 in
4355 6234 4483 6303 fol.

711 6360 850 6418 tav.
886 6349 1000 6418 36.

2171 6657 2347 6694 WWW.
2358 6637 2734 6710 memofonte.
2748 6639 2766 6694 i
2770 6648 2791 6694 t
