4958 7017
1981 864 2366 922 Fondazione
2390 838 2775 922 Mernofonte
2800 865 2976 922 onlus

1390 960 1600 1018 Studio
1624 979 1731 1035 per
1754 960 2226 1018 l’elaborazione
2250 960 2632 1018 informatica
2655 961 2813 1018 delle
2838 960 2991 1018 fonti
3018 960 3571 1018 storico—artistiche

714 1251 854 1320 alla
881 1273 1120 1320 mano:
1156 1251 1318 1320 libri
1349 1251 1488 1320 due
1516 1251 1802 1320 tradotti
1833 1251 1950 1320 dal
1979 1251 2202 1320 latino
2233 1251 2324 1320 da
2351 1253 2674 1341 Pompeo
2705 1251 3031 1333 Sarnelli,
3063 1251 3331 1341 Napoli
3370 1251 3578 1333 1677,
3611 1251 3685 1319 in
3723 1252 3831 1333 12,
3864 1251 3990 1341 fig.

712 1363 847 1420 Con
870 1381 989 1420 una
1011 1363 1214 1420 tavola
1237 1363 1397 1420 della
1420 1381 1600 1420 mano
1627 1362 1784 1420 assai
1809 1362 2299 1437 diligentemente
2324 1362 2610 1437 eseguita.

471 1558 686 1627 2462.
729 1560 1173 1627 RAIMONDO
1206 1558 1591 1640 Annibale,
1634 1559 1875 1648 Opera
1912 1558 2331 1627 dell’antica
2369 1569 2438 1627 et
2474 1558 2822 1627 honorata
2861 1558 3162 1627 scientia
3199 1558 3271 1627 di
3309 1558 3744 1640 Nomandia,
3785 1559 4117 1627 Anversa
4162 1558 4370 1640 1677,
4413 1558 4487 1626 in

713 1684 978 1742 0113V0.

711 1784 892 1842 Libro
916 1784 1098 1859 pieno
1124 1784 1185 1842 di
1212 1785 1340 1842 sole
1367 1784 1759 1842 sciocchezze
1785 1784 2203 1859 astrologiche.

475 1980 690 2049 2463.
746 1982 1220 2062 RIZZACASA,
1275 1982 1378 2049 La
1428 1980 1827 2049 fisonomia
1876 2002 2022 2049 non
2073 2002 2290 2049 meno
2341 1980 2536 2062 utile,
2592 1980 2725 2049 che
2777 1980 3215 2062 dilettevole,
3273 1981 3332 2049 sì
3384 1980 3458 2048 in
3510 1980 3804 2062 morale,
3860 1980 3993 2049 che
4044 1980 4118 2048 in
4169 1980 4488 2049 naturale

712 2095 1062 2177 filosofia,
1095 2095 1169 2163 in
1199 2095 1338 2164 due
1366 2095 1545 2185 parti
1576 2095 1831 2177 divisa,
1865 2095 2350 2185 Carmagnola
2386 2095 2593 2164 1607.

711 2206 975 2264 Libretto
999 2207 1118 2264 ben
1142 2215 1340 2264 esteso
1364 2225 1471 2281 per
1494 2207 1552 2264 la
1575 2206 1816 2264 dizione
1841 2207 1917 2264 ed
1941 2207 2417 2281 elegantemente
2444 2215 2757 2281 stampato.

479 2401 694 2470 2464.
739 2403 1147 2470 ROSACCIO
1184 2401 1578 2491 Giuseppe,
1622 2401 1836 2470 Della
1874 2401 2150 2470 nobiltà
2189 2423 2228 2470 e
2269 2401 2671 2491 grandezza
2710 2401 3137 2483 dell’uomo,
3182 2423 3321 2470 ove
3364 2401 3423 2470 si
3463 2423 3779 2470 conosce
3818 2423 3944 2491 per
3982 2401 4052 2470 la
4090 2401 4488 2470 fisonomia

712 2516 926 2585 fisica
980 2516 1148 2606 qual
1208 2516 1314 2585 sia
1368 2516 1438 2585 la
1494 2516 2034 2606 complessione
2091 2516 2163 2585 di
2219 2516 2377 2585 tutti
2435 2516 2534 2606 gli
2590 2516 2871 2585 uomini
2929 2538 2968 2585 e
3025 2516 3116 2585 da
3172 2516 3288 2585 cui
3348 2516 3407 2585 si
3466 2538 3645 2585 cava
3701 2516 4034 2598 l’ordine,
4094 2516 4364 2585 misura
4420 2527 4489 2585 et

711 2631 1191 2721 proporzione
1221 2631 1293 2700 di
1323 2631 1590 2721 quello,
1623 2631 1697 2699 in
1725 2633 2012 2700 Ferrara
2040 2653 2079 2700 e
2107 2631 2525 2721 ristampato
2555 2631 2629 2699 in
2659 2631 2995 2721 Bologna
3031 2631 3239 2713 1598,
3272 2631 3346 2699 in
3379 2632 3441 2700 8.

712 2742 1146 2800 Curiosissimo
1172 2761 1205 2800 e
1228 2761 1360 2800 raro
1386 2742 1686 2800 librettino
1712 2742 1773 2800 di
1800 2742 1914 2800 soli
1939 2751 2064 2800 otto
2090 2742 2348 2817 foglietti
2373 2742 2434 2800 di
2461 2751 2693 2817 stampa
2716 2742 2778 2799 in
2802 2742 3191 2800 minutissimi
3216 2742 3485 2800 caratteri
3510 2742 3751 2800 corsivi.

475 2938 690 3007 2465.
724 2940 836 3007 De
865 2940 1153 3007 RUBEIS
1180 2938 1575 3020 Dominici,
1608 2938 1925 3007 Tabulae
1953 2938 2627 3028 physiognomicae,
2660 2938 2988 3007 Venetiis
3028 2938 3236 3020 1639,
3269 2938 3343 3006 in
3376 2939 3438 3007 8.

711 3049 1008 3107 Dedicato
1052 3050 1107 3107 al
1149 3049 1468 3107 Cardinale
1510 3049 1571 3107 di
1612 3049 1944 3107 Richelieu.
1991 3050 2275 3124 Operetta
2315 3049 2460 3107 fatta
2500 3068 2617 3107 con
2658 3049 2987 3117 chiarezza,
3032 3049 3143 3107 che
3186 3050 3406 3107 all’uso
3449 3049 3546 3107 cui
3588 3068 3783 3107 venne
3825 3049 4118 3107 destinata
4160 3068 4329 3107 serve
4371 3068 4488 3107 con

710 3145 980 3220 rapidità.

475 3340 690 3409 2466.
736 3341 1197 3409 SANSOVINO
1231 3342 1654 3422 Francesco,
1697 3340 2092 3409 L’edifizio
2133 3340 2250 3409 del
2290 3362 2512 3430 corpo
2551 3340 2891 3422 humano,
2934 3340 3052 3409 nel
3091 3340 3303 3430 quale
3340 3340 3804 3409 brevemente
3846 3340 3905 3409 si
3946 3340 4378 3409 descrivono
4418 3340 4486 3409 le

712 3455 982 3545 qualità
1013 3455 1130 3524 del
1163 3477 1384 3545 corpo
1418 3455 1612 3524 dello
1644 3455 1917 3524 huomo
1951 3466 2020 3524 et
2050 3455 2118 3524 le
2149 3455 2468 3545 potentie
2501 3455 2943 3537 dell’anima,
2979 3455 3304 3524 Venezia
3343 3455 3551 3537 1550,
3586 3477 3712 3545 per
3743 3455 4011 3524 Comin
4044 3455 4135 3524 da
4165 3455 4382 3524 Trino
4414 3455 4488 3523 in

716 3571 778 3639 8.

713 3681 1008 3739 Grazioso
1039 3681 1275 3739 libretto
1306 3690 1504 3739 esteso
1535 3700 1652 3739 con
1681 3681 1874 3756 giuste
1904 3681 2252 3756 cognizioni
2282 3681 2343 3739 di
2374 3681 2675 3739 anatomia
2703 3700 2736 3739 e
2767 3681 2828 3739 di
2856 3681 3364 3756 proporzionalità
3392 3682 3469 3739 da
3496 3700 3576 3739 un
3604 3700 3809 3749 uomo,
3842 3681 3953 3739 che
3983 3700 4083 3739 era
4112 3682 4369 3739 allevato
4400 3681 4490 3739 fra

714 3777 934 3835 sommi
958 3777 1205 3852 ingegni
1229 3778 1563 3835 nell’aureo
1591 3778 1816 3835 secolo.

483 3973 698 4042 2467.
741 3975 856 4041 LA
890 3974 1226 4042 SCIENCE
1259 3973 1609 4055 curieuse,
1652 3995 1747 4042 ou
1784 3973 1986 4042 traité
2025 3973 2115 4042 de
2153 3973 2223 4042 la
2261 3973 2765 4063 chyromance,
2806 3973 3176 4042 recueillie
3215 3973 3341 4042 des
3380 3973 3543 4063 plus
3584 3995 3837 4063 graves
3880 3984 4160 4042 auteurs
4200 3973 4323 4063 qui
4363 3984 4489 4042 ont

711 4088 913 4157 traité
943 4088 1032 4157 de
1062 4099 1246 4157 cette
1275 4088 1591 4170 matière,
1624 4088 1819 4157 Paris
1859 4088 2067 4170 1665,
2100 4088 2174 4156 in
2202 4089 2270 4170 4,
2302 4099 2423 4178 pet
2450 4088 2783 4178 figurato.

712 4200 847 4257 Con
871 4200 950 4258 90
975 4200 1175 4257 tavole
1199 4199 1505 4274 intagliate
1529 4199 1592 4256 in
1614 4218 1796 4257 rame.

467 4394 682 4463 2468.
723 4395 958 4463 SCOTI
983 4394 1396 4476 Michaelis,
1434 4396 1546 4463 De
1579 4394 2075 4484 procreatione
2110 4405 2179 4463 et
2210 4394 2528 4463 hominis
2563 4394 3096 4484 physionomia,
3143 4395 3351 4476 1477,
3389 4394 3463 4462 in
3501 4395 3564 4476 8,
3605 4394 3759 4463 sine
3792 4394 3980 4463 loco.
4020 4394 4406 4463 Comincia
4437 4394 4488 4462 il

712 4509 886 4578 volu
922 4511 1015 4599 [p.
1048 4510 1220 4592 414]
1257 4531 1375 4578 me
1405 4509 1827 4578 coll’indice
1857 4509 1946 4578 de
1976 4509 2271 4599 capitoli
2302 4509 2435 4578 che
2465 4531 2745 4599 occupa
2771 4520 2873 4578 tre
2902 4509 3236 4599 foglietti,
3269 4509 3442 4578 indi:

712 4624 971 4714 Incipit
1009 4624 1190 4693 liber
1227 4624 1785 4714 physionomiae
1825 4646 2045 4714 quem
2085 4624 2510 4714 compilavit
2547 4624 2901 4714 Magister
2939 4624 3263 4693 Michael
3306 4625 3565 4693 Scotus
3609 4624 3698 4693 ad
3737 4646 3987 4714 preces
4029 4626 4117 4693 D.
4162 4624 4486 4693 Federici

712 4741 1209 4808 Romanorum
1237 4739 1698 4829 imperatorii,
1733 4739 2051 4808 Scientia
2079 4739 2283 4808 cuius
2315 4750 2423 4808 est
2450 4739 2759 4808 multum
2786 4739 3095 4808 tenenda
3122 4739 3196 4807 in
3228 4750 3528 4821 secreto;

713 4876 752 4923 e
781 4854 1043 4923 finisce
1071 4854 1461 4923 Michaelis
1494 4854 1693 4923 Scoti
1724 4854 1813 4923 de
1841 4865 2304 4944 procreatane
2334 4865 2403 4923 et
2429 4854 2747 4923 hominis
2777 4854 3271 4944 phisionomia
3299 4876 3481 4944 opus
3512 4854 3820 4923 feliciter
3847 4854 4031 4936 finit,
4073 4855 4280 4923 1477.

711 4966 759 5022 Il
794 4966 1122 5023 Santander
1153 4966 1213 5023 lo
1247 4966 1486 5023 colloca
1517 4965 1607 5023 fra
1637 4965 1657 5022 i
1690 4965 1824 5023 libri
1855 4965 1987 5023 rari:
2027 4984 2177 5023 sono
2213 4966 2287 5023 88
2323 4965 2581 5040 foglietti
2614 4965 2675 5023 di
2710 4974 2941 5040 stampa
2971 4965 3033 5022 in
3063 4965 3163 5023 bei
3196 4965 3465 5023 caratteri
3496 4965 3735 5023 rotondi
3767 4965 3865 5023 dei
3898 4965 4060 5040 quali
4092 4984 4212 5023 uno
4244 4965 4482 5023 bianco:

711 5061 934 5119 trovasi
961 5080 1172 5136 spesso
1197 5080 1315 5119 una
1338 5061 1728 5119 mutilazione
1755 5062 1810 5119 al
1835 5061 2099 5136 capitolo
2124 5061 2207 5119 36
2228 5062 2303 5119 de
2327 5064 2541 5119 notizia
2566 5064 2977 5135 anguriomm.

479 5257 694 5327 2469.
735 5258 1046 5326 SCOTTO
1075 5257 1420 5339 Michele,
1458 5257 1907 5326 Fisionomia
1939 5257 2009 5326 la
2041 5257 2209 5347 qual
2244 5257 2566 5347 compilò
2600 5259 2706 5326 M.
2744 5257 2978 5326 Mieli.
3018 5258 3239 5326 Scoto
3276 5258 3338 5326 a’
3380 5257 3630 5347 preghi
3666 5257 3738 5326 di
3772 5257 4117 5326 Federico
4152 5259 4487 5326 Romano

712 5374 1146 5462 Imperatore
1174 5372 1448 5441 huomo
1479 5372 1551 5441 di
1582 5394 1755 5462 gran
1787 5372 2106 5454 scientia,
2139 5372 2483 5454 Venezia,
2515 5394 2642 5462 per
2668 5374 3069 5441 Francesco
3099 5372 3438 5454 Bindoni,
3480 5372 3688 5454 1546,
3722 5372 3796 5440 in
3829 5373 3891 5441 8.

713 5484 940 5555 Questa
964 5483 1242 5541 versione
1266 5483 1510 5541 italiana
1533 5483 1599 5541 fu
1623 5483 1894 5541 mutilata
1918 5484 1973 5541 al
1998 5483 2262 5558 capitolo
2289 5483 2367 5541 56
2393 5484 2553 5541 della
2575 5483 2799 5541 notizia
2822 5483 2984 5558 degli
3010 5483 3234 5558 auguri.
3262 5483 3421 5541 Vedi
3447 5483 3718 5541 all’artic.
3742 5483 3976 5541 Alberti
3997 5486 4227 5557 Magni.

479 5679 694 5747 2470.
756 5679 1229 5747 SCRIPTORES
1281 5678 1888 5768 physiognomiae
1944 5689 2221 5747 veteres
2279 5700 2368 5747 ex
2423 5678 2847 5747 recensione
2903 5678 3198 5747 Camilli
3254 5678 3544 5747 Perusci
3601 5689 3670 5747 et
3722 5678 4062 5747 Friderici
4120 5678 4486 5768 Sylburgii

715 5794 961 5883 (greco
993 5815 1032 5862 e
1061 5793 1339 5878 latino),
1371 5793 1828 5883 Altemburgi
1867 5793 2075 5875 1680,
2108 5793 2182 5861 in
2215 5794 2277 5862 8.

713 5905 942 5976 Questo
968 5905 1001 5962 e
1026 5905 1337 5962 corredato
1363 5905 1521 5962 delle
1545 5913 1685 5962 note
1709 5904 1770 5962 di
1795 5904 1920 5962 vari
1945 5904 2403 5962 commentatori
2428 5923 2461 5962 e
2486 5904 2548 5962 fa
2569 5913 2735 5979 parte
2760 5905 2920 5962 della
2943 5904 3281 5962 collezione
3306 5905 3401 5962 de’
3433 5904 3673 5962 classici
3699 5924 3834 5962 cum
3858 5907 4017 5962 notis
4042 5907 4361 5962 variomm.

471 6101 686 6169 2471.
725 6101 1122 6169 SPONTONI
1148 6100 1342 6182 Ciro,
1378 6102 1481 6169 La
1512 6100 2084 6190 metoposcopia,
2121 6122 2392 6169 ovvero
2426 6100 3149 6169 commensurazione
3182 6100 3371 6169 delle
3403 6100 3593 6169 linee
3626 6100 3817 6169 della
3847 6100 4102 6182 fronte,
4138 6100 4484 6182 Venezia,

711 6237 837 6305 per
863 6215 1329 6305 Evangelista
1356 6215 1762 6297 Deuchino,
1804 6215 2012 6297 1626,
2045 6215 2119 6283 in
2152 6216 2215 6297 8,
2248 6215 2374 6305 fig.

711 6327 759 6383 Il
795 6326 1187 6401 frontespizio
1224 6327 1257 6384 e
1294 6326 1552 6401 figurato
1588 6326 1651 6383 in
1684 6345 1849 6384 rame
1885 6345 1918 6384 e
1954 6327 2010 6384 le
2045 6327 2246 6384 tavole
2281 6326 2344 6383 in
2379 6327 2559 6401 legno
2599 6345 2750 6384 sono
2786 6326 3078 6401 impresse
3115 6326 3205 6384 fra
3238 6326 3281 6383 il
3316 6335 3470 6384 testo
3507 6345 3540 6384 e
3576 6326 3794 6384 furono
3831 6326 4141 6401 disegnate
4177 6327 4254 6384 da
4286 6327 4490 6384 buona

711 6441 909 6480 mano.

2171 6657 2347 6694 WWW.
2358 6637 2734 6710 memofonte.
2748 6639 2791 6694 il
