4958 7017
1981 864 2366 922 Fondazione
2390 838 2775 922 Memofonte
2800 865 2976 922 onlus

1390 960 1600 1018 Studio
1624 979 1731 1035 per
1754 960 2226 1018 l’elaborazione
2250 960 2632 1018 informatica
2655 961 2813 1018 delle
2838 960 2991 1018 fonti
3018 960 3571 1018 storico—artistiche

471 1348 686 1416 2472.
737 1349 1050 1415 TIBERTI
1088 1347 1434 1416 Antiochi
1482 1349 1718 1429 Doct.,
1768 1349 1880 1416 De
1927 1347 2468 1416 Cheiromantia
2513 1347 2635 1416 lib.
2687 1349 2781 1415 III
2827 1347 3066 1416 denuo
3112 1347 3464 1437 recogniti
3512 1358 3643 1416 etc.
3693 1347 4041 1416 Eiusdem
4088 1347 4486 1437 argomenti

712 1462 962 1531 incerti
1046 1462 1354 1531 auctoris
1437 1462 1618 1531 liber
1696 1462 2046 1531 hactentis
2129 1462 2454 1531 nondum
2533 1462 2722 1552 typis
2806 1484 3116 1531 excusus
3198 1484 3324 1552 per
3401 1464 3508 1531 Io.
3594 1462 4050 1552 Dryandrum
4129 1462 4488 1531 Melicum

711 1579 1334 1667 Marpurgensem,
1366 1577 1790 1667 Maguntiae
1828 1577 2036 1659 1541,
2069 1577 2143 1645 in
2176 1578 2238 1646 8.

713 1693 875 1761 Con
919 1692 1173 1761 alcune
1214 1692 1455 1761 tavole
1497 1692 1571 1760 in
1613 1692 1830 1782 legno
1873 1692 1982 1761 fra
2022 1692 2074 1760 il
2115 1703 2322 1761 testo:
2372 1692 2699 1782 elegante
2743 1692 3142 1782 esemplare
3186 1692 3375 1761 colle
3416 1692 3679 1782 pagine
3723 1703 4139 1761 contornate
4182 1692 4254 1761 di
4297 1692 4487 1761 linee

711 1829 934 1889 rosse,
968 1807 1238 1876 dorato.

475 2019 690 2087 2473.
738 2020 1127 2087 TRICASSO
1167 2018 1258 2087 da
1300 2018 1627 2087 Cerasari
1671 2029 2082 2100 mantuano,
2128 2018 2619 2108 Exposizione
2665 2040 2876 2108 sopra
2917 2018 2969 2086 il
3013 2018 3262 2100 Cocle,
3309 2018 3653 2100 Venezia,
3699 2040 3825 2108 per
3865 2018 4199 2087 Marchio
4245 2019 4482 2100 Sessa,

721 2133 929 2215 1531,
962 2133 1036 2201 in
1069 2134 1132 2215 8,
1165 2133 1291 2223 fig.

713 2245 942 2316 Questo
969 2245 1002 2302 e
1028 2263 1109 2302 un
1134 2244 1287 2302 libro
1314 2244 1375 2302 di
1401 2244 1811 2302 chiromanzia
1835 2244 1896 2302 di
1921 2245 2310 2302 Bartolomeo
2338 2245 2528 2302 Cocle
2552 2245 2888 2319 bolognese
2914 2244 3243 2302 dilucidato
3270 2245 3368 2302 dal
3393 2244 3672 2302 Tricasso
3698 2253 4064 2302 mantovano
4091 2263 4124 2302 e
4150 2244 4428 2302 dedicato
4456 2263 4490 2302 a

711 2340 999 2398 Federico
1030 2341 1338 2415 Gonzaga,
1370 2359 1487 2398 con
1515 2340 1770 2415 qualche
1798 2341 2000 2398 tavola
2026 2340 2089 2397 in
2117 2341 2297 2415 legno
2327 2340 2393 2398 fu
2420 2340 2463 2397 il
2491 2349 2663 2398 testo:
2700 2349 2853 2398 stam
2884 2342 2962 2415 [p.
2994 2340 3139 2410 415]
3171 2349 3312 2415 pato
3341 2340 3772 2398 minutamente
3800 2340 3862 2397 in
3890 2340 4148 2398 corsivo.
4180 2340 4398 2398 Diviso
4427 2340 4489 2397 in

711 2445 796 2494 tre
821 2436 974 2504 libri,
1004 2455 1154 2494 sono
1180 2437 1300 2495 229
1326 2436 1584 2511 foglietti
1609 2436 1670 2494 di
1697 2445 1944 2511 stampa.
1972 2437 2149 2494 Bello
2175 2437 2508 2511 esemplare
2532 2436 2594 2493 in
2619 2436 2827 2494 vitello
2853 2437 2978 2494 dor.
3006 2438 3080 2494 V.
3111 2436 3375 2494 Coelitis.

479 2632 694 2700 2474.
734 2633 1146 2713 TRICASSO,
1184 2631 1520 2721 Epitome
1561 2631 2149 2721 Chyromantico,
2193 2631 2312 2700 nel
2352 2631 2565 2721 quale
2608 2631 2667 2700 si
2709 2631 3042 2700 contiene
3082 2642 3257 2700 tutte
3297 2631 3365 2700 le
3406 2653 3623 2721 opere
3662 2653 3789 2721 per
3829 2653 3995 2700 esso
4036 2631 4370 2700 Tricasso
4411 2631 4486 2699 in

712 2757 965 2836 questa
999 2746 1288 2815 scienza
1320 2757 1698 2836 composte
1732 2768 1871 2815 con
1906 2746 2093 2815 assai
2127 2746 2361 2836 figure
2395 2768 2434 2815 e
2468 2746 2985 2815 dichiarazioni
3021 2746 3378 2836 aggiunte,
3415 2746 3850 2815 facilissimo
3886 2768 3926 2815 a
3957 2746 4307 2836 imparare
4341 2768 4380 2815 e
4413 2746 4487 2814 in

710 2861 1146 2930 brevissimo
1201 2872 1469 2951 tempo,
1531 2872 1884 2951 stampato
1940 2861 2014 2929 in
2069 2861 2413 2943 Venezia,
2471 2883 2597 2951 per
2650 2861 3013 2951 Agostino
3070 2861 3159 2930 de
3214 2861 3559 2943 Dindoni,
3620 2861 4103 2930 Serenissimo
4159 2861 4488 2951 Principe

711 2976 1003 3045 Andrea
1032 2976 1243 3045 Gritti
1274 2976 1756 3058 Gubernante,
1798 2976 2006 3045 1538:
2045 2976 2304 3045 sonovi
2336 2976 2673 3066 aggiunte
2704 2977 2797 3046 29
2828 2976 3062 3066 figure
3092 2976 3226 3045 che
3255 2976 3477 3045 fanno
3507 2976 3581 3044 in
3609 2987 3790 3045 tutto
3820 2976 3946 3066 fig.
3980 2977 4096 3045 78.

711 3089 795 3145 Le
819 3088 1020 3145 tavole
1047 3106 1197 3145 sono
1222 3087 1284 3144 in
1308 3088 1489 3162 legno
1513 3087 1793 3162 riportate
1818 3087 1908 3145 fra
1930 3087 1973 3144 il
1997 3096 2168 3145 testo.

2012 3423 2227 3502 FINE
2252 3440 2428 3501 DEL
2453 3439 2739 3502 PRIMO
2766 3439 3180 3502 VOLUME.

2171 6657 2347 6694 WWW.
2358 6637 2734 6710 memofonte.
2748 6639 2791 6694 il
