4958 7017
1981 864 2366 922 Fondazione
2390 864 2775 922 Memofonte
2800 865 2976 922 onlus

1390 960 1600 1018 Studio
1624 979 1731 1035 per
1754 960 2226 1018 l’elaborazione
2250 960 2632 1018 informatica
2655 961 2813 1018 delle
2838 960 2991 1018 fonti
3018 960 3571 1018 storico—artistiche

477 1253 570 1341 [p.
613 1252 776 1334 194]

479 1482 686 1551 1094.
723 1483 1123 1550 FLAXMAN
1150 1481 1539 1563 Giovanni,
1575 1483 1678 1550 La
1709 1481 1979 1550 Divina
2011 1481 2447 1550 Commedia
2479 1481 2551 1550 di
2585 1483 2819 1550 Dante
2851 1481 3207 1571 Alighieri
3241 1481 3472 1550 incisa
3504 1481 3595 1550 da
3626 1483 3943 1550 Tomaso
3977 1481 4217 1563 Piroli,
4253 1483 4489 1550 Roma

716 1597 924 1678 1803,
956 1607 1095 1665 tav.
1131 1597 1245 1665 38.

708 1708 933 1779 Queste
957 1708 1158 1765 tavole
1181 1707 1539 1782 riguardano
1564 1707 1584 1764 i
1611 1707 1725 1765 soli
1751 1707 1908 1765 canti
1933 1707 2345 1775 dell’Inferno,
2372 1707 2434 1764 in
2457 1708 2514 1775 4,
2542 1708 2786 1782 oblong.

479 1903 686 1973 1095.
725 1904 1030 1972 GAMBA
1058 1903 1625 1985 Bartolommeo,
1662 1905 1763 1972 Le
1796 1903 2159 1972 luminose
2194 1914 2395 1993 gesta
2428 1903 2500 1972 di
2534 1905 2702 1972 Don
2736 1903 3137 1972 Chisciotte
3171 1903 3543 1993 disegnate
3577 1903 3667 1972 ed
3699 1903 3928 1972 incise
3963 1903 4054 1972 da
4085 1905 4487 1972 Francesco

706 2018 1024 2100 Novelli,
1057 2018 1131 2086 in
1162 2019 1251 2087 33
1284 2018 1525 2087 tavole
1555 2040 1694 2087 con
1727 2018 2196 2108 spiegazioni,
2229 2018 2554 2087 Venezia
2590 2019 2799 2100 1819,
2832 2018 2906 2086 in
2934 2019 3001 2087 4.

708 2130 937 2201 Questo
969 2129 1422 2204 elegantissimo
1454 2129 1607 2187 libro
1638 2130 1798 2187 della
1824 2129 1929 2204 più
1961 2129 2211 2204 squisita
2240 2129 2601 2187 esecuzione
2630 2130 2730 2204 pel
2760 2138 2913 2187 testo
2947 2129 3417 2187 succintamente
3448 2138 3647 2187 esteso
3678 2148 3711 2187 e
3742 2148 3859 2187 con
3888 2130 4076 2187 molta
4105 2129 4296 2204 grafia
4325 2148 4358 2187 e
4386 2130 4486 2204 pel

705 2225 837 2283 brio
878 2226 1036 2283 delle
1075 2225 1375 2293 incisioni,
1418 2244 1540 2283 non
1580 2244 1775 2283 venne
1814 2225 1986 2283 tirato
2027 2225 2138 2283 che
2177 2225 2240 2282 in
2279 2244 2529 2283 numero
2570 2225 2631 2283 di
2678 2226 2792 2283 102
2833 2225 3152 2300 esemplari
3191 2225 3253 2282 in
3292 2234 3452 2283 carta
3490 2226 3757 2283 colorata
3795 2225 3856 2283 di
3895 2225 4143 2283 Francia
4181 2244 4359 2283 coma
4400 2234 4488 2283 sta

707 2340 984 2396 espresso
1009 2321 1373 2379 nell’ultima
1394 2321 1631 2396 pagina.

483 2516 690 2586 1096.
736 2517 1098 2585 GESSNER
1134 2516 1505 2598 Salomon,
1550 2517 1821 2585 Contes
1863 2538 2186 2598 moraux,
2231 2527 2300 2585 et
2337 2516 2713 2585 nouvelles
2756 2516 3043 2606 Idylles,
3089 2517 3129 2585 à
3167 2516 3406 2606 Zurig,
3451 2516 3628 2585 chez
3670 2516 3997 2598 l’auteur,
4050 2517 4258 2598 1773,
4302 2516 4376 2584 in
4415 2517 4483 2598 4,

707 2631 833 2721 fig.
868 2632 912 2699 2
942 2631 1086 2700 vol.

706 2744 790 2800 Le
820 2751 1050 2817 stampe
1078 2742 1139 2800 di
1167 2751 1377 2817 questa
1401 2742 1679 2817 preziosa
1705 2742 1983 2800 edizione
2011 2742 2072 2800 di
2098 2742 2291 2817 prima
2318 2742 2667 2800 freschezza
2695 2761 2846 2800 sono
2874 2742 3180 2817 intagliate
3208 2743 3565 2800 dall’autore
3593 2761 3626 2800 e
3656 2761 3806 2800 sono
3834 2742 3896 2799 in
3922 2761 4173 2800 numero
4202 2742 4263 2800 di
4292 2742 4370 2800 52
4399 2742 4489 2800 fra

709 2838 966 2913 soggetti
991 2838 1200 2913 grandi
1225 2857 1258 2896 e
1283 2838 1564 2913 vignette.

483 3035 690 3104 1097.
737 3035 1099 3103 GESSNER
1136 3034 1507 3116 Salomon,
1553 3035 1878 3103 Oeuvres
1921 3034 2065 3103 vol.
2113 3035 2178 3116 3,
2223 3034 2297 3102 in
2337 3035 2405 3116 4,
2450 3034 2665 3103 Paris.
2711 3034 3045 3103 Traduite
3087 3056 3176 3103 en
3217 3034 3534 3123 francois
3576 3056 3702 3124 par
3741 3034 4007 3116 Huber,
4051 3034 4374 3116 Meister,
4420 3045 4489 3103 et

707 3149 952 3218 l’abbé
982 3150 1199 3218 Brute
1229 3149 1318 3218 de
1348 3149 1681 3231 Loreille,
1724 3149 2064 3219 1786—93.
2098 3151 2236 3218 Les
2267 3149 2539 3239 figures
2573 3160 2735 3218 sont
2763 3149 3049 3239 d’après
3080 3149 3185 3218 les
3217 3149 3544 3218 desseins
3576 3149 3665 3218 de
3694 3149 3763 3218 le
3792 3149 4107 3218 Barbier.

3741 3261 3759 3275 \

706 3260 999 3318 Edizione
1042 3260 1493 3335 elegantissima
1534 3279 1567 3318 e
1610 3260 1671 3318 di
1714 3261 1904 3318 molto
1948 3261 2114 3318 lusso
2156 3279 2263 3335 per
2304 3261 2360 3318 le
2402 3261 2603 3318 tavole
2645 3279 2966 3318 numerose
3009 3279 3042 3318 e
3085 3261 3141 3318 le
3185 3260 3449 3335 vignette
3492 3260 3553 3318 di
3596 3260 3693 3318 cui
3737 3279 3770 3318 e
3814 3260 4106 3328 arrichita;
4152 3261 4486 3335 esemplare

706 3355 1039 3430 magnifico
1064 3355 1127 3412 in
1151 3355 1251 3413 vit.
1280 3356 1405 3413 dor.

479 3571 686 3640 1098.
729 3571 1009 3639 GIULIO
1048 3571 1336 3652 Cesare,
1378 3572 1407 3638 I
1445 3570 1939 3639 Commentari
1978 3592 2117 3639 con
2154 3570 2222 3639 le
2259 3570 2493 3660 figure
2530 3570 2604 3638 in
2640 3592 2836 3639 rame
2873 3570 3046 3639 fatte
3084 3570 3175 3639 da
3209 3570 3503 3639 Andrea
3538 3570 3861 3639 Palladio
3898 3592 4024 3660 per
4059 3570 4409 3639 facilitare
4449 3592 4489 3639 a

708 3685 824 3754 chi
854 3685 1066 3775 legge
1095 3685 1165 3754 la
1193 3685 1583 3775 cognizion
1613 3685 2113 3767 dell’historia,
2146 3685 2490 3767 Venezia,
2522 3707 2648 3775 per
2675 3685 2728 3753 il
2756 3685 3206 3767 Franceschi,
3248 3685 3456 3767 1573,
3489 3685 3563 3753 in
3591 3686 3659 3767 4,
3692 3685 3819 3775 fig.

706 3798 792 3854 La
821 3796 1098 3854 versione
1128 3815 1161 3854 e
1192 3796 1527 3854 all’incirca
1555 3797 1757 3871 quella
1785 3797 1883 3854 del
1912 3796 2193 3864 Baldelli;
2227 3796 2364 3854 avvi
2394 3815 2512 3854 una
2540 3796 2910 3854 dedicatoria
2938 3815 2971 3854 e
3000 3815 3080 3854 un
3103 3796 3378 3871 proemio
3409 3796 3470 3854 di
3499 3796 3769 3854 Palladio
3802 3805 3993 3854 stesso
4024 3815 4057 3854 e
4086 3797 4166 3853 42
4196 3797 4396 3854 tavole
4425 3796 4487 3853 in

705 3911 887 3950 rame:
915 3892 1109 3967 prima
1132 3911 1165 3950 e
1188 3892 1456 3967 pregiata
1479 3892 1775 3950 edizione.

479 4089 686 4158 1099.
740 4089 1021 4157 GIULIO
1066 4089 1354 4170 Cesare,
1408 4088 1902 4157 Commentari
1952 4088 2141 4157 colle
2190 4088 2424 4178 figure
2473 4088 2547 4156 in
2594 4110 2790 4157 rame
2839 4088 2911 4157 di
2960 4088 3253 4157 Andrea
3299 4088 3645 4170 Palladio,
3698 4088 3770 4157 di
3819 4110 4064 4157 nuovo
4114 4088 4397 4157 corretti
4448 4110 4487 4157 e

706 4203 1124 4293 ristampati,
1161 4203 1505 4285 Venezia,
1541 4225 1793 4293 presso
1826 4203 2138 4272 Niccolò
2171 4203 2551 4285 Missirini,
2597 4203 2805 4285 1618,
2842 4203 2916 4271 in
2948 4204 3016 4285 4,
3054 4225 3093 4272 e
3126 4203 3200 4271 in
3233 4203 3405 4285 fine,
3442 4203 3787 4285 Venezia,
3823 4225 4074 4293 presso
4109 4203 4486 4272 Girolamo

706 4318 1063 4408 Foglietti,
1105 4318 1313 4400 1598,
1349 4318 1665 4387 seconda
1694 4318 2048 4387 edizione.

706 4430 1054 4504 Esemplare
1079 4430 1177 4487 del
1201 4431 1428 4487 Tuano.

479 4645 686 4713 1100.
735 4645 1082 4726 GOETHE,
1129 4644 1435 4734 Disegni
1480 4644 1830 4734 intagliati
1876 4666 1916 4713 a
1958 4644 2285 4713 contorni
2328 4644 2520 4734 presi
2565 4644 2756 4713 dalla
2798 4644 3349 4734 composizione
3391 4644 3678 4734 poetica
3720 4644 3792 4713 di
3837 4644 4120 4713 Goethe
4165 4666 4304 4713 con
4346 4666 4489 4713 una

705 4759 924 4828 breve
953 4759 1444 4828 illustrazione
1473 4759 1547 4827 in
1575 4759 1891 4828 tedesco.
1926 4759 2310 4849 Composti
2341 4759 2431 4828 ed
2460 4759 2766 4849 eseguiti
2797 4781 2936 4828 con
2965 4759 3252 4828 infinita
3280 4759 3540 4849 grazia,
3572 4770 3711 4828 tav.
3746 4759 3861 4828 26.

477 4991 570 5079 [p.
613 4989 776 5072 195]

479 5200 686 5268 1101.
734 5201 1058 5268 HOMERI
1095 5199 1366 5268 Illiadis
1411 5199 1814 5289 fragmenta
1856 5210 1925 5268 et
1965 5199 2305 5289 picturae:
2357 5199 2709 5268 accedunt
2753 5199 3031 5268 scholia
3072 5210 3314 5268 vetera
3357 5199 3446 5268 ad
3490 5199 3922 5289 Odysseam,
3969 5199 4144 5268 item
4186 5199 4486 5289 Didymi

706 5314 1180 5383 Alexandrini
1213 5336 1654 5383 marmorum
1686 5325 1756 5383 et
1786 5314 2149 5404 lignorum
2180 5336 2559 5383 mensurae
2593 5314 2849 5383 edente
2880 5314 3170 5404 Angelo
3202 5314 3409 5383 Maio
3441 5314 3911 5383 Ambrosiani
3945 5314 4261 5404 Collegii
4295 5314 4482 5383 doct.

708 5451 811 5498 ec.
844 5429 1251 5498 Mediolani
1281 5429 1531 5519 Regiis
1561 5429 1751 5519 typis
1791 5430 1999 5511 1819,
2032 5429 2106 5497 in
2135 5429 2262 5498 fol.

709 5541 873 5598 Sono
905 5540 981 5598 58
1014 5540 1097 5615 gli
1128 5540 1349 5598 antichi
1379 5540 1698 5615 fragmenti
1728 5540 2020 5615 intagliati
2050 5559 2083 5598 e
2111 5540 2442 5615 pubblicati
2471 5540 2533 5597 in
2562 5541 2966 5615 quest’opera,
2998 5559 3120 5598 non
3149 5541 3338 5598 molto
3369 5540 3651 5598 dissimili
3679 5559 3787 5615 per
3815 5541 3875 5598 lo
3908 5540 4040 5598 stile
4070 5541 4147 5598 da
4175 5540 4360 5615 quelli
4390 5541 4488 5598 del

707 5636 939 5694 Codice
965 5636 1303 5711 Virgiliano
1331 5655 1364 5694 e
1392 5637 1490 5694 del
1516 5636 1887 5694 Terenziano
1914 5637 2075 5694 nella
2100 5636 2339 5694 libreria
2363 5636 2658 5694 Vaticana
2684 5636 2784 5711 già
2808 5636 2934 5694 noti
2961 5655 2994 5694 e
3020 5636 3368 5711 pubblicati.
3398 5636 3557 5694 Vedi
3584 5638 3956 5694 TISCHBEIN.
3986 5636 4145 5694 Vedi
4171 5648 4258 5693 DE
4279 5638 4487 5694 PASSE

707 5733 986 5790 CRISPIN.

487 5929 694 5997 1102.
743 5930 1079 5997 HORATII
1121 5928 1383 6010 Flacci,
1433 5929 1673 6018 Opera
1715 5928 1859 5997 vol.
1909 5929 1953 5996 2
1998 5928 2072 5996 in
2120 5929 2183 6010 8,
2232 5950 2322 6018 g.,
2370 5928 2682 5997 Londini
2729 5928 2970 5997 aeneis
3015 5928 3277 5997 tabulis
3323 5928 3576 5997 incidit
3616 5928 3978 5997 Johannes
4024 5928 4219 6010 Pine,
4276 5929 4483 6010 1733,

708 6043 1107 6133 esemplare
1136 6043 1210 6111 in
1239 6065 1411 6112 mar.
1446 6043 1594 6112 dor.

706 6154 985 6212 Tuttociò
1011 6154 1122 6212 che
1146 6155 1323 6212 tende
1349 6155 1424 6212 ad
1447 6154 1740 6212 illustrare
1765 6163 1975 6229 questa
2000 6154 2315 6229 splendida
2338 6154 2616 6212 edizione
2640 6154 2864 6212 trovasi
2889 6154 2989 6229 già
3011 6154 3109 6212 nei
3132 6154 3499 6229 bibliografi.

483 6369 690 6437 1103.
744 6370 990 6437 LANZI
1032 6368 1266 6458 Luigi,
1319 6368 1414 6436 Di
1463 6368 1737 6437 Esiodo
1786 6369 2086 6437 Ascreo:
2143 6370 2172 6436 I
2219 6368 2480 6437 Lavori
2532 6390 2571 6437 e
2620 6368 2688 6437 le
2738 6368 3103 6450 Giornate,
3157 6390 3375 6458 opera
3423 6390 3562 6437 con
3612 6368 3706 6437 50
3757 6368 3995 6437 codici
4044 6368 4483 6450 riscontrata,

2171 6657 2347 6694 WWW.
2358 6637 2734 6710 memofonte.
2748 6639 2791 6694 il
