4958 7017
1981 864 2366 922 Fondazione
2390 864 2775 922 Memofonte
2800 865 2976 922 onlus

1390 960 1600 1018 Studio
1624 979 1731 1035 per
1754 960 2226 1018 l’elaborazione
2250 960 2632 1018 informatica
2655 961 2813 1018 delle
2838 960 2991 1018 fonti
3018 960 3571 1018 storico—artistiche

479 1247 866 1321 Dialogismo
891 1247 1211 1305 simbolico
1229 1267 1348 1321 per
1370 1268 1490 1305 una
1501 1248 1667 1321 festa
1695 1250 1753 1305 in
1779 1249 1960 1305 Siena
1987 1259 2118 1315 etc.,
2152 1248 2325 1305 1414.

479 1391 751 1465 Dialogo
776 1392 877 1449 de’
903 1392 1151 1465 giuochi
1174 1391 1332 1449 nelle
1358 1391 1551 1465 veglie
1576 1394 1799 1459 sanesi,
1834 1391 2008 1449 1632.

487 1681 565 1754 [p.
593 1681 735 1749 XXV]

479 1966 751 2040 Dialogo
776 1986 962 2040 sopra
989 1966 1043 2024 le
1070 1978 1156 2024 tre
1181 1969 1299 2024 arti
1322 1966 1423 2024 del
1445 1967 1719 2040 disegno,
1747 1967 1826 2023 24
1851 1985 1884 2024 e
1909 1966 2005 2024 25.

479 2110 776 2184 Dialoghi
799 2111 862 2168 di
886 2131 964 2168 un
989 2122 1262 2168 amatore
1287 2110 1388 2168 del
1411 2130 1553 2168 vero
1571 2130 1690 2184 per
1712 2110 1771 2168 la
1796 2110 2042 2168 Felsina
2060 2113 2322 2184 pittrice,
2350 2110 2530 2168 2254.

479 2254 776 2328 Dialoghi
799 2255 862 2312 di
887 2266 1029 2312 tutte
1056 2254 1110 2312 le
1136 2274 1278 2312 cose
1303 2254 1560 2312 notabili
1583 2255 1646 2312 di
1674 2257 1948 2322 Venezia,
1975 2254 2156 2312 4362.

479 2400 699 2455 Diario
724 2397 882 2455 delle
894 2398 1055 2471 feste
1073 2417 1192 2471 per
1216 2397 1402 2455 Carlo
1432 2400 1522 2465 VI,
1557 2398 1730 2456 1489.

479 2544 699 2599 Diario
724 2541 882 2599 delle
907 2541 1209 2599 solennità
1227 2561 1346 2615 per
1370 2541 1556 2599 Carlo
1586 2544 1703 2609 VII,
1737 2541 1910 2599 1510.

481 2685 727 2753 Dibdin,
758 2685 1245 2759 Typographical
1266 2688 1632 2759 antiquities,
1659 2685 1841 2744 4649.

481 2828 727 2896 Dibdin,
752 2828 1135 2886 Bibliotheca
1161 2830 1591 2902 Spenceriana,
1618 2828 1799 2886 4650.

481 2972 751 3040 Diderot,
777 2975 956 3030 Essai
979 2992 1086 3030 sur
1108 2972 1167 3030 la
1185 2975 1485 3046 peinture,
1519 2973 1651 3031 109.

479 3117 954 3180 Dichiarazione
979 3117 1042 3174 di
1067 3116 1345 3174 emblemi
1369 3119 1676 3174 contenuti
1702 3119 1760 3174 in
1787 3137 1906 3174 una
1932 3119 2196 3184 cornice,
2230 3117 2403 3174 1882.

479 3261 954 3324 Dichiarazione
979 3260 1144 3334 degli
1167 3263 1452 3334 apparati
1478 3263 1535 3318 in
1560 3272 1750 3318 morte
1775 3261 1838 3318 di
1859 3263 1931 3318 D.
1966 3262 2274 3334 Giuseppe
2300 3262 2696 3324 Scaramuzza
2726 3263 3009 3328 Visconti,
3044 3260 3218 3319 1509.

479 3404 954 3467 Dichiarazione
979 3403 1137 3461 delle
1155 3406 1380 3477 pitture
1405 3403 1567 3461 della
1593 3403 1737 3461 Sala
1760 3404 2100 3471 Barberini,
2135 3403 2309 3471 1254,
2339 3404 2516 3461 3382.

479 3548 954 3611 Dichiarazione
979 3547 1142 3605 della
1171 3547 1469 3621 Cappella
1493 3547 1594 3605 del
1620 3547 1899 3621 Collegio
1928 3547 2323 3615 Clementino,
2358 3547 2530 3605 1255.

479 3694 903 3749 Dictionnaire
928 3692 1036 3749 des
1060 3703 1186 3749 arts
1212 3703 1270 3749 et
1291 3692 1399 3749 des
1423 3694 1716 3759 sciences,
1744 3691 1924 3749 2158.

479 3838 903 3893 Dictionnaire
928 3836 1160 3909 abrege'
1181 3836 1256 3893 de
1273 3838 1553 3909 peinture
1580 3847 1638 3893 et
1659 3836 2081 3903 architecture,
2109 3835 2290 3894 2159.

479 3981 903 4036 Dictionnaire
929 3979 1262 4052 historique
1287 3979 1362 4036 de
1389 3990 1522 4036 tous
1548 3978 1635 4036 les
1660 3979 1929 4036 hommes
1955 3990 2060 4036 etc.
2094 3990 2225 4046 etc.,
2253 3978 2434 4036 2160.

479 4125 903 4180 Dictionnaire
929 4122 1476 4196 bibliographique,
1508 4123 1855 4196 historique,
1889 4134 1947 4180 et
1969 4125 2242 4196 critique,
2269 4122 2450 4180 4651.

479 4269 881 4340 Dictionnary
906 4267 981 4340 of
991 4278 1117 4324 arts
1141 4267 1267 4324 and
1288 4269 1561 4324 sciences
1587 4278 1718 4334 etc.,
1746 4266 1926 4324 2157.

481 4410 681 4468 Diedo
706 4411 866 4478 Ant.,
892 4410 1112 4484 Elogio
1137 4411 1200 4468 di
1218 4412 1483 4468 Antonio
1508 4410 1703 4478 Selva,
1731 4410 1910 4468 2255.

481 4553 681 4611 Diedo
706 4554 866 4621 Ant.,
892 4553 1112 4627 Elogio
1137 4554 1200 4611 di
1221 4553 1482 4611 Daniele
1505 4554 1805 4621 Barbaro,
1833 4553 2012 4611 2256.

481 4697 681 4755 Diedo
706 4698 866 4765 Ant.,
891 4700 1194 4755 Memoria
1219 4700 1314 4755 sui
1337 4698 1565 4771 soﬂitti,
1593 4698 1732 4756 908.

481 4841 814 4909 Dietterlin,
839 4844 934 4899 De
960 4844 1225 4915 quinque
1251 4841 1668 4899 columnarum
1692 4844 2053 4915 symmetria,
2080 4842 2220 4900 491.

479 4986 694 5059 Difesa
712 5005 831 5059 per
853 4985 912 5043 la
937 4988 1094 5043 serie
1119 4986 1221 5043 de’
1240 4986 1485 5059 prefetti
1509 4986 1572 5043 di
1593 4988 1805 5053 Roma,
1834 4986 2012 5043 3213.

479 5131 955 5192 Dimostrazioni
965 5129 1187 5202 festive
1205 5148 1324 5202 per
1342 5131 1656 5186 Ranuccio
1681 5131 1969 5196 Farnese,
2004 5128 2177 5186 1465.

481 5272 728 5330 Diodati
752 5272 946 5347 Luigi,
978 5275 1108 5330 Vita
1133 5272 1257 5330 dell
1270 5273 1380 5330 ’ab.
1412 5275 1464 5329 F
1465 5273 1583 5330 erd.
1618 5272 1908 5340 Galliani,
1936 5272 2116 5330 2257.

481 5416 732 5491 Dionigi
756 5418 989 5484 Marco,
1021 5419 1237 5490 Viaggi
1259 5417 1322 5474 di
1345 5416 1563 5474 alcune
1589 5418 1732 5474 città
1757 5416 1858 5474 del
1878 5419 2080 5484 Lazio,
2110 5417 2288 5474 3701.

481 5559 763 5617 Dionisio
789 5559 1032 5627 Alicar.,
1057 5559 1235 5617 Delle
1261 5579 1404 5617 cose
1429 5560 1672 5617 antiche
1697 5560 1760 5617 di
1781 5562 1992 5627 Roma,
2022 5560 2200 5617 3702.

481 5703 722 5761 Dionisi
748 5703 908 5771 Gio.,
933 5706 1231 5761 Memorie
1256 5704 1356 5761 dei
1380 5704 1599 5777 quadri
1622 5703 1785 5761 della
1810 5703 2024 5761 scuola
2049 5704 2112 5761 di
2135 5705 2186 5761 S.
2221 5705 2314 5771 G.,
2348 5703 2521 5761 1256.

481 5847 722 5905 Dionisi
748 5847 886 5905 Gio.
914 5849 1161 5922 Jacopo,
1186 5850 1512 5911 Dissertaz.
1544 5847 1707 5905 della
1733 5849 1876 5905 città
1901 5848 2003 5905 de’
2021 5850 2298 5921 preconi,
2325 5847 2505 5905 2572.

481 5991 777 6049 Dionisiis
802 5993 945 6059 Jac.,
970 5994 1065 6049 De
1090 5994 1346 6049 monetis
1371 5992 1825 6059 veronensibus,
1853 5992 2033 6049 2820.

479 6137 777 6192 Discorso
802 6134 960 6192 delle
988 6137 1236 6208 insegne
1254 6137 1424 6208 pinte
1449 6134 1606 6192 delle
1618 6134 1900 6208 famiglie
1925 6134 2135 6202 nobili,
2170 6134 2343 6192 1633.

479 6281 777 6336 Discorso
802 6298 988 6352 sopra
1015 6278 1074 6336 la
1099 6279 1484 6336 mascherata
1509 6278 1672 6336 della
1697 6278 2064 6352 genealogia
2088 6278 2253 6352 degli
2274 6281 2411 6346 Dei,
2446 6278 2619 6336 1375.

479 6425 777 6480 Discorso
802 6442 988 6496 sopra
1015 6422 1384 6486 l’iscrizione
1409 6422 1572 6480 della
1601 6422 1881 6480 Colonna
1904 6425 2207 6490 Rostrata,
2237 6423 2415 6480 3110.

2171 6657 2347 6694 WWW.
2358 6637 2734 6710 memofonte.
2748 6639 2791 6694 it
