4958 7017
1981 864 2366 922 Fondazione
2390 838 2775 922 Memofonte
2800 865 2976 922 onlus

1390 960 1600 1018 Studio
1624 979 1731 1035 per
1754 960 2226 1018 l’elaborazione
2250 960 2632 1018 informatica
2655 961 2813 1018 delle
2838 960 2991 1018 fonti
3018 960 3571 1018 storico—artistiche

713 1247 911 1305 avanti
946 1247 1423 1305 l’avvenimento
1457 1266 1564 1322 per
1597 1247 1694 1305 cui
1733 1247 1782 1305 si
1815 1266 2003 1322 ruppe
2038 1248 2096 1305 la
2130 1247 2354 1305 lamina
2387 1247 2599 1305 ultima
2632 1247 3147 1322 dell’Apocalisse
3183 1266 3217 1305 a
3248 1266 3384 1322 pag.
3430 1247 3544 1305 146
3580 1248 3678 1305 del
3715 1248 3982 1305 secondo
4018 1248 4263 1305 volume
4298 1266 4331 1305 e
4366 1266 4489 1305 non

712 1343 1003 1418 veggansi
1057 1343 1119 1400 in
1173 1344 1374 1418 quella
1429 1352 1661 1418 stampa
1713 1343 1733 1400 i
1789 1343 1958 1418 segni
2013 1343 2111 1401 dei
2165 1343 2370 1401 chiodi
2424 1343 2535 1401 che
2592 1343 2900 1401 servirono
2953 1362 3060 1418 per
3113 1344 3550 1401 accomodarla.
3609 1344 4012 1418 Quantunque
4066 1343 4261 1418 questi
4318 1343 4487 1418 segni

714 1439 1109 1497 s’incontrino
1136 1440 1235 1497 nel
1261 1448 1466 1497 nostro
1494 1440 1828 1514 esemplare
1855 1440 1888 1497 e
1914 1458 2036 1497 non
2060 1448 2330 1514 pertanto
2358 1439 2419 1497 di
2444 1439 2783 1497 bellissima
2808 1439 3300 1507 conservazione;
3330 1458 3430 1497 ma
3455 1440 3511 1497 le
3539 1439 3645 1497 arti
3670 1458 3830 1514 poco
3856 1458 4126 1514 possono
4154 1439 4487 1497 consolarsi

712 1536 773 1593 di
807 1535 1288 1610 quest’edizione
1322 1544 1671 1593 consecrata
1705 1554 1739 1593 a
1770 1554 1850 1593 un
1883 1536 2050 1593 lusso
2086 1544 2405 1610 apparente
2439 1554 2472 1593 e
2505 1554 2627 1593 non
2659 1544 2829 1593 tratta
2861 1536 2938 1593 da
2970 1535 3205 1610 disegni
3237 1535 3499 1610 preziosi
3533 1554 3566 1593 e
3599 1554 3721 1593 non
3754 1535 4062 1610 intagliata
4094 1554 4211 1593 con
4244 1544 4420 1610 gusto
4455 1554 4488 1593 e

714 1650 926 1706 sapore
951 1632 1241 1689 dell’arte.

475 1827 690 1895 2041.
725 1828 1096 1895 HISTOIRE
1121 1826 1247 1895 des
1279 1828 1524 1895 Yncas
1556 1826 1734 1895 Rois
1767 1826 1862 1895 du
1891 1828 2120 1895 Perou
2149 1826 2451 1895 traduite
2482 1826 2571 1895 de
2601 1826 3013 1916 l’espagnol
3044 1826 3133 1895 de
3163 1826 3433 1895 l’Ynca
3462 1826 3877 1895 Garcilasso
3909 1826 3998 1895 de
4028 1826 4098 1895 la
4126 1828 4354 1916 Vega:
4392 1848 4487 1895 on

714 1963 754 2010 a
779 1941 970 2031 joint
1006 1942 1046 2010 à
1081 1952 1264 2010 cette
1301 1941 1574 2010 edition
1610 1941 1967 2010 l’histoire
2004 1941 2093 2010 de
2129 1941 2199 2010 la
2234 1942 2589 2031 conquète
2626 1941 2715 2010 de
2752 1941 2822 2010 la
2855 1941 3140 2010 Floride
3175 1963 3301 2031 par
3335 1941 3404 2010 le
3440 1942 3680 2010 meme
3719 1952 3964 2010 auteur
4000 1963 4176 2010 avec
4213 1941 4485 2031 figures

713 2056 1083 2125 dessinées
1113 2078 1239 2146 par
1267 2058 1349 2125 B.
1383 2056 1615 2125 Picart
1642 2056 1710 2125 le
1740 2056 2074 2138 Romain,
2106 2056 2570 2125 Amsterdam
2607 2057 2815 2138 1787,
2848 2056 2992 2125 vol.
3027 2057 3093 2138 2,
3126 2056 3200 2124 in
3228 2057 3296 2138 4,
3330 2078 3427 2146 gr.

714 2168 878 2225 Sono
933 2168 1003 2225 18
1053 2168 1109 2225 le
1154 2168 1314 2225 belle
1364 2176 1612 2242 stampe,
1662 2167 1774 2225 che
1819 2168 2090 2225 rendono
2136 2167 2414 2242 preziosa
2459 2186 2492 2225 e
2537 2167 2855 2242 piacevole
2902 2176 3113 2242 questa
3158 2167 3455 2235 edizione,
3505 2168 3563 2225 la
3609 2168 3786 2242 quale
3833 2168 3866 2225 e
3913 2167 4235 2225 utilissima
4279 2186 4386 2242 per
4431 2168 4489 2225 la

710 2263 1272 2338 rappresentazione
1297 2264 1392 2321 de’
1424 2263 1684 2321 costumi
1709 2263 1770 2321 di
1795 2264 1994 2338 quelle
2018 2263 2276 2321 nazioni.

479 2476 557 2549 [p.
588 2474 729 2544 350]

475 2671 690 2739 2042.
732 2672 1292 2739 HISTORIARUM
1329 2670 1591 2739 veteris
1630 2670 2069 2739 Testamenti
2108 2672 2362 2739 Icones
2403 2670 2492 2739 ad
2529 2670 2782 2739 vivum
2819 2692 3197 2760 expressse
3233 2692 3376 2739 una
3412 2692 3581 2739 cura
3614 2670 3839 2752 brevi,
3883 2670 4010 2739 sed
4046 2670 4287 2760 quoad
4324 2670 4485 2739 fieri

706 2785 958 2875 potuit,
992 2785 1311 2854 dilucida
1339 2785 1757 2854 earumdem
1786 2785 2264 2875 expositione,
2296 2785 2757 2875 Antuerpiae,
2792 2785 2981 2875 apud
3008 2787 3362 2854 Joannem
3392 2785 3802 2867 Steelsium,
3844 2785 4052 2867 1540,
4085 2785 4159 2853 in
4187 2786 4255 2867 4,
4287 2807 4481 2875 parv.

707 2900 833 2990 fig.

714 3012 878 3069 Sono
914 3011 1108 3086 questi
1143 3020 1517 3086 quarantotto
1553 3011 1831 3086 foglietti,
1869 3011 1967 3069 dei
2002 3011 2164 3086 quali
2198 3011 2278 3069 46
2313 3020 2695 3086 contengono
2732 3012 2811 3070 92
2846 3012 3046 3069 tavole
3080 3011 3142 3068 in
3176 3012 3355 3086 legno
3391 3011 3452 3069 di
3486 3030 3608 3069 non
3644 3011 4021 3086 spregievole
4056 3020 4333 3069 maestro.
4371 3012 4488 3069 Nel

710 3106 905 3181 primo
937 3106 1214 3181 foglietto
1248 3115 1336 3164 sta
1364 3106 1407 3163 il
1439 3106 1832 3181 frontespizio
1864 3106 2122 3181 figurato
2154 3125 2187 3164 e
2219 3125 2253 3164 a
2281 3115 2448 3181 tergo
2479 3125 2559 3164 un
2590 3106 2802 3164 avviso
2835 3107 2890 3164 al
2921 3107 3148 3174 lettore,
3181 3106 3545 3164 nell’ultimo
3577 3106 3880 3181 l’insegna
3909 3107 4071 3164 dello
4105 3115 4482 3181 stampatore:

714 3202 1184 3277 superiormente
1210 3203 1285 3260 ad
1309 3202 1452 3277 ogni
1476 3203 1679 3260 tavola
1703 3203 1736 3260 e
1760 3202 1803 3259 il
1826 3221 2008 3277 passo
2034 3203 2132 3260 del
2158 3202 2383 3260 Genesi
2409 3221 2443 3260 a
2466 3202 2564 3260 cui
2590 3203 2806 3260 allude.

471 3399 686 3467 2043.
750 3400 1127 3467 HOLBEIN.
1187 3398 1547 3488 Imagines
1607 3398 1892 3467 Mortis:
1957 3398 2069 3467 his
2132 3409 2588 3467 accesserunt
2646 3398 3164 3488 epigratnmata
3222 3420 3261 3467 e
3322 3398 3588 3488 gallico
3648 3398 3994 3467 idiomate
4053 3398 4127 3466 in
4186 3398 4489 3467 latinum

711 3513 1017 3595 traslata,
1051 3513 1407 3582 Coloniae
1445 3513 1653 3595 1557,
1686 3513 1761 3581 in
1799 3514 1906 3582 12.
1940 3513 2149 3603 figur.

713 3625 940 3696 Questa
969 3625 1002 3682 e
1032 3624 1422 3682 un’edizione
1453 3624 1746 3699 originale
1777 3625 1935 3682 colle
1968 3633 2155 3682 stesse
2187 3624 2262 3682 53
2296 3625 2514 3692 tavole,
2548 3624 2663 3682 clic
2693 3624 3078 3699 pretendonsi
3108 3624 3415 3699 intagliate
3446 3625 3523 3682 da
3552 3624 3816 3682 Holbein
3846 3624 4202 3682 medesimo:
4238 3643 4338 3682 ma
4366 3643 4488 3682 non

711 3729 855 3778 tutte
882 3720 1044 3778 forse
1070 3720 1131 3778 di
1160 3739 1266 3778 sua
1290 3739 1490 3788 mano,
1518 3720 1868 3778 trovandosi
1893 3720 1955 3777 in
1981 3721 2194 3778 alcune
2220 3721 2278 3778 la
2302 3739 2504 3778 marca
2528 3721 2602 3788 A,
2631 3739 2778 3778 cosa
2801 3739 2923 3778 non
2949 3720 3196 3778 avertita
3220 3721 3297 3778 da
3320 3720 3613 3795 Papillon,
3642 3720 3754 3778 che
3780 3720 3984 3778 indicò
4013 3721 4345 3778 solamente
4370 3739 4489 3778 una

712 3815 1047 3873 differenza
1074 3815 1137 3872 in
1167 3816 1380 3873 alcune
1409 3816 1628 3883 tavole,
1662 3815 1943 3890 aggiunte
1973 3816 2131 3873 nelle
2161 3815 2426 3873 edizioni
2454 3815 2773 3890 posteriori
2804 3816 2921 3873 alla
2947 3815 3157 3890 prima,
3188 3834 3295 3890 per
3324 3834 3464 3873 aver
3492 3824 3701 3890 queste
3731 3816 3829 3873 nel
3859 3824 4151 3873 contorno
4181 3834 4300 3873 una
4329 3815 4488 3873 linea

714 3912 860 3979 sola,
890 3920 1117 3969 mentre
1145 3912 1201 3969 le
1230 3912 1373 3969 altre
1400 3930 1475 3969 ne
1502 3911 1701 3969 hanno
1730 3912 1863 3969 due.
1894 3913 1980 3969 La
2006 3912 2212 3969 lettera
2237 3912 2310 3969 A.
2340 3912 2631 3986 potrebbe
2659 3911 2820 3969 forse
2850 3911 3195 3986 significare
3222 3912 3365 3969 Abr.
3396 3913 3601 3986 Bruyn
3628 3911 3739 3969 che
3767 3911 3962 3969 infatti
3989 3911 4051 3968 in
4078 3911 4339 3969 Colonia
4365 3930 4398 3969 e
4425 3911 4487 3968 in

714 4007 996 4065 Svizzera
1024 4007 1273 4082 intaglia
1302 4007 1538 4065 diverse
1569 4026 1751 4082 opere
1781 4007 1843 4064 in
1873 4008 2012 4082 quel
2042 4016 2265 4082 tempo.
2302 4008 2578 4065 Sebbene
2609 4007 2938 4065 l’edizione
2968 4026 3091 4065 non
3121 4016 3419 4082 contenga
3449 4008 3505 4065 le
3534 4007 3726 4082 prime
3756 4026 3944 4082 prove
3973 4007 4078 4082 più
4108 4007 4344 4065 fresche
4375 4007 4486 4065 che

713 4122 1041 4178 apparvero
1070 4104 1148 4161 20
1178 4103 1315 4161 anni
1341 4103 1551 4178 prima,
1581 4104 1928 4161 nullameno
1955 4104 2077 4178 può
2106 4104 2183 4161 da
2209 4112 2419 4178 questa
2446 4103 2723 4161 formarsi
2752 4103 3154 4161 chiaramente
3182 4103 3370 4161 l’idea
3396 4104 3585 4161 d’uno
3614 4103 3712 4161 dei
3738 4103 3843 4178 più
3868 4103 4130 4178 preziosi
4158 4103 4348 4161 lavori
4376 4103 4487 4161 che

712 4199 874 4257 vanti
899 4199 1246 4257 l’incisione
1270 4199 1333 4256 in
1357 4200 1555 4274 legno.

713 4296 952 4367 Quanto
992 4296 1047 4353 al
1084 4304 1237 4353 testo
1276 4295 1337 4353 di
1375 4304 1588 4370 questo
1625 4295 1932 4353 rarissimo
1971 4295 2207 4353 libretto
2245 4295 2510 4353 trovansi
2548 4296 2604 4353 le
2645 4295 2916 4370 seguenti
2954 4314 3154 4370 opere,
3195 4296 3344 4353 oltre
3382 4295 3720 4370 gl’indicati
3759 4295 4133 4370 epigrammi:
4174 4296 4487 4353 Medicina

706 4392 962 4448 Animae
1007 4410 1038 4448 e
1081 4390 1309 4464 gallico
1355 4391 1639 4448 idiomate
1682 4411 1720 4448 a
1765 4392 2036 4464 Georgio
2074 4390 2334 4448 Aemilio
2380 4393 2438 4448 in
2483 4390 2733 4448 latinum
2776 4390 3096 4448 translata:
3141 4390 3490 4448 Paracelsis
3532 4391 3616 4448 ad
3648 4390 3997 4464 pericalose
4040 4391 4480 4458 decambentes,

715 4488 1005 4560 Cypriani
1030 4489 1226 4560 Episc.
1261 4506 1460 4544 sermo
1488 4487 1563 4544 de
1594 4486 2053 4554 immortalitate,
2089 4489 2288 4544 oratio
2316 4487 2399 4544 ad
2421 4489 2619 4544 Deam
2645 4506 2725 4560 ap
2751 4498 3068 4560 aegrotam
3095 4487 3369 4554 dicenda,
3407 4488 3621 4544 Oratio
3649 4487 3732 4544 ad
3759 4487 3949 4544 Chris.
3987 4489 4045 4544 in
4073 4489 4247 4560 gravi
4273 4487 4487 4544 morbo

711 4583 986 4650 dicenda,
1020 4585 1163 4640 Divi
1195 4583 1609 4656 Chrysostomi
1637 4583 1712 4640 de
1735 4585 2053 4656 patientia.
2085 4583 2133 4639 Il
2163 4582 2334 4650 libro,
2367 4601 2684 4657 compreso
2714 4582 2758 4639 il
2788 4582 3180 4657 frontespizio
3211 4601 3244 4640 e
3274 4582 3535 4640 l’ultima
3563 4591 3723 4640 carta
3749 4582 3982 4650 bianca,
4015 4583 4048 4640 e
4078 4591 4396 4657 composto
4427 4582 4488 4640 di

719 4679 833 4736 100
881 4678 1157 4753 foglietti,
1206 4678 1527 4736 notandosi
1573 4678 1616 4735 il
1663 4697 1844 4736 nome
1891 4679 2053 4736 dello
2104 4687 2463 4753 stampatore
2512 4679 2603 4736 sul
2651 4678 3044 4753 frontespizio
3092 4679 3252 4736 colla
3299 4697 3406 4736 sua
3451 4697 3652 4736 marca
3697 4679 3931 4736 Arnold
3976 4678 4318 4736 Birckman.
4369 4679 4484 4753 Ap.

712 4775 1036 4842 Haeredes,
1071 4774 1244 4832 1557.

711 4872 938 4945 Legato
965 4870 1223 4928 assieme
1249 4889 1283 4928 a
1306 4879 1519 4945 questo
1545 4870 1698 4928 libro
1723 4871 1756 4928 e
1780 4870 1823 4927 il
1850 4879 2152 4945 seguente.

709 4966 949 5039 Hoﬂeri
972 4968 1054 5023 lo.
1092 4966 1498 5039 Cobargensii
1521 4968 1738 5023 Icones
1768 4966 2177 5023 Catecheseos
2205 4977 2263 5023 et
2288 4968 2579 5033 virtatam,
2613 4985 2689 5023 ac
2717 4968 2995 5023 vitioram
3024 4965 3360 5023 illastratae
3387 4968 3665 5023 nameris.
3697 4968 3845 5023 Item
3869 4968 4145 5023 Historia
4171 4968 4488 5023 Passionis

709 5064 768 5118 D
797 5064 865 5119 N.
903 5064 943 5119 1.
987 5062 1178 5119 Chris.
1217 5062 1520 5135 Eﬂigiata,
1565 5062 1982 5135 Vitembergae
2017 5062 2353 5119 excadebat
2380 5064 2462 5119 lo.
2506 5063 2692 5119 Crato
2727 5062 2906 5119 1558.
2945 5062 3109 5119 Sono
3143 5070 3351 5136 queste
3384 5062 3457 5119 71
3496 5062 3696 5119 tavole
3728 5061 4034 5136 intagliate
4066 5061 4129 5118 in
4161 5062 4341 5136 legno
4375 5061 4487 5119 che

712 5157 989 5232 figurano
1033 5157 1053 5214 i
1095 5157 1343 5232 precetti
1387 5158 1485 5215 del
1528 5158 1861 5232 Decalogo,
1907 5157 1950 5214 il
1996 5157 2271 5215 Simbolo
2316 5157 2478 5232 degli
2521 5157 2823 5232 Apostoli,
2869 5157 2889 5214 i
2935 5157 3320 5225 Sacramenti,
3367 5158 3423 5215 le
3466 5157 3639 5215 Virtù
3682 5158 3759 5215 ed
3801 5157 3821 5214 i
3865 5157 4003 5225 vizi,
4050 5176 4083 5215 e
4127 5158 4185 5215 la
4227 5157 4349 5215 vita
4391 5158 4488 5215 del

711 5254 1068 5321 Redentore,
1107 5272 1224 5311 con
1259 5253 1279 5310 i
1313 5253 1547 5311 relativi
1584 5253 1941 5328 epigrammi
1978 5254 2053 5311 ad
2088 5253 2232 5328 ogni
2271 5262 2564 5328 soggetto.
2604 5253 2933 5328 L’intaglio
2970 5254 3003 5311 e
3040 5253 3101 5311 di
3137 5253 3392 5328 qualche
3427 5253 3655 5328 pregio.
3695 5254 3775 5310 Al
3811 5253 4051 5311 decimo
4086 5262 4352 5328 precetto
4389 5254 4487 5311 del

711 5350 1026 5424 Decalogo
1059 5349 1318 5424 figurato
1351 5350 1511 5407 colla
1541 5349 1770 5407 Castità
1800 5349 1861 5407 di
1894 5349 2203 5424 Giuseppe
2237 5368 2387 5407 sono
2420 5350 2536 5407 due
2568 5349 2827 5407 marche.
2862 5351 2948 5407 La
2981 5349 3285 5424 superiore
3316 5351 3358 5407 I.
3393 5351 3457 5407 L.
3493 5350 3561 5407 C.
3596 5351 3662 5407 T.
3697 5349 4058 5407 L’inferiore
4089 5351 4163 5407 D.
4198 5351 4268 5407 B.
4311 5349 4485 5417 1557,

713 5445 1008 5502 amendue
1052 5444 1114 5501 in
1158 5445 1274 5502 due
1319 5444 1643 5502 cartelline:
1693 5444 1995 5502 direbbesi
2040 5444 2151 5502 che
2196 5444 2609 5519 quest’ultima
2653 5444 2995 5519 appartiene
3041 5463 3075 5502 a
3117 5463 3197 5502 un
3240 5444 3617 5519 intagliatore
3661 5444 4179 5519 Vitemberghese,
4227 5445 4486 5502 essendo

710 5540 993 5615 riportata
1017 5540 1205 5598 anche
1230 5541 1307 5598 da
1330 5540 1489 5598 Crist
1512 5559 1545 5598 e
1570 5541 1628 5598 la
1649 5540 1843 5615 prima
1867 5541 1922 5598 al
1947 5540 2345 5615 disegnatore.

471 5737 686 5805 2044.
724 5738 1083 5805 HOLBEIN
1109 5738 1305 5818 Jean,
1343 5737 1619 5805 Oevres
1655 5736 1830 5805 dont
1861 5736 1931 5805 la
1961 5736 2313 5826 premiere
2346 5736 2571 5826 partie
2605 5747 2713 5805 est
2751 5738 2844 5826 [p.
2884 5736 3054 5819 351]
3095 5736 3163 5805 le
3195 5736 3552 5826 triomphe
3586 5736 3675 5805 de
3708 5736 3778 5805 la
3808 5738 4030 5818 Mort;
4067 5736 4137 5805 la
4171 5736 4486 5805 seconde

712 5851 782 5920 la
809 5851 1111 5920 Passion
1141 5851 1230 5920 de
1258 5852 1483 5920 Nòtre
1514 5851 1888 5941 Seigneur;
1921 5851 1991 5920 la
2017 5851 2386 5920 troisième
2424 5852 2510 5919 12
2542 5862 2908 5920 costumes
2942 5851 3211 5920 suisses
3243 5851 3338 5920 du
3370 5851 3685 5920 sezième
3718 5851 3962 5933 siecle;
3995 5851 4065 5920 la
4092 5851 4488 5941 quatrième

721 5967 807 6034 12
846 5966 1221 6035 differents
1259 5966 1587 6056 portraits
1627 5966 2043 6035 d’hommes
2082 5966 2393 6035 illustres
2433 5966 2528 6035 du
2564 5967 2804 6035 meme
2843 5967 2996 6056 àge,
3037 5966 3275 6048 Basle,
3317 5966 3494 6035 chez
3534 5966 3873 6035 Chrétien
3909 5966 4226 6048 Mechel,
4276 5967 4484 6048 1780,

712 6081 839 6150 fol.
888 6082 1226 6171 Ouvrage
1272 6082 1766 6171 accompagné
1810 6081 2370 6171 d’explications
2414 6081 2847 6171 historiques
2893 6092 2962 6150 et
3004 6081 3341 6171 critiques
3387 6092 3456 6150 et
3498 6081 3587 6150 de
3630 6081 3700 6150 la
3742 6081 3860 6150 vie
3904 6081 3993 6150 de
4037 6092 4150 6150 cet
4191 6081 4487 6150 fameux

711 6196 1005 6286 peintre.

711 6309 778 6364 In
810 6316 958 6365 tutto
995 6326 1146 6365 sono
1180 6307 1242 6364 in
1275 6316 1488 6382 questo
1523 6308 1769 6365 volume
1804 6307 1882 6365 50
1916 6308 2116 6365 tavole
2150 6326 2267 6365 con
2300 6308 2485 6365 molte
2520 6307 2715 6382 figure
2747 6326 2854 6382 per
2886 6307 3289 6365 ciascheduna
3320 6307 3627 6382 intagliate
3661 6326 3779 6365 con
3813 6316 4198 6365 accuratezza
4232 6326 4483 6365 somma.

711 6403 870 6461 Vedi
894 6403 1148 6461 Merian.

2171 6657 2347 6694 WWW.
2358 6637 2734 6710 memofonte.
2748 6639 2791 6694 it
