4958 7017
1981 864 2366 922 Fondazione
2390 841 2775 922 Mernofonte
2800 865 2976 922 onlus

1390 960 1600 1018 Studio
1624 979 1731 1035 per
1754 960 2226 1018 l’elaborazione
2250 960 2632 1018 informatica
2655 961 2813 1018 delle
2838 960 2991 1018 fonti
3018 960 3571 1018 storico—artistiche

705 1251 1013 1320 auctoris
1043 1251 1561 1341 recognitione,
1595 1251 1928 1320 Coloniae
1968 1251 2176 1333 1584,
2209 1251 2283 1319 in
2321 1251 2428 1320 16.

698 1345 746 1419 È
777 1371 1007 1420 trattata
1037 1363 1095 1420 la
1125 1362 1373 1420 materia
1403 1371 1820 1430 estesamente,
1855 1381 1888 1420 e
1920 1362 2129 1437 quindi
2162 1363 2220 1420 la
2250 1362 2500 1430 musica,
2535 1362 2785 1420 l’ottica.
2821 1362 3265 1430 l’architettura,
3300 1363 3358 1420 la
3386 1362 3620 1437 pittura,
3655 1363 3713 1420 la
3746 1363 4005 1420 scultura
4038 1381 4188 1420 sono
4219 1381 4393 1437 prese
4424 1362 4487 1419 in

699 1477 920 1516 esame:
951 1477 1051 1516 ma
1075 1467 1297 1533 quanto
1325 1459 1380 1516 al
1404 1458 1614 1533 pregio
1641 1459 1978 1533 dell’opera
2000 1458 2229 1516 ritiensi
2253 1458 2358 1533 più
2381 1477 2511 1516 rara
2535 1459 2593 1516 la
2615 1458 2809 1533 prima
2833 1458 3111 1516 edizione
3137 1459 3235 1516 del
3268 1458 3443 1526 1527,
3472 1477 3505 1516 e
3531 1459 3587 1516 le
3614 1459 3756 1516 altre
3782 1458 3893 1516 che
3920 1477 4248 1533 apparvero
4275 1458 4403 1516 fino
4431 1459 4486 1516 al

706 1554 862 1612 1536
886 1554 1105 1629 poiché
1129 1573 1252 1612 non
1276 1573 1457 1612 erano
1482 1554 1544 1611 in
1569 1555 1769 1629 quelle
1796 1554 1928 1612 stati
1953 1554 2084 1612 tolti
2111 1554 2309 1612 alcuni
2333 1554 2497 1629 passi
2523 1554 2634 1612 che
2660 1555 2916 1612 l’autore
2943 1555 3074 1629 (per
3097 1554 3500 1629 quietamente
3526 1554 3756 1625 vivere)
3782 1555 3936 1612 tolse
3961 1554 4082 1629 egli
4110 1563 4302 1612 stesso
4328 1555 4486 1612 dalle

697 1650 1015 1725 posteriori
1040 1650 1322 1718 edizioni,
1350 1669 1525 1708 come
1548 1651 1670 1725 può
1696 1650 1956 1725 leggersi
1980 1651 2140 1708 nella
2166 1669 2272 1708 sua
2294 1650 2863 1708 interessantissima
2884 1650 3250 1725 prefazione.

476 1866 540 1934 3.
573 1866 1038 1934 ALGAROTTI
1067 1866 1149 1934 C.
1182 1867 1606 1947 Francesco,
1640 1866 1899 1955 Opere.
1932 1865 2285 1934 Edizione
2314 1865 2737 1947 novissima,
2770 1865 3095 1934 Venezia
3131 1866 3339 1947 1791,
3372 1865 3516 1934 vol.
3559 1866 3667 1947 17,
3700 1865 3774 1933 in
3807 1866 3869 1934 8.

712 1976 1068 2034 Collezione
1091 1976 1369 2051 preziosa
1392 1977 1643 2051 d’opere
1668 1976 1848 2044 varie,
1876 1977 2080 2034 lettere
2104 1976 2396 2034 memorie
2421 1995 2454 2034 e
2479 1976 2896 2034 dissertazioni
2921 1976 3166 2034 critiche
3190 1976 3253 2033 in
3277 1976 3525 2034 materia
3548 1976 3609 2034 di
3634 1977 3969 2034 letteratura
3992 1995 4025 2034 e
4049 1976 4215 2034 belle
4243 1977 4353 2034 arti

710 2071 1000 2146 prodotta
1023 2090 1133 2146 per
1158 2090 1305 2129 cura
1331 2071 1429 2129 de’
1466 2072 1605 2129 suoi
1633 2071 1823 2139 eredi,
1852 2090 1886 2129 a
1912 2072 2013 2129 cui
2041 2071 2351 2129 contribuì
2377 2071 2841 2129 infinitamente
2867 2072 3034 2129 nella
3061 2072 3273 2139 scelta,
3302 2071 3622 2129 direzione
3649 2090 3683 2129 e
3710 2072 4146 2129 collocazione
4174 2071 4236 2129 di
4263 2072 4443 2129 molti

712 2168 983 2242 graziosi
1009 2168 1165 2225 rami
1193 2168 1309 2225 che
1336 2168 1395 2225 la
1421 2167 1727 2242 fregiano,
1755 2168 1800 2224 il
1827 2168 2225 2225 chiarissimo
2254 2168 2367 2242 sig.
2398 2167 2547 2225 dott.
2577 2169 2928 2225 Francesco
2954 2168 3235 2242 Aglietti.

473 2364 537 2432 4.
565 2364 1044 2432 ANECDOTES
1072 2363 1198 2432 des
1227 2363 1464 2432 beaux
1496 2374 1655 2445 arts,
1690 2364 1729 2432 3
1763 2363 1907 2432 vol.
1941 2363 2015 2431 in
2048 2364 2111 2445 8,
2144 2363 2338 2432 Paris
2378 2363 2564 2432 1766
2603 2364 2811 2445 1780,
2844 2363 2918 2431 in
2951 2364 3013 2432 8.

713 2475 940 2546 Questa
968 2474 1306 2532 collezione
1336 2474 1397 2532 di
1427 2474 1552 2532 vari
1583 2474 1866 2532 aneddoti
1898 2475 2048 2532 sulle
2079 2474 2203 2542 arti,
2236 2483 2619 2549 quantunque
2647 2474 2910 2532 ricavata
2937 2474 3438 2549 indigestamente
3468 2493 3501 2532 e
3533 2493 3713 2532 senza
3740 2475 3943 2532 buona
3971 2474 4177 2532 critica
4205 2475 4282 2532 da
4309 2474 4439 2532 tutti
4468 2474 4488 2531 i

712 2570 847 2628 libri
872 2571 1062 2628 d’arte
1088 2571 1205 2628 alla
1226 2570 1472 2638 rinfusa,
1500 2589 1622 2628 non
1646 2589 1820 2628 cessa
1841 2571 1987 2645 però
2013 2570 2074 2628 di
2099 2579 2418 2628 contenere
2443 2571 2628 2628 molte
2653 2589 2797 2628 cose
2821 2570 2952 2628 utili
2977 2589 3010 2628 e
3033 2570 3336 2645 piacevoli
3360 2570 3422 2627 in
3446 2589 3659 2628 mezzo
3686 2589 3720 2628 a
3742 2571 3928 2628 molte
3953 2570 4169 2628 falsità.

481 2787 574 2875 [p.
609 2786 680 2868 21

471 3015 536 3084 5.
570 3017 1024 3084 BANNISTER
1051 3017 1380 3105 Jacques,
1413 3015 1731 3084 Tableau
1761 3015 1887 3084 des
1921 3026 2057 3084 arts
2089 3026 2158 3084 et
2186 3015 2312 3084 des
2346 3015 2670 3084 sciences
2702 3015 2956 3105 depuis
2987 3015 3055 3084 le
3083 3026 3268 3084 tems
3299 3015 3367 3084 le
3395 3015 3557 3105 plus
3587 3015 3848 3097 reculé,
3872 3015 4138 3105 jusque
4170 3037 4258 3084 au

715 3130 935 3199 siecle
965 3130 1459 3199 d’Alexandre
1488 3130 1557 3199 le
1587 3130 1853 3212 Grand,
1886 3130 2080 3199 Paris
2120 3131 2328 3212 1789,
2361 3130 2435 3198 in
2473 3131 2580 3199 12.

717 3242 1204 3316 Quest’operetta
1247 3242 1280 3299 e
1324 3242 1578 3299 tradotta
1621 3241 2023 3316 dall’inglese.
2073 3241 2394 3299 Comincia
2438 3241 2968 3299 dall’architettura
3011 3260 3044 3299 e
3088 3242 3351 3316 procede
3397 3241 3890 3309 all’astronomia,
3939 3242 4056 3299 alla
4101 3241 4322 3309 favola,
4371 3242 4489 3299 alla

715 3336 1032 3411 mitologia
1055 3355 1088 3394 e
1114 3336 1389 3394 filosofia
1412 3337 1639 3394 morale
1664 3355 1697 3394 e
1722 3336 1975 3394 termina
1998 3337 2158 3394 colla
2181 3336 2456 3394 filosofia
2478 3337 2761 3394 naturale.

475 3551 540 3620 6.
574 3553 953 3620 BATTEUX
982 3551 1140 3633 Ch.,
1173 3553 1311 3620 Les
1340 3551 1578 3620 beaux
1607 3552 1774 3620 Arts
1804 3551 2115 3620 reduites
2148 3552 2188 3620 à
2214 3573 2311 3620 un
2340 3552 2580 3620 meme
2608 3551 2953 3641 principe,
2986 3551 3180 3620 Paris
3220 3552 3428 3633 1747,
3462 3551 3536 3619 in
3574 3552 3681 3620 12.

721 3663 950 3734 Questo
976 3663 1009 3720 e
1033 3681 1154 3720 uno
1180 3663 1275 3720 de’
1309 3662 1562 3720 scrittori
1588 3662 1847 3720 francesi
1872 3662 1933 3720 di
1956 3662 2061 3737 più
2087 3681 2230 3720 sana
2253 3662 2460 3720 critica
2482 3663 2640 3720 nelle
2664 3662 2947 3720 teoriche.

474 3879 540 3946 7.
574 3879 1037 3946 BETTINELLI
1067 3877 1387 3959 Saverio,
1421 3877 2072 3946 Dell’entusiasmo
2103 3877 2292 3946 delle
2319 3877 2511 3946 belle
2543 3877 2691 3959 arti,
2723 3877 3008 3946 Milano
3047 3877 3255 3959 1769,
3288 3877 3362 3945 in
3395 3878 3457 3946 8.

719 3988 1085 4046 Facilmente
1112 3988 1175 4045 in
1202 3997 1414 4063 questo
1444 3997 1647 4046 autore
1677 3988 1726 4046 si
1753 3988 2070 4046 riconosce
2098 3989 2137 4045 l’
2171 4007 2356 4046 uomo
2385 3988 2446 4046 di
2474 3989 2678 4046 lettere
2707 3988 2918 4046 affatto
2947 3988 3196 4063 digiuno
3225 3989 3383 4046 delle
3409 3988 3675 4063 pratiche
3703 3989 3976 4046 dell’arte
4004 4007 4037 4046 e
4065 3989 4123 4046 la
4151 4007 4257 4046 sua
4283 3988 4489 4046 critica

719 4084 781 4141 in
805 4093 1014 4159 queste
1039 4084 1284 4142 materie
1309 4103 1431 4142 non
1453 4084 1740 4159 pareggia
1763 4084 1806 4141 il
1833 4103 1941 4142 suo
1967 4093 2143 4159 gusto
2168 4085 2328 4142 nella
2351 4085 2702 4142 letteratura.

478 4300 540 4368 8.
591 4301 1054 4368 BETTINELLI
1100 4299 1421 4381 Saverio,
1471 4299 2010 4389 Risorgimento
2058 4299 2343 4368 d’Italia
2387 4299 2582 4389 negli
2632 4299 2841 4381 studi,
2891 4299 3081 4368 nelle
3129 4299 3255 4368 arti
3303 4321 3342 4368 e
3388 4299 3505 4368 nei
3553 4299 3864 4368 costumi
3912 4299 4106 4389 dopo
4152 4299 4204 4367 il
4249 4299 4483 4381 Mille,

707 4416 1034 4483 Bassano
1073 4414 1281 4496 1776,
1314 4414 1388 4482 in
1421 4415 1459 4483 8
1492 4414 1636 4483 vol.
1671 4415 1737 4483 2.

475 4645 540 4714 9.
574 4646 972 4713 BIANCONI
1000 4644 1289 4713 Giovan
1318 4644 1719 4726 Lodovico,
1753 4645 1991 4734 Opere
2021 4644 2237 4726 varie,
2269 4644 2555 4713 Milano
2594 4645 2802 4726 1802,
2835 4644 2979 4713 vol.
3012 4645 3080 4726 4,
3113 4644 3187 4712 in
3220 4645 3282 4713 8.

707 4755 1123 4830 Contengonsi
1164 4755 1227 4812 in
1268 4755 1462 4830 questi
1505 4755 1737 4813 volumi
1779 4755 1950 4813 molti
1990 4755 2252 4830 preziosi
2294 4755 2572 4830 opuscoli
2613 4755 2675 4812 in
2715 4755 2963 4813 materia
3003 4756 3211 4823 d’arte,
3256 4774 3289 4813 e
3331 4755 3421 4813 fra
3461 4755 3655 4830 questi
3697 4756 3754 4813 le
3796 4756 3959 4813 dotte
4003 4774 4107 4813 sue
4149 4756 4353 4813 lettere
4397 4755 4487 4813 sui

706 4850 1082 4908 monumenti
1106 4850 1168 4907 in
1192 4850 1336 4925 ogni
1362 4869 1579 4925 genere
1604 4850 1716 4908 che
1741 4850 2005 4908 trovansi
2029 4850 2092 4907 in
2115 4850 2388 4908 Baviera.

483 5066 590 5134 10.
624 5067 964 5134 BIANCHI
993 5065 1292 5147 Isidoro,
1325 5065 1539 5134 Delle
1571 5065 1858 5134 scienze
1888 5087 1927 5134 e
1957 5065 2146 5134 delle
2178 5065 2325 5134 arti.
2359 5065 2899 5134 Dissertazione
2930 5065 3405 5155 apologetica,
3439 5065 3767 5134 Palermo
3806 5066 4014 5147 1771,
4047 5065 4121 5133 in
4154 5066 4216 5134 8.

479 5296 586 5364 11.
639 5297 1018 5364 BODENUS
1070 5297 1246 5364 Ben.
1300 5295 1625 5377 Gottlib.,
1676 5295 2062 5364 Artificem
2110 5317 2195 5364 ea
2241 5317 2402 5385 quae
2455 5295 2591 5364 sibi
2640 5317 2786 5364 non
2835 5295 3276 5364 conveniunt
3322 5295 3723 5385 fingentem
3769 5306 4003 5385 poetae
4053 5295 4489 5364 monitorem

706 5410 1044 5500 proponit
1072 5421 1203 5479 etc.
1237 5410 1687 5492 Dissertatio,
1721 5410 2131 5500 Vitebergae
2171 5410 2379 5492 1776,
2412 5410 2486 5478 in
2514 5411 2582 5492 4,
2614 5410 2845 5479 M.45.

483 5641 569 5708 12
599 5642 979 5709 BODENUS
1012 5642 1188 5709 Ben.
1223 5640 1548 5722 Gottlib.,
1581 5640 2009 5709 Dissertatio
2042 5640 2376 5709 seconda.
2412 5642 2674 5709 Iterum
2701 5640 3057 5730 proponit.
3091 5640 3235 5709 Vit.
3278 5640 3486 5722 1767,
3519 5640 3593 5708 in
3621 5641 3689 5722 4,
3721 5640 3952 5709 M.45.

483 5871 590 5939 13.
624 5872 1063 5939 BONIFACIO
1095 5870 1483 5952 Giovanni,
1517 5872 1618 5939 Le
1650 5870 1776 5939 arti
1806 5870 2085 5939 liberali
2116 5892 2155 5939 e
2185 5870 2653 5939 meccaniche
2683 5892 2895 5939 come
2927 5870 3130 5939 siano
3164 5881 3340 5939 state
3370 5870 3565 5960 dagli
3597 5870 3890 5939 animali
3920 5870 4310 5939 irrationali
4343 5870 4486 5960 agli

706 5985 986 6054 uomini
1017 5985 1455 6067 dimostrate,
1488 5985 1776 6075 Rovigo
1815 5985 2023 6067 1628,
2056 5985 2130 6053 in
2158 5986 2226 6067 4,
2258 5987 2364 6054 M.
2399 5985 2514 6054 63.

713 6097 914 6171 Opera
939 6105 1311 6171 stravagante
1336 6115 1369 6154 e
1392 6096 1623 6171 ripiena
1646 6096 2063 6154 d’erudizione
2088 6096 2342 6164 curiosa,
2372 6115 2553 6154 senza
2577 6097 2754 6154 alcun
2776 6096 3074 6171 principio
3100 6096 3161 6154 di
3186 6096 3407 6154 critica.

641 6217 995 6284 BOTTARI
1025 6215 1348 6305 Monsig.
1386 6215 1575 6284 Vedi
1607 6215 1960 6284 Raccolta
1993 6215 2068 6284 di
2098 6218 2379 6284 Lettere
2411 6215 2829 6284 Pittoriche.
2865 6258 2915 6263 —
2943 6215 3298 6303 Dialoghi
3331 6239 3554 6303 sopra
3590 6215 3655 6284 le
3691 6229 3795 6284 tre
3829 6218 3970 6284 arti
4002 6215 4123 6284 del
4153 6215 4481 6303 disegno.

639 6373 689 6378 —
722 6333 994 6411 Vasari,
1039 6333 1189 6400 Vite
1218 6330 1340 6399 de’
1369 6333 1649 6399 Pittori.

2171 6657 2347 6694 WWW.
2358 6637 2734 6710 memofonte.
2748 6639 2766 6694 i
2770 6648 2791 6694 t
