4958 7017
1981 864 2366 922 Fondazione
2390 864 2775 922 Memofonte
2800 865 2976 922 onlus

1390 960 1600 1018 Studio
1624 979 1731 1035 per
1754 960 2226 1018 l’elaborazione
2250 960 2632 1018 informatica
2655 961 2813 1018 delle
2838 960 2991 1018 fonti
3018 960 3571 1018 storico—artistiche

483 1247 752 1305 Gaultier
774 1248 960 1315 René,
985 1250 1299 1305 Invention
1317 1267 1482 1321 pour
1505 1248 1743 1305 reduire
1770 1267 1843 1305 en
1861 1249 2243 1321 perspective
2270 1259 2401 1315 etc.,
2432 1247 2567 1305 836.

483 1391 727 1449 Gaurici
751 1393 982 1466 Pomp.,
1007 1394 1102 1449 De
1127 1391 1457 1465 sculptura,
1484 1392 1624 1459 277,
1651 1392 1791 1459 278,
1818 1392 1956 1450 279.

483 1535 805 1603 Gautruch,
830 1535 1008 1593 Delle
1033 1536 1284 1593 divinità
1296 1535 1602 1609 favolose,
1629 1536 1810 1593 4703.

483 1679 745 1747 Gautier,
776 1681 975 1737 Traité
997 1680 1266 1737 chemins
1290 1682 1543 1737 anciens
1569 1691 1627 1737 et
1648 1680 1987 1747 modernes,
2015 1680 2154 1747 921,
2182 1680 2320 1738 922.

483 1822 745 1890 Gautier,
776 1824 975 1880 Traité
996 1823 1104 1880 des
1121 1834 1306 1896 ponts
1330 1825 1582 1880 anciens
1608 1834 1666 1880 et
1687 1823 2026 1890 modernes,
2054 1823 2192 1881 920.

483 1966 745 2034 Gautier,
767 1967 1175 2024 Architettura
1200 1966 1358 2024 delle
1383 1967 1589 2024 strade
1614 1967 1855 2024 antiche
1882 1986 1913 2024 e
1938 1967 2117 2034 mod.,
2145 1967 2283 2025 923.

483 2110 745 2178 Gautier,
770 2112 976 2168 L’arte
1001 2111 1064 2168 di
1087 2110 1533 2184 acquarellare,
1568 2111 1700 2168 132.

487 2399 565 2472 [p.
593 2397 805 2467 XXXiii]

483 2686 671 2760 Gaya,
702 2687 1093 2743 Cérémonies
1117 2685 1420 2759 nuptiales
1444 2686 1519 2743 de
1546 2697 1740 2743 toutes
1766 2685 1853 2743 les
1877 2688 2138 2753 nations,
2173 2685 2346 2743 1657.

483 2828 797 2886 Gchroteri
821 2830 977 2896 Ern.,
1002 2831 1097 2886 De
1124 2828 1340 2896 lamiis,
1370 2829 1548 2886 3227.

483 2972 732 3047 Georgii
756 2974 958 3040 Dom.,
983 2975 1078 3030 De
1103 2984 1489 3030 monumento
1516 2975 1574 3030 in
1599 2992 1753 3046 agro
1776 2975 2107 3040 Lanuvino,
2137 2973 2315 3030 3228.

483 3116 732 3191 Georgii
756 3118 958 3184 Dom.,
983 3119 1078 3174 De
1103 3128 1623 3190 monogrammate
1652 3117 1893 3184 Christi,
1923 3117 2102 3175 3229.

483 3260 732 3335 Georgii
756 3262 904 3328 Joa.,
929 3263 1024 3318 De
1051 3280 1124 3318 eo
1149 3261 1315 3334 quod
1325 3263 1554 3334 justum
1580 3272 1670 3318 est
1692 3263 1858 3318 circa
1876 3263 2199 3334 picturam,
2234 3261 2366 3318 133.

483 3403 746 3461 Gennari
770 3405 926 3471 Lor.,
957 3405 1409 3477 Composizioni
1435 3406 1493 3461 in
1520 3403 1658 3461 lode
1683 3403 1784 3461 del
1809 3405 2135 3471 Guercino,
2163 3404 2343 3461 2274.

483 3548 697 3622 Genga
719 3549 917 3615 Bern,
939 3549 1265 3605 Anatomia
1282 3547 1390 3621 pel
1412 3548 1686 3621 disegno,
1716 3547 1852 3605 325.

483 3691 694 3749 Genlis
719 3692 908 3759 Mad.,
933 3694 1047 3749 Les
1071 3711 1425 3749 monumens
1452 3691 1760 3765 réligieux,
1787 3692 1968 3749 4704.

483 3835 708 3893 Gentili
732 3837 930 3903 Bern,
955 3835 1133 3893 Delle
1158 3836 1451 3893 antichità
1476 3836 1539 3893 di
1563 3836 1962 3903 Settemnedo,
1989 3835 2169 3893 2580.

483 3978 733 4036 Gerardi
757 3979 916 4046 Ant.,
943 3978 1245 4036 Funerale
1270 3979 1370 4036 dei
1380 3979 1701 4052 fondatori
1724 3979 1826 4036 de’
1855 3980 2107 4046 Gesuiti,
2142 3979 2315 4036 1447.

483 4122 792 4190 Gerardin,
817 4125 912 4180 De
939 4122 998 4180 la
1024 4125 1427 4196 composition
1451 4123 1558 4180 des
1575 4142 1903 4196 paysages,
1931 4123 2069 4181 924.

483 4267 794 4324 Gerberon
819 4267 992 4334 Gab.,
1017 4269 1287 4324 Histoire
1312 4267 1387 4324 de
1414 4266 1473 4324 la
1500 4267 1646 4324 robe
1671 4267 1734 4324 di
1754 4269 1822 4324 N.
1855 4268 1906 4324 S.
1937 4269 1985 4324 ].
2021 4267 2149 4334 Ch.,
2176 4266 2357 4324 4705.

483 4410 649 4468 Gerli
673 4411 884 4485 Agos.,
915 4410 1210 4484 Opuscoli
1233 4411 1698 4478 architettonici,
1727 4410 1864 4468 515.

483 4553 649 4611 Gerli
675 4553 866 4621 Gius.,
891 4556 1150 4627 Disegni
1173 4554 1236 4611 di
1257 4554 1599 4621 Leonardo,
1627 4554 1807 4611 2030.

483 4697 777 4765 Gersaint,
809 4697 1000 4755 Catal.
1032 4698 1112 4755 du
1138 4698 1382 4755 cabinet
1403 4698 1478 4755 de
1500 4700 1581 4755 M.
1613 4698 1688 4755 de
1715 4697 1774 4755 la
1797 4700 2064 4771 Rocque,
2090 4698 2271 4755 4407.

483 4841 777 4909 Gersaint,
809 4843 935 4899 Cat.
967 4842 1047 4899 du
1073 4842 1202 4899 cab.
1234 4842 1309 4899 de
1332 4844 1413 4899 M.
1443 4844 1714 4899 Bonnier
1734 4842 1809 4899 de
1832 4844 2178 4909 Lamoison,
2204 4841 2385 4899 4406.

483 4985 777 5053 Gersaint,
809 4987 935 5043 Cat.
967 4986 1047 5043 du
1073 4986 1202 5043 cab.
1234 4986 1309 5043 de
1332 4988 1413 5043 M.
1449 4987 1695 5057 Quintin
1720 4986 1795 5043 de
1822 4985 1842 5043 l
1855 4987 2209 5059 ’Orangere,
2236 4985 2417 5043 4405.

483 5128 777 5196 Gersaint,
809 5130 935 5186 Cat.
967 5129 1047 5186 du
1073 5129 1202 5186 cab.
1234 5129 1309 5186 de
1332 5131 1413 5186 M.
1445 5129 1519 5186 de
1544 5131 1939 5202 Fonspertuy,
1966 5129 2147 5186 4408.

483 5272 777 5340 Gersaint,
809 5274 935 5330 Cat.
967 5273 1047 5330 du
1073 5273 1202 5330 cab.
1234 5273 1309 5330 de
1332 5275 1413 5330 M.
1448 5273 1774 5346 Godefroy,
1801 5273 1982 5331 4409.

483 5416 777 5484 Gersaint,
809 5418 935 5474 Cat.
967 5417 1047 5474 du
1073 5417 1202 5474 cab.
1234 5417 1309 5474 de
1332 5419 1413 5474 M.
1445 5417 1519 5474 de
1549 5416 1772 5484 Valois,
1799 5417 1980 5474 4410.

483 5559 777 5627 Gersaint,
809 5561 935 5617 Cat.
967 5560 1154 5617 d’une
1180 5559 1503 5617 collection
1528 5560 1603 5617 de
1629 5559 1943 5633 coquilles,
1970 5560 2151 5617 4411.

483 5703 777 5771 Gersaint,
809 5705 935 5761 Cat.
967 5704 1154 5761 d’une
1178 5704 1411 5777 grande
1437 5703 1760 5761 collection
1785 5704 1893 5761 des
1917 5703 2223 5761 meilleurs
2247 5705 2512 5771 maîtres,
2539 5704 2721 5761 4412.

483 5848 754 5915 Gesrner,
785 5849 1009 5905 Contes
1033 5867 1287 5905 moraux
1311 5859 1369 5905 et
1393 5847 1609 5915 idilles,
1644 5847 1819 5915 1096,
1853 5848 2026 5906 1097.

483 5991 727 6049 Gessari
751 5993 921 6059 Ben.,
946 5993 1068 6049 De’
1095 5994 1351 6049 costumi
1376 6011 1407 6049 e
1435 5994 1532 6049 riti
1558 5994 1811 6059 romani,
1846 5991 2019 6049 1658.

483 6134 768 6202 Gevartii,
793 6137 1079 6192 Introitus
1102 6137 1219 6192 Pri.
1251 6137 1303 6191 F
1304 6135 1626 6192 erdinandi
1644 6136 1865 6202 Austr.,
1900 6135 2073 6192 1442.

483 6278 774 6336 Gherardi
800 6279 872 6336 G.
900 6280 992 6346 B.,
1017 6278 1200 6336 Della
1218 6281 1424 6352 patria
1442 6281 1749 6352 primitiva
1774 6278 1932 6336 delle
1957 6281 2092 6346 arti,
2122 6279 2217 6336 34.

483 6422 700 6497 Gheyn
723 6424 866 6490 Jac.,
891 6424 1268 6480 Manie'ment
1289 6423 1571 6490 d’armes,
1603 6423 2049 6496 d’arquebuses
2075 6434 2206 6490 etc.,
2241 6422 2414 6481 1659.

2171 6657 2347 6694 WWW.
2358 6637 2734 6710 memofonte.
2748 6639 2791 6694 it
