4958 7017
1981 864 2366 922 Fondazione
2390 838 2775 922 Memofonte
2800 865 2976 922 onlus

1390 960 1600 1018 Studio
1624 979 1731 1035 per
1754 960 2226 1018 l’elaborazione
2250 960 2632 1018 informatica
2655 961 2813 1018 delle
2838 960 2991 1018 fonti
3018 960 3571 1018 storico—artistiche

474 1343 655 1401 2607.
690 1344 986 1401 OLIVIERI
1014 1343 1316 1401 Annibale
1346 1343 1509 1418 degli
1539 1343 1780 1411 Abbati,
1815 1343 2216 1418 Spiegazione
2246 1343 2307 1401 di
2338 1343 2537 1401 alcuni
2567 1343 2943 1401 monumenti
2973 1343 3136 1418 degli
3167 1343 3389 1401 antichi
3418 1343 3673 1418 Pelasgi,
3706 1352 4057 1418 trasportata
4085 1344 4183 1401 dal
4213 1343 4487 1401 francese

707 1458 824 1497 con
849 1440 1061 1497 alcune
1086 1439 1498 1497 osservazioni
1525 1458 1702 1514 sopra
1724 1439 1744 1496 i
1769 1439 2106 1507 medesimi,
2133 1441 2352 1497 Pesaro
2385 1439 2559 1507 1735,
2586 1439 2648 1496 in
2671 1440 2728 1507 4,
2755 1439 2859 1514 fig.

717 1536 946 1607 Questo
972 1536 1005 1593 e
1029 1554 1150 1593 uno
1176 1535 1274 1593 dei
1297 1535 1402 1610 più
1428 1535 1714 1610 singolari
1739 1554 1772 1593 e
1795 1535 2057 1610 preziosi
2082 1535 2360 1610 opuscoli
2384 1535 2446 1592 in
2470 1535 2717 1593 materia
2741 1544 2989 1593 etrusca.

474 1726 655 1784 2608.
710 1727 940 1784 ORSINI
988 1727 1364 1794 Baldassare,
1417 1726 1867 1784 Dissertazione
1921 1727 2206 1784 sull’arco
2258 1735 2493 1784 etrusco
2546 1727 2706 1784 della
2755 1726 2854 1784 via
2902 1726 3174 1784 Vecchia
3223 1726 3284 1784 di
3334 1726 3603 1801 Perugia,
3658 1726 4004 1801 aggiuntavi
4055 1745 4174 1784 una
4225 1727 4489 1784 seconda

707 1822 1137 1880 dissertazione
1164 1841 1233 1880 su
1257 1822 1318 1880 di
1342 1841 1461 1880 una
1482 1831 1654 1897 porta
1677 1831 1910 1880 etrusca
1932 1822 1995 1879 in
2018 1823 2241 1897 Ispello
2266 1822 2688 1890 nell’Umbria,
2715 1822 2968 1897 Perugia
2998 1823 3173 1890 1807,
3200 1822 3262 1879 in
3289 1823 3342 1890 8,
3370 1822 3474 1897 fig.

474 2014 655 2073 2609.
684 2015 914 2072 ORSINI
935 2015 1312 2082 Baldassare,
1339 2014 1789 2072 Dissertazione
1816 2033 1884 2072 su
1908 2014 1969 2072 di
1993 2033 2112 2072 una
2133 2023 2305 2089 porta
2328 2023 2562 2072 etrusca
2584 2014 2646 2071 in
2669 2015 2892 2089 Ispello
2917 2014 3339 2082 nell’Umbria,
3366 2014 3618 2089 Perugia
3648 2015 3823 2082 1807,
3850 2014 3912 2071 in
3939 2015 3992 2082 8,
4020 2014 4146 2089 fig.,
4173 2016 4261 2072 M.
4292 2015 4387 2073 39.

707 2111 842 2168 Con
866 2111 982 2168 due
1006 2111 1207 2168 tavole
1231 2110 1293 2167 in
1315 2129 1497 2168 rame.

474 2301 655 2359 2610.
684 2302 914 2359 ORSINI
935 2302 1312 2369 Baldassare,
1339 2301 1789 2359 Dissertazione
1816 2320 1884 2359 su
1908 2302 2058 2359 d’un
2082 2301 2364 2376 capitello
2390 2310 2625 2359 etrusco
2651 2301 2762 2359 che
2790 2310 2878 2359 sta
2900 2302 2998 2359 nel
3022 2303 3245 2359 Museo
3272 2301 3452 2369 Oddi,
3479 2301 3732 2376 Perugia
3762 2301 3937 2369 1806,
3964 2301 4026 2358 in
4053 2302 4106 2369 8,
4133 2303 4221 2359 M.
4251 2302 4346 2360 39.

707 2398 842 2455 Con
865 2416 984 2455 una
1006 2398 1209 2455 tavola
1231 2397 1293 2454 in
1315 2416 1497 2455 rame.

474 2589 655 2647 2611.
703 2590 932 2647 ORSINI
972 2590 1348 2657 Baldassare,
1394 2591 1629 2647 Lettera
1672 2608 1849 2664 sopra
1889 2589 1932 2646 il
1975 2598 2367 2647 monumento
2411 2590 2510 2647 del
2552 2591 2641 2647 Re
2683 2591 3003 2657 Porsenna,
3048 2589 3302 2664 Perugia
3350 2590 3524 2657 1800,
3569 2589 3631 2646 in
3676 2590 3729 2657 8,
3775 2589 3880 2664 fig.
3926 2590 3974 2646 Il
4017 2589 4410 2664 frontespizio
4454 2590 4487 2647 e

706 2685 1034 2760 intagliato.
1062 2687 1150 2743 M.
1181 2686 1276 2744 39.

474 2876 655 2934 2612.
684 2877 914 2934 ORSINI
935 2877 1312 2944 Baldassare,
1339 2876 1789 2934 Dissertazione
1816 2877 2100 2934 sull’arco
2126 2885 2362 2934 etrusco
2388 2877 2548 2934 della
2571 2876 2670 2934 via
2692 2876 2964 2934 Vecchia
2986 2876 3048 2933 in
3071 2876 3341 2951 Perugia,
3368 2876 3620 2951 Perugia
3650 2877 3825 2944 1807,
3852 2876 3914 2933 in
3941 2877 3994 2944 8,
4022 2876 4148 2951 fig.,
4175 2878 4263 2934 M.
4294 2877 4389 2935 39.

712 2973 847 3030 Con
873 2972 959 3030 sei
983 2973 1184 3030 tavole
1208 2972 1515 3047 intagliate
1539 2972 1601 3029 in
1623 2991 1805 3030 rame.

474 3164 655 3222 2613.
682 3166 1228 3222 PARASCANDOLO
1253 3165 1424 3222 abate
1449 3165 1825 3232 Baldassare,
1852 3166 2086 3222 Lettera
2108 3166 2133 3221 I
2160 3164 2503 3222 sull’antica
2526 3164 2667 3222 città
2690 3164 2751 3222 di
2775 3166 2961 3239 Equa,
2988 3164 3212 3239 Napoli
3244 3165 3418 3232 1782,
3445 3164 3506 3221 in
3533 3165 3586 3232 8,
3613 3166 3701 3222 M.
3731 3164 3827 3222 56.

474 3355 655 3413 2614.
684 3357 980 3413 PASSERII
1004 3355 1250 3413 Joannis
1277 3355 1603 3430 Baptistae,
1632 3357 1699 3412 In
1725 3364 2116 3413 monumenta
2143 3374 2310 3413 sacra
2335 3356 2597 3413 eburnea
2623 3374 2657 3413 a
2682 3355 2908 3413 clariss.
2939 3355 3207 3413 Antonio
3234 3357 3437 3413 Franc.
3470 3355 3659 3413 Gorio
3688 3356 3763 3413 ad
3789 3364 4059 3430 quartam
4083 3355 4259 3430 hujus
4287 3355 4486 3430 operis

705 3460 936 3526 partem
956 3460 1257 3509 reservata
1280 3451 1710 3526 expositiones,
1738 3451 2072 3509 Florentiae
2104 3451 2279 3519 1759,
2306 3451 2368 3508 in
2392 3451 2519 3519 fol.,
2547 3451 2651 3526 fig.

474 3643 655 3701 2615.
690 3645 986 3701 PASSERII
1015 3643 1261 3701 Joannis
1294 3643 1620 3718 Baptistae,
1655 3643 1925 3701 Picturae
1958 3652 2330 3701 etruscorum
2360 3643 2422 3700 in
2455 3643 2718 3701 vasculis
2751 3662 2909 3701 nunc
2941 3643 3204 3718 primum
3234 3643 3297 3700 in
3328 3662 3517 3701 unum
3548 3644 3840 3701 collectae
3873 3643 4395 3718 explicationibus,
4431 3652 4489 3701 et

707 3739 1044 3797 dissertatio
1075 3741 1153 3814 [p.
1182 3740 1284 3809 22]
1313 3739 1488 3797 nibus
1513 3739 1857 3807 illustratae,
1884 3741 2116 3797 Romae
2148 3739 2302 3797 1767
2331 3758 2365 3797 a
2395 3739 2569 3807 1775,
2596 3740 2715 3797 vol.
2746 3740 2800 3807 3,
2827 3739 2889 3796 in
2913 3739 3018 3797 fol.

713 3836 914 3910 Opera
937 3835 1459 3910 grandiosamente
1484 3835 1756 3910 eseguita
1777 3854 1884 3910 per
1907 3836 1963 3893 le
1989 3835 2186 3910 ampie
2211 3835 2466 3893 dottrine
2491 3854 2524 3893 e
2547 3836 2647 3910 pel
2671 3854 2921 3893 numero
2947 3836 3105 3893 delle
3132 3836 3251 3893 300
3276 3836 3476 3893 tavole
3501 3836 3659 3893 colle
3684 3835 3845 3910 quali
3870 3836 3903 3893 e
3927 3835 4228 3910 insignita.

474 4026 655 4084 2616.
682 4028 993 4094 PASSERII,
1020 4028 1114 4084 De
1138 4026 1324 4084 tribus
1351 4026 1613 4084 vasculis
1639 4026 1889 4084 etruscis
1915 4026 2258 4084 encaustice
2281 4026 2477 4101 pictis,
2506 4026 2862 4094 dissertatio,
2889 4026 3223 4084 Florentiae
3255 4027 3430 4094 1772,
3457 4026 3518 4083 in
3541 4027 3598 4094 4,
3626 4026 3752 4101 fig.,
3779 4028 3867 4084 M.
3896 4027 3951 4084 2.

711 4123 1059 4197 Esemplare
1084 4122 1145 4180 di
1170 4122 1386 4180 dedica
1408 4122 1470 4179 in
1494 4131 1654 4180 carta
1677 4123 1900 4197 grande
1925 4141 2042 4180 con
2068 4122 2154 4180 sei
2178 4123 2378 4180 tavole
2402 4122 2709 4197 intagliate
2734 4122 2796 4179 in
2818 4141 2999 4180 rame.

474 4314 655 4372 2617.
689 4316 1001 4382 PASSERII,
1035 4316 1129 4372 De
1159 4314 1328 4389 pueri
1360 4314 1578 4372 etrusci
1611 4314 1841 4372 aheneo
1876 4314 2198 4372 simulacro
2232 4333 2266 4372 a
2296 4315 2610 4372 Clemente
2641 4316 2786 4372 XIV
2817 4314 2880 4371 in
2910 4316 3200 4372 Museum
3229 4314 3594 4372 Vaticanum
3623 4314 3828 4382 inlato,
3863 4314 4219 4382 dissertatio,
4253 4316 4486 4372 Romae

714 4411 889 4478 1773,
915 4410 977 4467 in
1000 4411 1057 4478 4,
1085 4410 1211 4485 fig.,
1238 4412 1326 4468 M.
1355 4411 1452 4468 78.

702 4505 1044 4563 Domenico
1071 4506 1325 4580 Cunego
1350 4505 1427 4563 ha
1449 4505 1761 4580 intagliato
1787 4506 1845 4563 la
1866 4506 2028 4563 bella
2050 4514 2165 4563 tav.
2192 4505 2523 4580 principale
2548 4524 2581 4563 e
2606 4506 2662 4563 le
2688 4506 2831 4563 altre
2856 4505 2967 4563 che
2991 4505 3256 4563 trovansi
3281 4505 3371 4563 fra
3393 4505 3436 4562 il
3460 4514 3632 4563 testo.

474 4697 655 4755 2618.
698 4699 1009 4765 PASSERII,
1052 4699 1146 4755 De
1187 4716 1526 4755 marmoreo
1570 4697 1887 4772 sepulcrali
1928 4697 2219 4755 cinerario
2260 4697 2539 4755 Perusiae
2580 4697 2815 4755 effosso
2858 4697 3087 4755 arcanis
3129 4697 3506 4755 ethnicorum
3548 4697 3864 4772 sculpturis
3905 4697 4211 4772 insignito,
4254 4699 4487 4755 Romae

714 4794 889 4861 1773,
915 4793 977 4850 in
1000 4794 1057 4861 4,
1085 4793 1211 4868 fig.,
1238 4795 1326 4851 M.
1355 4794 1452 4851 28.

474 4985 655 5044 2619.
685 4987 959 5043 PASSERI
985 4985 1226 5043 Giovan
1252 4985 1523 5053 Battista,
1556 4985 1956 5060 Spiegazione
1984 4986 2142 5043 delle
2172 4986 2429 5043 sculture
2458 4985 2519 5043 di
2546 5004 2626 5043 un
2654 4985 2851 5043 antico
2880 5004 3218 5043 marmoreo
3249 4985 3566 5060 sarcofago
3595 4985 3706 5043 che
3736 4985 3785 5043 si
3813 5004 4107 5043 conserva
4132 4985 4194 5042 in
4222 4985 4485 5053 Gubbio,

706 5080 959 5155 Perugia
989 5081 1164 5148 1773,
1191 5080 1253 5137 in
1276 5081 1333 5148 4,
1361 5080 1487 5155 fig.,
1514 5082 1602 5138 M.
1631 5081 1727 5138 23.

474 5272 655 5330 2620.
688 5274 962 5330 PASSERI
992 5272 1233 5330 Giovan
1262 5272 1532 5340 Battista,
1565 5272 1834 5347 Linguae
1865 5291 2046 5330 oscae
2079 5272 2388 5347 specimen
2421 5272 2738 5347 singulare,
2772 5273 2936 5347 quod
2968 5281 3236 5347 superest
3264 5273 3460 5330 Nolae
3491 5272 3553 5329 in
3583 5291 3880 5330 marmore
3910 5272 4115 5330 Musei
4148 5272 4484 5340 Seminarii,

706 5370 938 5426 Romae
970 5369 1145 5436 1774,
1172 5368 1234 5425 in
1258 5368 1385 5436 fol.,
1413 5368 1518 5443 fig.

703 5465 838 5522 Con
883 5473 968 5522 tre
1014 5465 1214 5522 tavole
1259 5483 1366 5539 per
1411 5464 1869 5522 l’illustrazione
1916 5465 2014 5522 del
2061 5473 2472 5522 monumento:
2524 5483 2557 5522 e
2603 5464 2665 5521 in
2712 5464 2837 5522 fine
2883 5483 3002 5522 una
3046 5465 3248 5522 tavola
3293 5464 3766 5522 dell’iscrizione
3812 5464 4129 5539 Eugubina
4173 5473 4343 5522 tratta
4388 5465 4486 5522 dal

706 5561 1026 5617 Demstero
1052 5578 1085 5617 e
1109 5578 1189 5617 un
1213 5560 1426 5617 elenco
1452 5559 1513 5617 di
1538 5559 1677 5617 voci
1702 5559 1980 5617 ebraiche
2005 5560 2082 5617 da
2105 5559 2202 5617 cui
2227 5559 2513 5617 derivano
2539 5559 2678 5617 voci
2704 5559 2977 5617 etrusche
3002 5578 3035 5617 e
3060 5559 3240 5617 latine
3265 5578 3298 5617 e
3323 5578 3403 5617 un
3425 5562 3673 5617 Lessico
3698 5560 3761 5617 di
3785 5562 3921 5617 voci
3946 5560 4240 5617 etrusche.

702 5655 861 5713 Vedi
887 5655 1075 5713 anche
1101 5655 1461 5713 all’articolo
1484 5658 1831 5729 Dempsteri
1856 5675 1938 5713 ec.

474 5847 655 5905 2621.
682 5849 962 5905 PERSICO
987 5847 1228 5905 Giovan
1251 5847 1521 5915 Battista,
1548 5847 1942 5905 Descrizione
1967 5848 2127 5905 della
2150 5847 2291 5905 città
2314 5847 2375 5905 di
2399 5848 2890 5905 Massalubrense
2917 5848 3154 5918 (Massa
3177 5847 3238 5905 di
3265 5848 3592 5918 Sorrento),
3619 5847 3843 5922 Napoli
3875 5847 4048 5915 1644,
4075 5847 4137 5904 in
4160 5848 4198 5904 4
4222 5847 4339 5922 pic.

474 6039 655 6097 2622.
682 6041 895 6097 PEZZO
918 6041 1151 6107 Marco,
1178 6040 1292 6097 De’
1324 6039 1557 6097 Cimbri
1581 6039 1878 6097 Veronesi
1903 6058 1936 6097 e
1960 6039 2283 6097 Vicentini.
2312 6039 2475 6097 Libri
2500 6040 2634 6107 due,
2661 6041 2905 6097 Verona
2935 6039 3109 6107 1763,
3136 6039 3198 6096 in
3225 6040 3277 6097 8.

696 6134 908 6206 Questi
938 6134 1150 6209 popoli
1183 6134 1422 6192 abitano
1456 6134 1653 6192 alcuni
1685 6134 1875 6192 monti
1907 6135 2005 6192 del
2036 6134 2361 6192 Vicentino
2394 6153 2427 6192 e
2459 6135 2557 6192 del
2588 6136 2918 6202 Veronese,
2953 6153 3052 6192 ma
3081 6134 3124 6191 il
3157 6135 3287 6192 loro
3320 6134 3565 6192 dialetto
3597 6134 3755 6192 tiene
3788 6134 3945 6192 assai
3975 6134 4080 6209 più
4111 6135 4209 6192 del
4240 6135 4486 6192 tedesco

707 6230 818 6288 che
855 6231 953 6288 del
990 6231 1231 6298 danese,
1271 6249 1447 6288 come
1482 6230 1726 6288 rilevasi
1764 6230 1953 6288 anche
1990 6231 2088 6288 dal
2126 6230 2515 6288 vocabolario
2553 6230 2664 6288 che
2703 6239 2791 6288 sta
2825 6230 2888 6287 in
2925 6230 3049 6288 fine
3087 6230 3148 6288 di
3185 6239 3398 6305 questo
3436 6230 3672 6288 libretto
3710 6249 3743 6288 e
3782 6231 4099 6288 sembrano
4136 6249 4217 6288 un
4254 6249 4485 6288 avanzo

705 6326 988 6401 rifugiato
1013 6326 1076 6383 in
1100 6326 1308 6401 luoghi
1333 6326 1761 6384 difficilmente
1787 6326 2128 6384 accessibili
2152 6326 2215 6383 in
2238 6335 2442 6401 tempo
2468 6327 2626 6384 delle
2650 6335 2809 6384 tante
2833 6326 3117 6384 irruzioni
3140 6326 3490 6384 barbariche
3514 6326 3576 6383 in
3599 6326 3785 6384 Italia.

2171 6657 2347 6694 WWW.
2358 6637 2734 6710 memofonte.
2748 6639 2791 6694 il
