4958 7017
1981 864 2366 922 Fondazione
2390 864 2775 922 Memofonte
2800 865 2976 922 onlus

1390 960 1600 1018 Studio
1624 979 1731 1035 per
1754 960 2226 1018 l’elaborazione
2250 960 2632 1018 informatica
2655 961 2813 1018 delle
2838 960 2991 1018 fonti
3018 960 3571 1018 storico—artistiche

710 1251 1098 1341 spoliation
1128 1251 1217 1320 de
1249 1273 1362 1320 ses
1394 1251 1843 1333 collections,
1877 1251 2203 1341 galeries,
2236 1252 2524 1320 musées
2557 1273 2686 1333 ec.,
2720 1253 2869 1320 Par.
2902 1252 2991 1320 A.
3026 1252 3113 1337 Q.
3147 1251 3341 1320 Paris
3381 1251 3589 1333 1796,
3622 1251 3696 1319 in
3730 1252 3792 1320 8.

706 1363 996 1420 L’onesta
1044 1362 1418 1430 franchezza,
1471 1381 1589 1420 con
1638 1362 1736 1420 cui
1786 1371 1998 1437 questo
2049 1362 2266 1420 esimio
2317 1363 2585 1420 letterato
2636 1363 2712 1420 ed
2763 1362 2963 1420 artista
3009 1362 3298 1437 pubblicò
3349 1371 3557 1437 queste
3607 1363 3813 1420 lettere
3862 1362 3924 1419 in
3972 1363 4277 1437 un’epoca
4324 1371 4486 1420 tanto

705 1458 1048 1533 pericolosa
1087 1477 1245 1533 quan
1290 1460 1368 1533 [p.
1413 1459 1626 1528 212]to
1667 1459 1867 1533 quella
1905 1458 1968 1515 in
2008 1458 2105 1516 cui
2145 1458 2165 1515 i
2208 1458 2341 1516 suoi
2382 1458 2771 1516 concittadini
2810 1459 3261 1516 barbaramente
3304 1458 3825 1533 saccheggiavano
3867 1458 4086 1516 l’Italia
4125 1458 4338 1533 d’ogni
4382 1477 4488 1516 sua

705 1554 1035 1622 ricchezza,
1068 1555 1352 1629 ponendo
1385 1554 1506 1629 egli
1541 1573 1721 1612 senza
1750 1554 2030 1629 riguardo
2063 1555 2119 1612 le
2149 1554 2389 1629 proprie
2420 1554 2647 1612 iniziali
2682 1555 2833 1612 sulle
2869 1573 3014 1612 «sue
3047 1555 3269 1622 lettere,
3304 1573 3492 1612 onora
3521 1554 3564 1611 il
3599 1573 3708 1612 suo
3742 1554 3963 1622 animo,
4000 1554 4267 1612 siccome
4298 1554 4318 1611 i
4353 1554 4486 1612 suoi

709 1650 892 1708 scritti
917 1669 1185 1708 onorano
1210 1650 1253 1707 il
1280 1669 1389 1708 suo
1414 1650 1696 1725 ingegno.

706 1748 792 1804 La
819 1746 1123 1821 petizione
1155 1746 1221 1804 fu
1253 1755 1499 1821 segnata
1528 1747 1624 1804 da’
1660 1746 1978 1821 principali
2010 1746 2213 1814 artisti,
2247 1746 2359 1804 che
2391 1746 2687 1821 veggonsi
2719 1746 2941 1804 firmati
2973 1747 3090 1804 alla
3121 1746 3245 1804 fine
3277 1746 3338 1804 di
3369 1755 3582 1821 questo
3614 1747 3930 1821 opuscolo,
3964 1765 4063 1804 ma
4092 1765 4214 1804 non
4245 1755 4486 1804 ottenne

708 1857 921 1914 alcuna
942 1856 1220 1931 risposta.

483 2076 690 2145 1197.
752 2076 1323 2161 QUATREMERE,
1378 2077 1650 2144 Lettres
1711 2097 1828 2144 sur
1882 2075 1950 2144 le
2005 2075 2374 2165 prejudice
2430 2075 3239 2165 qu’occasionneroient
3295 2097 3433 2144 aux
3492 2086 3628 2144 arts
3687 2086 3756 2144 et
3812 2076 3852 2144 à
3906 2075 3976 2144 la
4032 2075 4358 2157 Science,
4418 2075 4486 2144 le

708 2190 1210 2280 deplacement
1241 2190 1367 2259 des
1401 2212 1834 2259 monumens
1869 2190 1958 2259 de
1990 2190 2155 2259 l’art
2186 2190 2275 2259 de
2307 2190 2570 2259 l’Italie
2603 2201 2735 2259 etc.
2771 2190 3134 2259 Nouvelle
3167 2190 3440 2259 édition
3472 2190 3645 2259 faite
3680 2212 3798 2259 sur
3829 2190 4012 2259 celle
4045 2190 4135 2259 de
4167 2190 4361 2259 Paris
4396 2190 4486 2259 de

716 2305 924 2387 1796,
957 2307 1192 2374 Rome
1230 2305 1438 2387 1815,
1471 2305 1545 2373 in
1578 2306 1641 2387 8,
1673 2307 1779 2374 M.
1814 2305 1929 2375 96.

483 2517 690 2586 1198.
726 2517 1040 2602 QUIRINI
1072 2516 1392 2606 (Angelo
1423 2518 1529 2585 M.
1565 2516 1833 2601 Card.),
1869 2517 2219 2585 Sermone
2250 2516 2445 2585 detto
2476 2516 2594 2585 nel
2624 2538 2869 2585 nuovo
2900 2518 3195 2585 Duomo
3228 2516 3300 2585 di
3331 2516 3628 2585 Brescia
3657 2516 3907 2585 l’anno
3947 2517 4155 2598 1741,
4190 2516 4488 2585 Brescia

716 2632 924 2713 1741,
957 2631 1031 2699 in
1059 2632 1127 2713 4,
1160 2631 1312 2721 fig.,
1344 2633 1450 2700 M.
1485 2632 1600 2700 21.

705 2789 804 2794 —
871 2746 1176 2815 Litterae
1243 2746 1718 2836 Apostolicae
1788 2746 2187 2815 Clementis
2256 2748 2390 2814 XII
2458 2746 2724 2815 dilecto
2794 2746 2956 2815 filio
3024 2746 3313 2836 Angelo
3381 2748 3487 2815 M.
3561 2746 3865 2832 Quirino
3935 2746 4024 2815 de
4092 2746 4486 2815 Vaticanae

707 2861 1207 2930 Bibliothecae
1236 2861 1702 2930 incremento.
1738 2863 1815 2929 In
1843 2862 1911 2943 4,
1945 2861 2097 2951 fig.,
2129 2863 2235 2930 M.
2270 2862 2385 2930 21.

705 3019 804 3024 —
833 2976 1160 3066 Epistola
1191 2976 1280 3045 ad
1310 2976 1702 3045 Nicolaum
1732 2978 2096 3045 Freretum
2128 2976 2217 3045 de
2249 2976 2566 3066 Diptyco
2599 2976 3049 3062 Quiriniano,
3084 2976 3596 3058 Brixiael743,
3631 2976 3705 3044 in
3736 2977 3804 3058 4,
3839 2976 3966 3066 fig.
4001 2978 4107 3045 M.
4144 2977 4259 3045 21.
4296 2976 4485 3045 Vedi

705 3094 1023 3160 Passeri.

705 3249 804 3254 —
831 3206 1158 3296 Epistola
1186 3206 1657 3275 Cortonensis
1687 3206 2133 3275 Academiae
2165 3206 2534 3275 sodalibus
2566 3206 3011 3288 clarissimis,
3044 3208 3323 3275 Romae
3361 3206 3569 3288 1745,
3602 3206 3676 3274 in
3703 3207 3771 3288 4,
3803 3208 3909 3275 M.
3944 3207 4059 3275 21.

487 3418 694 3487 1199.
752 3418 1066 3503 QUIRINI
1116 3417 1385 3507 Angeli
1437 3419 1569 3499 M.,
1624 3417 1744 3486 Ad
1796 3417 2050 3486 Claris.
2109 3418 2583 3507 Symmacum
2633 3417 3109 3486 Mazochium
3159 3417 3485 3507 Epistola
3535 3417 3609 3485 in
3662 3417 3816 3486 eius
3872 3417 4346 3486 Schediasma
4397 3417 4487 3486 de

709 3532 1018 3622 antiquis
1050 3533 1410 3622 Corcyrae
1439 3532 1880 3614 nominibus,
1913 3534 2192 3601 Romae
2230 3533 2438 3614 1742,
2471 3532 2545 3600 in
2573 3533 2641 3614 4,
2673 3534 2779 3601 M.
2812 3533 2929 3601 40.

487 3744 694 3812 1200.
754 3744 1068 3829 QUIRINI
1119 3743 1387 3833 Angeli
1441 3743 1720 3812 Mariae
1775 3743 2202 3825 Cardinalis,
2260 3745 2498 3812 Decas
2555 3743 3023 3833 epistolarum
3076 3765 3253 3833 quas
3310 3743 3709 3833 desumptis
3764 3743 4188 3833 plerumque
4243 3765 4488 3812 earum

709 3858 1145 3948 argumentis
1190 3880 1279 3927 ex
1322 3858 1716 3927 Vaticanae
1759 3858 2259 3927 Bibliothecae
2300 3859 2518 3927 MSS.
2567 3858 2656 3927 ad
2698 3880 2860 3927 eam
2901 3858 3398 3927 illustrandam
3440 3858 3529 3927 de
3571 3880 3772 3927 more
3814 3858 4197 3948 quotannis
4241 3858 4489 3927 Brixia

709 3973 1061 4042 accedens
1095 3973 1458 4063 solivagas
1491 3984 1698 4042 antea
1727 3973 2081 4055 emiserat,
2114 3975 2393 4042 Romae
2431 3974 2639 4055 1743,
2672 3973 2747 4041 in
2775 3974 2843 4055 4,
2876 3973 3028 4063 fig.,
3060 3975 3166 4042 M.
3201 3974 3316 4042 21.

709 4085 873 4142 Sono
914 4093 1122 4159 queste
1162 4084 1371 4142 dirette
1412 4085 1467 4142 al
1506 4084 1904 4152 Monfancon,
1948 4085 2003 4142 al
2042 4084 2422 4152 Mazzocchi,
2466 4085 2541 4142 ad
2579 4085 2880 4159 Apostolo
2920 4086 3105 4152 Zeno,
3149 4085 3204 4142 al
3243 4084 3554 4152 Muratori,
3598 4085 3653 4142 al
3693 4084 3841 4142 Gori
3881 4103 3914 4142 e
3955 4085 4030 4142 ad
4069 4084 4198 4142 altri
4238 4084 4488 4142 letterati

706 4180 946 4255 insigni.

705 4322 804 4327 —
836 4281 1007 4348 Tres
1041 4279 1410 4369 Epistolae
1443 4281 1683 4348 Nereo
1719 4279 1928 4348 Card.
1967 4279 2278 4348 Corsino
2313 4279 2712 4348 Clementis
2746 4281 2882 4347 XII
2916 4301 3005 4348 ex
3039 4279 3250 4348 fratre
3283 4279 3551 4369 nepoti,
3588 4279 3879 4348 Brixiae
3921 4280 4129 4361 1741,
4166 4279 4240 4347 in
4272 4280 4340 4361 4,
4376 4281 4482 4348 M.

708 4395 823 4463 21.

483 4606 690 4674 1201.
725 4606 1058 4691 QUIRINI,
1091 4605 1418 4695 Epistola
1447 4605 1537 4674 ad
1565 4605 1823 4674 Virum
1852 4605 2360 4674 Clarissimum
2387 4605 2570 4674 Frid.
2605 4606 2764 4674 Oct.
2797 4605 3343 4687 Menckenium,
3376 4605 3667 4674 Brixiae
3705 4606 3913 4687 1749,
3946 4605 4020 4673 in
4048 4606 4116 4687 4,
4148 4607 4254 4674 M.
4289 4606 4404 4674 21.

483 4817 690 4885 1202.
730 4818 1167 4885 RACCOLTA
1197 4816 1269 4885 di
1305 4816 1551 4885 lettere
1589 4816 1773 4885 sulla
1805 4816 2084 4906 pittura,
2127 4816 2457 4898 scultura,
2500 4816 2950 4885 architettura
2987 4816 3274 4901 (riunite
3308 4838 3435 4906 per
3469 4838 3688 4906 opera
3723 4838 3762 4885 e
3799 4838 3967 4885 cura
4002 4816 4119 4885 del
4155 4816 4482 4901 Bottari),

707 4931 851 5000 vol.
885 4933 952 5013 7,
985 4933 1222 5000 Roma
1258 4931 1466 5013 1754,
1501 4931 1567 5000 al
1605 4932 1813 5013 1783,
1846 4931 1920 4999 in
1948 4932 2016 5013 4,
2048 4931 2187 5021 pic.

708 5047 982 5132 Questa
1010 5047 1049 5115 è
1078 5046 1148 5115 la
1174 5046 1299 5136 più
1327 5046 1660 5136 preziosa
1686 5046 2001 5115 raccolta
2029 5046 2101 5115 di
2131 5046 2377 5115 lettere
2405 5046 2786 5136 pittoriche
2816 5046 2949 5115 che
2981 5046 3040 5115 si
3071 5068 3408 5115 conosca.

485 5278 578 5366 [p.
613 5277 784 5359 213]

479 5507 686 5575 1203.
715 5508 832 5574 DE
855 5508 1097 5588 ROSA,
1124 5507 1366 5575 Aurea
1395 5506 1723 5596 epistola,
1756 5506 2029 5575 Patavii
2068 5506 2276 5588 1759,
2309 5506 2383 5574 in
2416 5507 2478 5575 8.

708 5618 935 5689 Questa
959 5617 1237 5692 riguarda
1263 5618 1321 5675 la
1346 5619 1511 5675 Rosa
1537 5618 1732 5685 d’oro,
1763 5617 1874 5675 che
1901 5617 1921 5674 i
1948 5617 2093 5692 Papi
2123 5618 2411 5675 solevano
2439 5617 2501 5674 in
2528 5626 2686 5675 certe
2714 5617 3070 5675 circostante
3098 5618 3381 5675 mandare
3408 5617 3470 5674 in
3497 5618 3659 5675 dono
3689 5618 3806 5675 alla
3831 5617 4209 5692 Repubblica
4234 5619 4484 5685 Veneta,

707 5714 865 5771 delle
890 5713 1052 5788 quali
1077 5714 1133 5771 le
1157 5713 1366 5771 ultime
1392 5714 1445 5771 a’
1477 5713 1672 5788 giorni
1697 5713 1883 5771 nostri
1910 5713 1959 5771 si
1985 5713 2193 5771 videro
2218 5714 2316 5771 nel
2340 5715 2569 5771 Tesoro
2594 5713 2655 5771 di
2681 5714 2738 5771 S.
2770 5715 3002 5771 Marco.

479 5909 686 5977 1204.
737 5910 972 5977 ROSSI
1017 5908 1306 5977 Giovan
1353 5908 1720 5977 Galeazzo
1768 5909 1944 5977 Cav.
1993 5908 2416 5998 bolognese,
2465 5910 2746 5977 Lettera
2792 5908 2858 5977 al
2906 5908 3053 5998 Sig.
3105 5908 3471 5977 Giovanni
3520 5909 3755 5998 Carga
3802 5930 4013 5998 sopra
4057 5908 4127 5977 la
4171 5908 4369 5977 Villa
4414 5908 4486 5977 di

707 6023 1140 6105 Tusculano,
1186 6023 1258 6092 di
1299 6025 1544 6092 Mons.
1591 6023 1881 6092 Giovan
1922 6023 2226 6092 Battista
2266 6023 2721 6113 Campeggio
2763 6025 3107 6092 Vescovo
3150 6023 3222 6092 di
3263 6023 3642 6105 Maiorica,
3688 6023 4024 6113 Bologna
4072 6023 4280 6105 1571,
4325 6023 4399 6091 in
4439 6024 4485 6091 4

706 6138 845 6228 pic.

701 6296 800 6301 —
848 6253 1321 6343 Aggiuntovi:
1379 6253 1762 6343 Campegii
1811 6255 2012 6322 Joan.
2067 6253 2434 6343 Baptistae
2483 6253 2994 6322 Maioricensis
3045 6253 3413 6343 Episcopi:
3470 6255 3582 6322 De
3632 6253 4039 6322 Tusculana
4087 6253 4285 6322 Villa
4336 6275 4483 6335 sua,

707 6368 1085 6437 Bononiae
1123 6368 1330 6437 1571.

2171 6657 2347 6694 WWW.
2358 6637 2734 6710 memofonte.
2748 6639 2791 6694 il
