4958 7017
1981 864 2366 922 Fondazione
2390 864 2775 922 Memofonte
2800 865 2976 922 onlus

1390 960 1600 1018 Studio
1624 979 1731 1035 per
1754 960 2226 1018 l’elaborazione
2250 960 2632 1018 informatica
2655 961 2813 1018 delle
2838 960 2991 1018 fonti
3018 960 3571 1018 storico—artistiche

706 1247 977 1305 Venezia
1007 1248 1182 1315 1814,
1209 1247 1271 1304 in
1294 1248 1351 1315 4,
1379 1247 1505 1322 fig.,
1532 1249 1620 1305 M.
1649 1249 1746 1305 77.

702 1343 995 1401 Edizione
1024 1343 1085 1401 di
1114 1343 1211 1401 cui
1240 1362 1362 1401 non
1391 1343 1608 1401 furono
1640 1343 1917 1418 stampati
1946 1343 2058 1401 che
2088 1343 2166 1401 50
2196 1343 2515 1418 esemplari
2544 1362 2577 1401 e
2607 1343 2673 1401 fu
2701 1343 2995 1401 intitolata
3023 1344 3141 1401 alla
3166 1343 3374 1418 regina
3401 1343 3462 1401 di
3491 1343 3732 1418 Napoli.
3764 1345 3942 1401 Prese
3971 1343 4201 1401 motivo
4231 1344 4487 1401 l’autore

707 1439 768 1497 di
805 1440 1115 1497 estendere
1152 1448 1363 1514 questa
1398 1439 1692 1497 memoria
1728 1440 1805 1497 da
1841 1439 2038 1497 alcuni
2076 1439 2396 1514 fragmenti
2433 1439 2494 1497 di
2529 1439 2698 1514 perni
2736 1439 2797 1497 di
2834 1440 3013 1514 legno
3049 1439 3232 1497 recati
3270 1440 3368 1497 dal
3407 1439 3515 1514 sig.
3555 1440 3815 1497 Dodwel
3853 1439 3914 1497 di
3949 1439 4173 1497 ritorno
4211 1440 4306 1497 da’
4353 1439 4486 1497 suoi

707 1535 910 1610 viaggi
944 1535 1007 1592 in
1042 1535 1277 1603 Grecia,
1316 1544 1579 1610 appunto
1614 1535 1676 1592 in
1713 1535 1946 1610 seguito
1982 1536 2216 1593 d’esser
2249 1536 2464 1593 caduta
2497 1554 2615 1593 una
2648 1536 2807 1593 delle
2842 1536 3101 1593 colonne
3136 1536 3231 1593 de’
3272 1535 3534 1610 Propilei
3569 1544 3797 1593 mentre
3832 1535 3952 1610 egli
3989 1535 4392 1610 soggiornava
4424 1535 4487 1592 in

706 1632 918 1689 Atene.

474 1822 655 1880 2661.
692 1823 1097 1880 CICOGNARA
1127 1823 1462 1897 Leopoldo,
1497 1824 1752 1880 Estratto
1787 1823 2123 1897 dell’opera
2154 1823 2252 1880 del
2288 1822 2492 1897 signor
2525 1823 2912 1894 Quatremere
2946 1823 3021 1880 de
3056 1822 3263 1894 Quirci
3296 1822 3607 1880 intitolata:
3645 1823 3693 1879 Il
3728 1822 3926 1880 Giove
3961 1822 4288 1897 Olimpico,
4325 1822 4489 1880 ossia

707 1919 878 1976 l’arte
903 1919 1063 1976 della
1088 1919 1347 1976 scultura
1371 1918 1583 1986 antica,
1611 1918 1988 1976 considerata
2013 1927 2168 1976 sotto
2193 1937 2274 1976 un
2297 1937 2501 1976 nuovo
2525 1927 2713 1993 punto
2739 1918 2800 1976 di
2825 1918 2995 1986 vista,
3022 1918 3293 1976 Venezia
3323 1919 3498 1986 1817,
3525 1918 3587 1975 in
3614 1919 3667 1986 8,
3694 1918 3799 1993 fig.

702 2014 1003 2072 Intitolato
1030 2015 1105 2072 ad
1128 2014 1396 2072 Antonio
1422 2015 1674 2072 Canova
1698 2033 1815 2072 con
1838 2033 1957 2072 una
1979 2015 2181 2072 tavola
2203 2014 2266 2071 in
2288 2014 2604 2089 principio.

702 2111 1050 2185 Esemplare
1074 2110 1136 2167 in
1160 2119 1320 2168 carta
1344 2110 1545 2168 velina
1566 2129 1757 2168 rosea.

474 2301 655 2359 2662.
683 2302 959 2359 CLARAC
986 2302 1151 2372 (De),
1178 2301 1410 2359 Fouille
1436 2301 1580 2359 faite
1606 2302 1640 2359 à
1662 2301 1913 2376 Pompei
1938 2320 2013 2359 en
2035 2320 2324 2376 presence
2350 2302 2384 2359 à
2409 2302 2466 2359 S.
2495 2303 2583 2359 M.
2612 2302 2670 2359 la
2692 2301 2882 2359 Reine
2907 2302 3013 2359 des
3039 2302 3198 2359 deux
3224 2301 3439 2359 Siciles
3465 2302 3522 2359 le
3554 2302 3624 2359 18
3651 2303 3818 2359 Mars
3851 2302 4024 2359 1813.

711 2397 791 2455 Vi
819 2397 868 2455 si
893 2406 1144 2455 trovano
1172 2397 1361 2455 anche
1387 2398 1443 2455 le
1469 2397 1854 2455 escavazioni
1880 2398 1978 2455 del
2003 2399 2028 2454 I
2053 2397 2327 2472 Maggio,
2357 2416 2512 2455 anno
2539 2397 2895 2455 medesimo.
2925 2398 3061 2455 Con
3086 2397 3355 2472 quindici
3380 2398 3581 2455 tavole
3607 2416 3640 2455 e
3665 2416 3746 2455 un
3771 2397 4164 2472 frontespizio
4191 2397 4488 2472 disegnati

707 2494 1064 2551 dall’autore
1089 2512 1122 2551 e
1146 2493 1438 2568 intagliati
1463 2494 1540 2551 da
1562 2495 1622 2551 F.
1650 2493 1814 2551 Mori
1838 2493 1900 2550 in
1923 2493 2164 2568 Napoli.

474 2685 655 2743 2663.
683 2686 946 2743 COCHIN
969 2686 1025 2743 le
1051 2685 1170 2753 fils,
1198 2694 1256 2743 et
1278 2685 1600 2753 Bellicard,
1629 2685 2061 2743 Observations
2089 2704 2187 2743 sur
2210 2686 2297 2743 les
2324 2685 2641 2760 antiquités
2667 2686 2742 2743 de
2767 2686 2825 2743 la
2848 2685 2992 2743 ville
3017 2686 3513 2753 d’Herculanum,
3540 2685 3703 2743 Paris
3736 2685 3910 2753 1754,
3937 2685 3999 2742 in
4030 2686 4120 2753 12,
4148 2685 4252 2760 fig.

706 2782 1052 2856 L’operetta
1088 2782 1121 2839 e
1159 2781 1355 2839 divisa
1390 2781 1453 2838 in
1489 2790 1574 2839 tre
1614 2781 1861 2839 sezioni.
1902 2783 1988 2839 La
2022 2781 2217 2856 prima
2253 2781 2715 2839 dell’architetto
2754 2781 3058 2839 Bellicard
3095 2800 3211 2839 ove
3251 2800 3401 2839 sono
3440 2781 3718 2839 descritte
3756 2782 3812 2839 le
3848 2781 4165 2856 principali
4204 2781 4488 2839 antichità

707 2876 1099 2944 ercolanensi,
1128 2877 1186 2934 la
1212 2877 1476 2934 seconda
1499 2876 1560 2934 di
1584 2878 1672 2934 M.
1702 2876 1939 2934 Cochin
1962 2876 2005 2933 il
2032 2876 2207 2951 figlio
2233 2876 2344 2934 che
2372 2876 2421 2934 si
2447 2877 2693 2934 estende
2721 2877 2871 2934 sulle
2902 2878 2980 2951 [p.
3009 2877 3111 2946 29]
3142 2895 3324 2951 opere
3349 2876 3410 2934 di
3433 2876 3650 2951 pittura
3673 2895 3706 2934 e
3732 2876 3793 2934 di
3820 2877 4095 2944 scultura,
4123 2877 4181 2934 la
4204 2885 4365 2934 terza
4388 2877 4486 2934 del

705 2972 900 3047 primo
940 2981 1144 3030 autore
1184 2972 1233 3030 si
1271 2973 1516 3030 estende
1556 2991 1624 3030 su
1662 2973 1806 3030 altre
1845 2972 2127 3030 antichità
2163 2972 2224 3030 di
2261 2972 2503 3047 Napoli,
2543 2973 2868 3040 Pozzuolo,
2908 2973 3076 3047 Baja,
3117 2973 3312 3030 Cuma
3348 2991 3381 3030 e
3419 2973 3644 3047 Capua.
3688 2973 3913 3044 Queste
3950 2981 4035 3030 tre
4073 2972 4295 3030 lezioni
4335 2991 4486 3030 sono

705 3069 1027 3143 precedute
1052 3069 1129 3126 da
1151 3087 1269 3126 una
1292 3068 1586 3126 memoria
1611 3068 1830 3126 storica
1855 3069 2007 3126 sulla
2030 3068 2171 3126 città
2194 3068 2255 3126 di
2279 3069 2576 3126 Ercolano
2600 3069 2827 3126 redatta
2850 3069 2927 3126 da
2949 3087 3029 3126 un
3053 3087 3238 3126 uomo
3264 3068 3325 3126 di
3350 3069 3571 3126 lettere.
3599 3069 3647 3125 Il
3672 3069 4005 3126 volumetto
4031 3069 4064 3126 è
4089 3077 4297 3126 ornato
4323 3068 4384 3126 di
4408 3069 4487 3126 40

706 3165 906 3222 tavole
930 3164 1237 3239 intagliate
1262 3183 1379 3222 con
1403 3165 1590 3222 molta
1614 3164 1816 3239 grazia
1839 3165 2001 3222 dallo
2029 3173 2220 3222 stesso
2245 3164 2565 3222 Bellicard.

702 3243 750 3317 E
773 3261 1099 3335 preceduto
1125 3269 1337 3335 questo
1363 3260 1516 3318 libro
1541 3261 1618 3318 da
1640 3279 1720 3318 un
1743 3263 1922 3318 Essai
1945 3280 2052 3318 sur
2074 3260 2133 3318 la
2151 3263 2446 3334 peinture,
2480 3260 2539 3318 la
2564 3260 2883 3334 sculpture,
2917 3272 2975 3318 el
2998 3260 3018 3318 1
3031 3261 3450 3318 ’architeeture
3483 3260 3657 3328 1751,
3687 3279 3867 3318 senza
3890 3261 4093 3335 luogo.

474 3451 655 3509 2664.
683 3452 957 3509 CORSINI
979 3451 1258 3519 Eduardi,
1285 3453 1481 3509 Notae
1506 3470 1875 3526 graecorum,
1905 3451 2033 3509 sive
2059 3470 2299 3519 vocum,
2327 3460 2385 3509 et
2407 3470 2795 3509 numerorum
2817 3451 3196 3526 compendia.

701 3583 784 3587 —
806 3548 1123 3605 Accedunt
1146 3547 1595 3605 dissertationes
1621 3566 1696 3605 ex
1721 3547 1937 3622 quibus
1963 3566 2262 3605 marmora
2285 3548 2584 3622 quaedam
2606 3556 3001 3622 exponuntur,
3030 3566 3098 3605 ac
3124 3548 3530 3615 emendantur,
3557 3547 3892 3605 Florentiae
3924 3548 4099 3615 1749,
4126 3547 4188 3604 in
4212 3547 4317 3605 fol.

474 3739 655 3797 2665.
685 3740 959 3797 CORSINI
982 3739 1261 3807 Eduardi,
1290 3739 1548 3797 Accedit
1569 3739 1854 3797 Herculis
1880 3742 2052 3813 quies
2079 3751 2137 3797 et
2162 3742 2444 3813 expiatio,
2473 3748 2531 3797 et
2554 3739 2616 3796 in
2642 3739 2767 3797 fine
2790 3742 2961 3797 Lami
2984 3742 3242 3797 Joannis
3270 3742 3328 3797 in
3354 3742 3668 3813 antiquam
3695 3739 3963 3797 tabulam
3988 3759 4245 3797 aeneam
4268 3742 4487 3797 Museo

704 3836 994 3893 Ricardio
1019 3836 1405 3893 adservatam
1430 3836 1906 3903 observationes,
1933 3835 2267 3893 Florentiae
2299 3835 2474 3903 1745,
2501 3835 2563 3892 in
2587 3835 2714 3903 fol.,
2742 3835 2846 3910 fig.

710 3966 793 3970 —
815 3930 974 3988 Vedi
1000 3930 1188 3988 anche
1214 3930 1574 3988 all’articolo
1597 3933 1896 3988 Discorso
1921 3950 2107 4004 sopra
2135 3930 2177 3988 il
2199 3951 2400 3988 nuovo
2425 3942 2643 3988 ornato
2667 3930 2829 3988 della
2854 3930 3064 4004 guglia
3088 3931 3151 3988 di
3175 3932 3226 3988 S.
3257 3933 3480 3988 Pietro.

474 4122 655 4180 2666.
683 4123 1016 4180 CORSINUS
1042 4123 1372 4190 Eduardus,
1400 4122 1677 4180 Herculis
1703 4122 1893 4197 quies,
1921 4131 1979 4180 et
2002 4122 2265 4197 expiatio
2290 4122 2353 4179 in
2377 4122 2603 4180 eximio
2628 4122 2989 4180 Farnesiano
3015 4141 3312 4180 marmore
3337 4141 3638 4197 expressa,
3665 4122 3727 4179 in
3752 4122 3879 4190 fol.,
3907 4122 4034 4197 fig.,
4061 4124 4149 4180 M.
4181 4123 4275 4180 82.

711 4220 778 4275 In
802 4218 1100 4293 principio
1128 4219 1161 4276 e
1189 4219 1247 4276 la
1271 4219 1474 4276 tavola
1498 4218 1561 4275 in
1586 4237 1751 4276 rame
1778 4219 1876 4276 del
1903 4227 2314 4276 monumento.
2345 4220 2431 4276 La
2457 4219 2859 4293 grand’opera
2884 4218 2945 4276 di
2972 4219 3380 4293 quest’autore
3407 4219 3440 4276 e
3467 4219 3525 4276 la
3548 4218 3744 4293 prima
3769 4218 3871 4293 qui
3901 4237 4078 4293 sopra
4103 4218 4281 4276 citata
4305 4230 4487 4276 notae

709 4316 1087 4372 Graecorum
1121 4314 1232 4372 che
1266 4315 1419 4372 deve
1453 4314 1703 4389 essergli
1738 4323 1967 4372 costata
1998 4333 2116 4372 una
2149 4314 2331 4372 fatica
2365 4314 2783 4372 straordinaria
2815 4315 2891 4372 ed
2923 4314 3000 4372 ha
3032 4315 3457 4389 grandemente
3489 4333 3596 4389 per
3628 4323 3839 4389 questa
3869 4315 3988 4372 ben
4021 4314 4294 4372 meritato
4329 4315 4489 4372 della

706 4410 1084 4485 Repubblica
1106 4410 1444 4468 Letteraria.

474 4601 655 4659 2667.
684 4602 1008 4659 CRAMERS
1036 4603 1215 4659 Henr.
1244 4603 1392 4659 Mat.
1421 4602 1599 4676 Aug.,
1627 4601 1869 4659 Notizie
1893 4620 2000 4676 per
2023 4620 2142 4659 una
2168 4601 2349 4659 storia
2373 4602 2532 4659 delle
2560 4610 2832 4676 scoperte
2858 4602 3242 4669 d’Ercolano,
3271 4620 3388 4659 con
3412 4620 3531 4659 una
3553 4601 3902 4676 prefazione
3928 4601 3989 4659 di
4014 4603 4056 4659 I.
4085 4603 4127 4659 I.
4156 4601 4484 4669 Rambach,

707 4698 885 4755 Halla
915 4698 1090 4765 1772,
1117 4697 1179 4754 in
1206 4698 1258 4755 8.

709 4794 1016 4868 Stampato
1041 4793 1103 4850 in
1127 4793 1334 4868 lingua
1356 4794 1615 4851 tedesca.

474 4985 655 5043 2668.
684 4986 955 5043 CUPERO
980 4985 1280 5053 Gisberto,
1307 4985 1675 5060 Apotheosis
1702 4986 1799 5043 vel
1824 4985 2199 5043 consecratio
2225 4985 2494 5053 Homeri,
2524 4985 2651 5043 sive
2676 4985 2829 5060 lapis
2856 4985 3327 5060 antiquissimus,
3354 4985 3417 5042 in
3441 5004 3561 5060 quo
3585 4994 3900 5060 poetarum
3920 4985 4209 5060 principis
4235 4985 4485 5043 Homeri

707 5080 1081 5138 consecratio
1109 5081 1341 5155 sculpta
1364 5089 1470 5148 est,
1498 5080 1933 5138 commentario
1958 5080 2301 5138 illustratus:
2332 5081 2625 5138 accedunt
2648 5089 2781 5148 etc.,
2808 5080 3253 5138 Amstelodami
3285 5080 3460 5148 1683,
3487 5080 3549 5137 in
3572 5081 3629 5148 4,
3657 5080 3761 5155 fig.

706 5178 790 5234 Le
815 5177 1015 5234 tavole
1040 5195 1361 5234 numerose
1386 5176 1447 5234 di
1472 5176 1848 5234 monumenti
1873 5195 1906 5234 e
1932 5176 2233 5251 medaglie
2261 5195 2412 5234 sono
2440 5195 2642 5251 sparse
2665 5195 2773 5251 per
2796 5177 3030 5251 l’opera
3053 5176 3143 5234 fra
3166 5176 3209 5233 il
3234 5185 3405 5234 testo.
3433 5159 3481 5233 E
3506 5177 3583 5234 da
3607 5176 3936 5234 osservarsi
3961 5176 4073 5234 che
4098 5195 4220 5234 non
4245 5176 4486 5234 manchi

706 5272 768 5329 in
790 5272 1088 5347 principio
1114 5273 1172 5330 la
1193 5272 1530 5330 bellissima
1552 5273 1756 5330 tavola
1779 5273 2001 5347 grande
2026 5272 2475 5347 dell’Apoteosi
2499 5272 2809 5347 intagliata
2832 5273 2930 5330 dal
2956 5272 3369 5330 Gallestruzzi.
3397 5272 3741 5347 Magnifico
3767 5273 4100 5347 esemplare
4124 5272 4186 5329 in
4210 5272 4311 5330 Vit.

474 5464 655 5523 2669.
683 5466 1238 5532 DELAGARDETTE,
1266 5466 1382 5522 Les
1407 5464 1607 5522 ruines
1634 5465 1709 5522 de
1734 5466 2031 5532 Paestum,
2060 5483 2140 5522 ou
2164 5464 2541 5532 Possidonia,
2571 5464 2861 5522 ancienne
2887 5464 3031 5522 ville
3057 5465 3132 5522 de
3158 5465 3216 5522 la
3240 5465 3462 5539 grande
3489 5465 3701 5532 Grece,
3730 5465 3919 5532 lévée,
3953 5466 4031 5539 [p.
4063 5465 4162 5534 30]
4193 5465 4484 5532 mesurée,

707 5568 765 5617 et
788 5559 1065 5617 dessinée
1093 5578 1190 5617 sur
1213 5560 1269 5617 le
1294 5559 1433 5627 lieu,
1460 5559 1623 5617 Paris
1650 5578 1741 5617 an.
1770 5553 1891 5627 7me,
1919 5560 2121 5634 grand.
2150 5559 2277 5627 fol.,
2305 5559 2410 5634 fig.

704 5655 1137 5727 Quest’ultimo
1170 5655 1414 5730 viaggio
1446 5664 1645 5713 esteso
1677 5656 1754 5713 ed
1783 5655 2075 5713 illustrato
2107 5656 2184 5713 da
2213 5664 2425 5730 questo
2455 5656 2661 5713 buono
2694 5655 3003 5713 architetto
3035 5656 3342 5713 dovrebbe
3373 5674 3572 5713 essere
3601 5655 3947 5730 preferibile
3979 5674 4013 5713 a
4041 5664 4186 5713 tutte
4217 5656 4273 5713 le
4304 5674 4486 5730 opere

705 5751 1068 5826 precedenti,
1095 5751 1315 5826 poiché
1341 5751 1613 5826 eseguito
1640 5770 1758 5809 con
1782 5760 1929 5809 tutta
1953 5752 2011 5809 la
2035 5751 2343 5809 comodità
2367 5751 2428 5809 di
2455 5751 2672 5809 valersi
2699 5752 2857 5809 delle
2884 5751 3054 5809 altrui
3081 5751 3321 5819 fatiche,
3352 5752 3402 5809 si
3426 5770 3533 5826 per
3559 5751 3835 5826 seguirle,
3864 5751 3975 5809 che
3999 5770 4106 5826 per
4130 5751 4481 5809 confutarle:

707 5847 767 5905 vi
794 5866 944 5905 sono
977 5848 1049 5904 14
1074 5848 1274 5905 tavole
1298 5847 1360 5904 in
1382 5866 1564 5905 rame.

474 6039 655 6097 2670.
684 6041 1130 6097 DESCRIZIONE
1156 6040 1314 6097 delle
1340 6058 1540 6097 nuove
1569 6048 1841 6114 scoperte
1867 6039 1929 6096 in
1954 6040 2201 6114 Pompej
2212 6058 2262 6107 a,
2292 6039 2433 6097 città
2457 6039 2568 6097 che
2595 6058 2790 6097 venne
2815 6039 3112 6114 ricoperta
3137 6040 3214 6097 da
3238 6039 3631 6097 un’eruzione
3658 6040 3756 6097 del
3782 6039 4055 6097 Vesuvio
4084 6040 4139 6097 al
4166 6040 4245 6096 24
4274 6048 4486 6114 agosto

707 6135 786 6192 72
813 6135 911 6192 del
937 6134 1198 6192 cavalier
1223 6135 1401 6209 Gugl.
1431 6134 1759 6202 Hamilton,
1787 6135 2041 6192 tradotta
2065 6134 2449 6209 dall’inglese
2475 6153 2592 6192 con
2618 6134 2900 6209 aggiunte
2926 6135 3003 6192 da
3028 6134 3365 6192 Cristoforo
3392 6135 3467 6192 de
3492 6136 3678 6202 Murr,
3706 6134 4107 6209 Norimberga
4138 6135 4313 6202 1770,
4341 6134 4403 6191 in
4427 6135 4484 6202 4,

707 6230 812 6305 fig.

712 6327 847 6384 Con
870 6326 1080 6384 tredici
1104 6327 1304 6384 tavole
1327 6327 1446 6384 ben
1470 6326 1782 6401 disegnate
1807 6345 1840 6384 e
1864 6326 2188 6401 intagliate,
2218 6335 2512 6401 stampato
2537 6326 2599 6383 in
2623 6326 2829 6401 lingua
2851 6327 3110 6384 tedesca.

2171 6657 2347 6694 WWW.
2358 6637 2734 6710 memofonte.
2748 6639 2766 6694 i
2770 6648 2791 6694 t
