4958 7017
1981 864 2366 922 Fondazione
2390 864 2775 922 Memofonte
2800 865 2976 922 onlus

1390 960 1600 1018 Studio
1624 979 1731 1035 per
1754 960 2226 1018 l’elaborazione
2250 960 2632 1018 informatica
2655 961 2813 1018 delle
2838 960 2991 1018 fonti
3018 960 3571 1018 storico—artistiche

474 1248 655 1305 2738.
683 1248 1014 1305 AVENARII
1036 1247 1324 1305 Johannis
1351 1247 1693 1315 Christiani,
1720 1247 2077 1305 Dissertatio
2103 1247 2388 1305 historica
2412 1247 2863 1305 architettonica
2886 1248 2961 1305 de
2986 1247 3312 1305 Artemisia
3336 1256 3394 1305 et
3416 1248 3723 1315 Mausolo,
3751 1247 3992 1322 Lipsiae
4024 1248 4199 1315 1714,
4226 1247 4288 1304 in
4311 1248 4368 1315 4,
4395 1249 4483 1305 M.

708 1343 804 1401 57.

712 1440 847 1497 Con
870 1458 989 1497 una
1011 1440 1214 1497 tavola
1236 1439 1298 1496 in
1320 1458 1485 1497 rame
1510 1440 1608 1497 del
1633 1448 2026 1497 monumento
2052 1458 2085 1497 e
2109 1458 2189 1497 un
2213 1439 2598 1514 medaglione
2622 1440 2721 1497 nel
2746 1439 3156 1514 frontespizio.

474 1632 655 1690 2739.
682 1633 776 1689 De
800 1632 1090 1689 AVENTIS
1117 1631 1437 1706 Alphunsi,
1465 1633 1559 1689 De
1582 1631 1969 1706 proportione
1993 1640 2370 1689 monetarum
2393 1631 2750 1699 dissertatio,
2777 1633 3009 1689 Romae
3041 1631 3216 1699 1785,
3243 1631 3305 1688 in
3328 1632 3385 1699 4,
3412 1633 3500 1689 M.
3528 1632 3584 1689 4.

474 1823 655 1880 2740.
682 1822 869 1880 Bacci
893 1823 1152 1890 Andrea,
1179 1824 1263 1880 Le
1288 1822 1493 1880 dodici
1516 1822 1704 1897 pietre
1727 1822 2021 1897 preziose,
2049 1822 2160 1880 che
2186 1823 2558 1880 adornarono
2583 1822 2603 1879 i
2628 1822 2970 1880 vestimenti
2995 1823 3093 1880 del
3120 1823 3372 1880 Sommo
3400 1823 3741 1880 Sacerdote.

697 1954 780 1958 —
807 1918 1178 1993 Aggiuntevi
1207 1918 1250 1975 il
1280 1918 1599 1986 diamante,
1632 1919 1688 1976 le
1717 1918 2074 1993 margherite
2104 1927 2214 1976 etc.
2248 1937 2365 1976 con
2393 1937 2473 1976 un
2502 1918 2776 1976 discorso
2807 1918 3227 1976 dell’alicorno
3258 1937 3291 1976 e
3321 1919 3481 1976 della
3509 1937 3653 1993 gran
3680 1918 3873 1976 bestia
3901 1919 4061 1976 detta
4088 1919 4259 1986 Alce,
4291 1920 4489 1976 Roma

714 2014 889 2082 1587,
915 2014 977 2071 in
1000 2015 1056 2072 4.

474 2207 655 2264 2741.
682 2208 918 2264 BAJERI
939 2208 1028 2264 Jo.
1056 2206 1285 2274 Jacobi,
1314 2207 1707 2264 Gemmarum
1731 2206 1963 2264 affabre
1990 2207 2356 2281 sculptarum
2378 2206 2708 2274 thesaurus,
2736 2225 2919 2281 quem
2945 2206 3067 2264 suis
3096 2206 3431 2281 sumptibus
3457 2206 3705 2281 collegit
3727 2208 3816 2264 Jo.
3844 2208 3997 2264 Mar.
4027 2207 4100 2264 ab
4125 2207 4489 2281 Ebermayer

706 2301 1234 2376 norimbergensis,
1262 2301 1514 2376 digessit
1537 2310 1595 2359 et
1616 2301 1917 2359 recensuit
1939 2303 1981 2359 I.
2009 2303 2051 2359 I.
2079 2302 2348 2376 Bajerus,
2375 2301 2648 2359 Norimb.
2684 2302 2859 2369 1720,
2886 2301 2948 2358 in
2972 2301 3077 2359 fol.
3106 2320 3160 2376 g.

711 2398 759 2454 Il
784 2397 1038 2472 disegno
1064 2398 1162 2455 del
1188 2397 1571 2455 Gazofilacio
1596 2397 1906 2472 intagliato
1931 2397 1994 2454 in
2016 2416 2181 2455 rame
2204 2398 2462 2472 precede
2486 2397 2529 2454 il
2554 2397 2948 2472 frontespizio
2974 2416 3007 2455 e
3034 2416 3305 2472 seguono
3333 2398 3410 2455 30
3435 2398 3635 2455 tavole
3660 2397 4151 2472 diligentemente
4177 2397 4487 2472 disegnate

707 2494 783 2551 ed
806 2493 1014 2561 incise,
1042 2512 1159 2551 con
1183 2512 1328 2568 gran
1351 2512 1602 2551 numero
1628 2493 1689 2551 di
1714 2512 1971 2568 gemme.
2001 2494 2202 2568 Opera
2225 2494 2383 2551 delle
2408 2493 2672 2568 migliori
2697 2493 2883 2551 escite
2908 2493 3006 2551 dai
3030 2493 3138 2568 tipi
3163 2493 3224 2551 di
3248 2493 3649 2568 Norimberga
3671 2493 3733 2550 in
3758 2494 4159 2568 quell’epoca.

474 2686 655 2743 2742.
698 2687 1011 2743 BANDURI
1050 2685 1346 2753 Anselmi,
1389 2685 1772 2743 Numismata
1811 2687 2245 2760 Imperatorum
2282 2704 2672 2743 romanorum
2711 2704 2745 2743 a
2783 2686 3040 2760 Trajano
3081 2685 3276 2743 Decio
3319 2686 3394 2743 ad
3433 2686 3794 2760 Paleologos
3836 2686 4163 2760 Augustos.
4208 2685 4489 2743 Accessit

706 2781 1089 2839 Bibliotheca
1111 2781 1482 2849 Nummaria,
1509 2781 1779 2839 Lutetiae
1803 2781 2168 2839 Parisiorum
2197 2782 2372 2849 1718,
2399 2781 2461 2838 in
2485 2781 2612 2849 fol.,
2640 2781 2767 2856 fig.,
2795 2782 2914 2839 vol.
2943 2782 2998 2839 2.

705 2912 788 2916 —
826 2876 1063 2934 Taninii
1104 2876 1479 2951 Hieronymi,
1522 2876 1905 2934 Numismata
1943 2878 2378 2951 Imperatorum
2415 2895 2804 2934 romanorum
2844 2895 2878 2934 a
2916 2877 3172 2951 Trajano
3213 2876 3408 2934 Decio
3451 2877 3526 2934 ad
3566 2876 3988 2934 Costantinum
4026 2878 4372 2934 Draconem
4412 2877 4485 2934 ab

706 2973 1002 3030 Anselmo
1027 2972 1333 3030 Bandurio
1359 2972 1587 3030 editore
1614 2973 2116 3047 supplementum,
2143 2974 2376 3030 Romae
2408 2973 2583 3040 1791,
2610 2972 2672 3029 in
2696 2972 2823 3040 fol.,
2851 2972 2955 3047 fig.

706 3070 802 3126 Va
846 3068 1011 3126 unita
1056 3068 1219 3143 cogli
1268 3068 1521 3126 scrittori
1568 3069 1729 3126 della
1773 3068 2106 3136 Bizantina,
2156 3087 2256 3126 ma
2299 3069 2422 3143 può
2472 3077 2623 3126 stare
2671 3068 2860 3126 anche
2910 3077 3397 3143 separatamente.
3449 3068 3661 3140 Questi
3709 3077 3794 3126 tre
3841 3068 4072 3126 volumi
4120 3068 4397 3126 formano
4444 3068 4487 3125 il

707 3165 1053 3239 complesso
1087 3165 1423 3239 dell’opera
1454 3164 1565 3222 che
1596 3165 1718 3239 può
1751 3164 2021 3222 ritenersi
2055 3164 2145 3222 fra
2176 3165 2232 3222 le
2263 3164 2368 3239 più
2400 3164 2651 3239 copiose
2684 3183 2717 3222 e
2748 3164 3065 3239 principali
3098 3164 3159 3222 di
3191 3164 3631 3222 numismatica:
3669 3165 3725 3222 le
3758 3164 4254 3222 numerosissime
4286 3165 4487 3222 tavole

709 3269 919 3318 stanno
945 3261 1242 3318 collocate
1267 3260 1357 3318 fra
1379 3260 1422 3317 il
1446 3269 1599 3318 testo
1626 3261 1678 3318 a’
1711 3260 1919 3335 luoghi
1942 3260 2253 3335 rispettivi.

474 3452 655 3509 2743.
682 3453 999 3508 BARRERE
1021 3451 1236 3519 Pierre,
1264 3451 1696 3509 Observations
1724 3470 1822 3509 sur
1845 3451 2127 3526 l’origine
2152 3460 2210 3509 et
2233 3452 2291 3509 la
2315 3451 2640 3509 formation
2664 3452 2770 3509 des
2794 3451 3018 3526 pierres
3044 3451 3325 3526 figurées,
3352 3451 3515 3509 Paris
3548 3451 3723 3519 1746,
3750 3451 3812 3508 in
3839 3452 3892 3519 8,
3920 3451 4046 3526 fig.,
4073 3453 4161 3509 M.
4191 3451 4287 3509 63.

712 3548 847 3605 Con
871 3548 987 3605 due
1011 3548 1212 3605 tavole
1236 3547 1542 3622 intagliate
1566 3547 1629 3604 in
1651 3566 1816 3605 rame
1841 3566 1958 3605 con
1982 3548 2170 3605 molta
2194 3556 2594 3605 accuratezza.

479 3741 557 3814 [p.
585 3740 687 3809 42]

474 3931 655 3988 2744.
686 3932 983 3988 BARTOLI
1009 3930 1205 3988 Pietro
1237 3930 1420 3998 Santi,
1453 3930 1809 3988 Collezione
1838 3930 1899 3988 di
1928 3949 2169 4005 gemme
2197 3930 2505 4005 intagliate
2534 3931 2592 3988 la
2617 3930 2722 4005 più
2748 3939 2913 4005 parte
2940 3930 3317 4005 provenienti
3346 3931 3444 3988 dal
3472 3939 3672 3988 tesoro
3702 3931 3800 3988 del
3829 3931 3984 3988 duca
4012 3930 4394 3998 Odescalchi,
4425 3930 4487 3987 in

706 4045 956 4084 numero
982 4026 1043 4084 di
1069 4026 1144 4084 53
1172 4027 1372 4084 tavole
1396 4026 1458 4083 in
1482 4026 1587 4084 fol.
1614 4026 1731 4101 pic.

704 4123 931 4194 Questa
961 4141 1091 4180 rara
1123 4122 1461 4180 collezione
1495 4123 1528 4180 e
1562 4131 1878 4180 mancante
1912 4123 2010 4180 del
2043 4131 2215 4190 testo,
2250 4122 2470 4197 poiché
2505 4123 2741 4180 avendo
2775 4122 2818 4179 il
2852 4123 3007 4180 duca
3039 4122 3186 4180 fatto
3220 4122 3532 4197 intagliare
3565 4122 3627 4179 in
3661 4141 3806 4197 gran
3837 4131 4002 4197 parte
4036 4123 4092 4180 le
4126 4141 4366 4197 gemme
4400 4141 4433 4180 e
4466 4122 4486 4179 i

706 4218 1082 4276 monumenti
1115 4219 1213 4276 del
1248 4237 1357 4276 suo
1389 4218 1769 4276 ricchissimo
1804 4237 2036 4286 museo,
2072 4218 2183 4276 che
2217 4237 2408 4276 aveva
2438 4218 2783 4276 intenzione
2816 4218 2877 4276 di
2910 4218 3000 4276 far
3031 4218 3397 4286 continuare,
3431 4218 3651 4276 rimase
3684 4218 3727 4275 il
3759 4227 3908 4276 tutto
3944 4237 4196 4293 sospeso
4231 4219 4348 4276 alla
4381 4237 4488 4276 sua

706 4323 896 4372 morte
925 4314 1156 4389 seguita
1180 4315 1278 4372 nel
1311 4315 1464 4372 1713
1494 4333 1527 4372 e
1552 4314 2104 4372 immediatamente
2130 4315 2293 4389 dopo
2320 4315 2537 4389 quella,
2566 4315 2825 4372 essendo
2852 4315 3065 4372 cadute
3090 4314 3152 4371 in
3177 4333 3358 4372 mano
3385 4315 3534 4372 d’un
3559 4315 3759 4372 destro
3788 4323 4147 4389 stampatore
4173 4323 4381 4389 queste
4408 4314 4483 4372 53

706 4411 924 4478 tavole,
953 4429 1028 4468 ne
1055 4410 1272 4468 furono
1300 4410 1721 4468 furtivamente
1748 4410 1916 4468 tirate
1944 4411 2155 4468 alcune
2182 4410 2359 4485 copie
2384 4411 2706 4485 precedute
2733 4411 2810 4468 da
2834 4429 2914 4468 un
2938 4410 3277 4468 bellissimo
3306 4410 3717 4485 frontespizio,
3747 4429 3863 4468 ove
3889 4410 3932 4467 il
3957 4410 4181 4468 ritratto
4209 4411 4307 4468 del
4334 4411 4489 4468 duca

706 4505 768 4562 in
802 4524 1015 4563 mezzo
1052 4505 1107 4563 ai
1143 4505 1299 4563 Geni
1334 4506 1492 4563 delle
1528 4505 1682 4563 virtù
1717 4524 1750 4563 e
1785 4506 1943 4563 delle
1980 4505 2218 4563 scienze
2254 4505 2462 4563 vedesi
2497 4506 2818 4573 collocato,
2856 4505 3169 4580 disegnato
3205 4506 3282 4563 da
3315 4506 3448 4563 Car.
3486 4505 3728 4563 Maratti
3764 4506 3840 4563 ed
3873 4505 4067 4563 inciso
4103 4506 4180 4563 da
4214 4506 4486 4563 Gustavo

706 4601 1011 4676 Ameling.
1039 4602 1156 4659 Nel
1188 4602 1342 4659 1747
1368 4601 1472 4676 poi
1497 4620 1820 4676 comparve
1844 4601 1906 4658 in
1929 4601 2143 4659 intiero
2169 4620 2286 4659 con
2310 4610 2518 4676 queste
2543 4620 2576 4659 e
2600 4610 2746 4659 tutte
2771 4602 2827 4659 le
2853 4602 2996 4659 altre
3023 4610 3252 4676 stampe
3275 4601 3490 4659 riunite
3514 4601 3557 4658 il
3580 4604 3801 4659 Museo
3830 4601 4215 4659 Odescalchi.

474 4793 655 4851 2745.
686 4795 984 4851 BARTOLI
1010 4793 1206 4851 Pietro
1238 4793 1420 4861 Santi,
1452 4795 1779 4851 Musaeum
1807 4794 2232 4861 Odescalcum,
2266 4793 2394 4851 sive
2422 4793 2733 4851 thesaurus
2764 4793 3164 4868 antiquarium
3192 4794 3587 4851 Gemmarum
3613 4812 3755 4851 cum
3781 4793 4147 4868 imaginibus
4177 4793 4239 4850 in
4267 4793 4488 4851 iisdem

706 4889 1020 4964 insculptis
1066 4898 1176 4947 etc.
1224 4908 1377 4964 quae
1423 4908 1457 4947 a
1501 4889 1900 4947 Serenissima
1943 4889 2246 4947 Christina
2290 4890 2624 4947 Svecorum
2666 4889 2900 4964 Regina
2943 4890 3235 4947 collectae
3278 4889 3341 4946 in
3383 4891 3607 4947 Museo
3653 4889 4036 4947 Odescalcho
4082 4890 4484 4957 adservantur,

706 4987 938 5043 Romae
970 4985 1256 5053 1751-52,
1284 4986 1403 5043 vol.
1432 4986 1488 5053 2,
1515 4985 1577 5042 in
1601 4985 1728 5053 fol.,
1756 4985 1860 5060 fig.

702 5080 925 5138 Nicolò
960 5080 1223 5138 Galeotti
1256 5089 1451 5138 estese
1483 5080 1503 5137 i
1537 5081 1926 5155 commentarj
1966 5081 2081 5138 alle
2113 5081 2313 5138 tavole
2346 5080 2407 5138 di
2440 5081 2845 5155 quest’opera,
2881 5080 2992 5138 che
3026 5081 3372 5138 ascendono
3407 5081 3462 5138 al
3495 5099 3656 5138 num.
3694 5080 3755 5138 di
3795 5081 3906 5138 103
3945 5099 4125 5138 senza
4156 5089 4397 5138 contare
4430 5081 4486 5138 le

707 5176 988 5251 vignette,
1019 5177 1179 5234 nella
1206 5177 1382 5251 quale
1413 5177 1662 5234 sarebbe
1692 5185 1842 5234 stato
1871 5177 2060 5234 molto
2087 5176 2192 5251 più
2219 5176 2428 5234 ordine
2457 5195 2490 5234 e
2520 5177 2721 5244 scelta,
2755 5195 2818 5234 se
2847 5176 3013 5234 fosse
3044 5185 3192 5234 stata
3216 5176 3563 5251 pubblicata
3590 5176 3831 5234 vivente
3859 5176 4147 5251 l’insigne
4175 5177 4486 5234 collettore

707 5273 805 5330 del
829 5274 1069 5330 Museo.
1097 5274 1183 5330 La
1204 5272 1398 5347 prima
1421 5272 1699 5330 edizione
1725 5272 1790 5330 fu
1812 5272 2160 5347 pubblicata
2182 5273 2280 5330 nel
2312 5273 2486 5330 1747.

474 5464 655 5522 2746.
694 5466 992 5522 BARTOLI
1026 5464 1222 5522 Pietro
1262 5464 1444 5532 Santi,
1484 5465 1774 5522 Raccolta
1809 5464 1870 5522 di
1907 5483 2148 5539 gemme
2186 5464 2422 5522 antiche
2460 5464 2732 5539 figurate,
2772 5464 2963 5522 incise
3000 5465 3076 5522 ed
3111 5464 3400 5522 illustrate
3437 5465 3514 5522 da
3548 5464 4002 5539 Michelangelo
4040 5465 4280 5522 Causeo
4318 5465 4393 5522 de
4430 5465 4488 5522 la

707 5559 998 5627 Chausse,
1026 5559 1304 5617 edizione
1329 5560 1385 5627 2,
1412 5561 1609 5617 Roma
1639 5559 1813 5617 1805.

706 5655 1079 5730 Ristampata
1102 5656 1463 5713 malamente
1486 5674 1593 5730 per
1618 5655 2042 5730 speculazione
2067 5655 2321 5713 libraria.
2349 5655 2508 5713 Vedi
2532 5657 2626 5713 De
2651 5656 2709 5713 la
2732 5655 3023 5723 Chausse,
3051 5656 3088 5712 2
3114 5656 3255 5723 vol.,
3282 5655 3344 5712 in
3371 5656 3424 5723 8,
3452 5655 3557 5730 fig.

474 5848 655 5905 2747.
682 5849 1109 5905 BARUFFALDI
1133 5847 1470 5915 Girolarno,
1500 5847 1929 5905 Osservazioni
1956 5866 2133 5922 sopra
2155 5847 2463 5905 un’antica
2486 5847 2806 5905 iscrizione
2831 5848 2929 5905 del
2954 5847 3092 5905 vico
3118 5847 3442 5915 Aventino,
3470 5849 3710 5905 Ferrara
3740 5848 3914 5915 1810,
3941 5847 4003 5904 in
4026 5848 4082 5905 4.

474 6040 655 6097 2748.
682 6041 1026 6097 BAFFELLO
1049 6041 1138 6097 Jo.
1167 6039 1561 6114 Cristophori,
1588 6039 1903 6114 Expositio
1930 6039 2091 6097 aurei
2115 6039 2495 6097 numismatis
2522 6039 2864 6097 Heracliani
2889 6058 2964 6097 ex
2988 6058 3238 6097 musaeo
3264 6039 3597 6097 Clementis
3622 6041 3725 6107 XI,
3752 6041 3984 6097 Romae
4016 6040 4191 6107 1702,
4218 6039 4280 6096 in
4307 6040 4359 6097 8.

706 6135 1054 6209 Esemplare
1078 6134 1140 6191 in
1164 6143 1324 6192 carta
1348 6135 1587 6209 grande.

474 6327 655 6385 2749.
691 6328 1059 6384 BAUDOLET
1091 6327 1166 6384 de
1199 6326 1464 6394 Dairval,
1501 6326 1765 6384 Histoire
1799 6327 1874 6384 de
1907 6327 2218 6384 Ptolomée
2252 6327 2523 6394 Auletes;
2560 6326 2941 6384 dissertation
2976 6345 3074 6384 sur
3106 6345 3222 6384 une
3254 6326 3447 6401 pierre
3482 6327 3699 6401 gravée
3734 6326 3974 6401 antique
4009 6327 4089 6384 du
4123 6326 4379 6384 Cabinet
4411 6327 4486 6384 de

706 6423 1012 6490 Madame,
1039 6422 1202 6480 Paris
1235 6422 1409 6490 1698,
1436 6422 1498 6479 in
1529 6423 1620 6490 12,
1648 6422 1752 6497 fig.

2171 6657 2347 6694 WWW.
2358 6637 2734 6710 memofonte.
2748 6639 2791 6694 il
