4958 7017
1981 864 2366 922 Fondazione
2390 838 2775 922 Memofonte
2800 865 2976 922 onlus

1390 960 1600 1018 Studio
1624 979 1731 1035 per
1754 960 2226 1018 l’elaborazione
2250 960 2632 1018 informatica
2655 961 2813 1018 delle
2838 960 2991 1018 fonti
3018 960 3571 1018 storico—artistiche

481 1247 723 1305 Nicolai
750 1248 877 1318 (de)
903 1247 1124 1315 Nicol,
1149 1250 1230 1305 Le
1255 1250 1641 1321 navigazioni
1666 1267 1697 1305 e
1723 1250 1929 1321 viaggi
1955 1250 2013 1305 in
2042 1248 2316 1315 Turchia,
2351 1248 2523 1305 1731.

481 1391 723 1449 Nicolai
750 1392 877 1462 (de)
903 1391 1124 1459 Nicol,
1149 1394 1263 1449 Les
1285 1394 1371 1449 IV
1380 1394 1678 1465 premiers
1704 1391 1884 1449 livres
1908 1392 2016 1449 des
2040 1394 2445 1465 navigations,
2480 1392 2653 1449 1730.

481 1535 723 1593 Nicolai
747 1537 936 1603 Joan,
961 1538 1056 1593 De
1081 1535 1420 1609 sepulchris
1442 1536 1693 1603 Haebr.,
1728 1536 1901 1593 1733.

481 1679 723 1737 Nicolai
747 1681 936 1747 Joan,
961 1682 1372 1737 Romanorum
1398 1680 1749 1753 triumphus,
1779 1680 1956 1737 3804.

481 1822 723 1880 Nicolai
747 1824 936 1890 Joan,
961 1823 1344 1880 Recherches
1369 1823 1735 1896 historiques
1759 1842 1866 1880 sur
1888 1822 1975 1880 les
1992 1842 2352 1896 perruques,
2387 1823 2560 1880 1732.

481 1966 723 2024 Nicolai
747 1968 936 2034 Joan,
961 1969 1056 2024 De
1084 1969 1197 2024 ritu
1223 1966 1746 2034 bachanaliorum,
1776 1967 1954 2024 3283.

481 2110 723 2168 Nicolai
747 2112 936 2178 Joan,
966 2112 1110 2182 (De)
1138 2110 1180 2168 il
1203 2110 1379 2178 bello,
1411 2110 1672 2178 novella,
1707 2110 1880 2168 1066.

481 2254 731 2312 Nicolas
757 2254 889 2322 Ch.,
914 2257 1184 2312 Histoire
1209 2255 1317 2312 des
1341 2254 1658 2312 médailles
1684 2266 1815 2322 etc.,
1843 2255 2024 2313 2942.

481 2397 686 2455 Nicoli
710 2398 871 2465 Fed.,
903 2400 1033 2455 Vita
1058 2398 1121 2455 di
1142 2400 1455 2461 Lattanzio
1482 2398 1814 2465 Gambara,
1842 2398 2022 2455 2334.

481 2541 787 2599 Niccolini
812 2542 972 2609 Ant.,
997 2541 1175 2599 Delle
1203 2544 1521 2605 risonanze
1546 2541 1647 2599 del
1671 2553 1883 2609 teatro,
1911 2541 2049 2600 769.

481 2685 787 2743 Niccolini
813 2685 950 2743 Gio.
978 2687 1070 2753 B.,
1096 2685 1316 2759 Elogio
1340 2686 1403 2743 di
1429 2687 1496 2743 G.
1526 2688 1589 2743 B.
1616 2685 1867 2753 Alberti,
1895 2685 2075 2743 2335.

481 2828 787 2886 Niccolini
813 2828 950 2886 Gio.
978 2830 1070 2896 B.,
1101 2830 1403 2892 Orazione
1428 2829 1491 2886 di
1515 2828 1672 2886 belle
1697 2831 1832 2896 arti,
1867 2829 2040 2886 1334.

481 2972 768 3040 Niebuhr,
800 2975 1042 3046 Voyage
1069 2992 1142 3030 en
1162 2973 1409 3040 Arabie,
1436 2972 1616 3030 2538.

481 3116 768 3184 Niebuhr,
793 3118 1185 3190 Description
1210 3117 1285 3174 de
1312 3116 1332 3174 l
1345 3117 1603 3184 ’Arabie,
1631 3116 1811 3175 2539.

481 3260 768 3328 Niebuhr,
793 3260 1044 3318 Re'cueil
1066 3261 1141 3318 de
1167 3263 1478 3334 questions
1504 3272 1635 3328 etc.,
1663 3260 1843 3318 2540.

481 3403 792 3478 Nieuport,
823 3405 1213 3461 Ce’re’monies
1237 3404 1345 3461 des
1372 3406 1658 3471 romains,
1693 3404 1866 3461 1734.

481 3547 653 3622 Nigri
678 3548 875 3615 Alex.,
900 3550 995 3605 De
1018 3550 1394 3605 Bononiensi
1417 3559 1821 3615 monumento,
1850 3548 2028 3605 3284.

481 3691 667 3766 Niphi
692 3692 870 3766 Aug.,
895 3694 990 3749 De
1008 3691 1290 3765 pulchro,
1325 3691 1498 3749 1067.

481 3835 723 3903 Nobile,
748 3838 1128 3893 Monumenti
1151 3836 1193 3893 d
1204 3836 1429 3893 ’archit.
1444 3884 1455 3903 ,
1483 3835 1597 3893 581
1612 3884 1621 3893 .

481 3978 805 4036 Nobilibus
833 3979 980 4049 (de),
1012 3981 1142 4036 Vita
1169 3990 1227 4036 et
1248 3978 1535 4036 mitacula
1560 3999 1598 4036 a
1624 3980 1675 4036 S.
1706 3981 1799 4036 Fr.
1831 3979 1906 4036 de
1930 3978 2145 4046 Paula,
2172 3979 2352 4036 2070.

481 4122 633 4180 Noir
658 4123 766 4193 (le)
792 4123 988 4190 Alex.,
1013 4124 1228 4180 Musée
1253 4123 1361 4180 des
1385 4142 1740 4180 monumens
1751 4123 2052 4197 francois,
2082 4123 2261 4190 3421,
2290 4123 2468 4180 3404.

481 4266 633 4324 Noir
658 4267 766 4337 (le)
792 4267 988 4334 Alex.,
1013 4268 1405 4340 Description
1431 4267 1764 4340 historique
1789 4267 1897 4324 des
1921 4287 2177 4324 monum.
2211 4278 2269 4324 et
2290 4266 2628 4340 sculptures
2654 4286 2762 4334 ec.,
2792 4266 2970 4324 3533.

481 4410 633 4468 Noir
658 4411 766 4481 (le)
792 4411 988 4478 Alex.,
1012 4413 1228 4468 Notice
1253 4413 1523 4468 succinte
1548 4411 1656 4468 des
1681 4411 1876 4484 objets
1900 4411 1975 4468 de
2000 4410 2339 4484 sculptures
2365 4422 2496 4478 etc.,
2525 4410 2703 4468 3534.

481 4554 642 4611 Nola
667 4553 780 4624 (di)
808 4554 880 4611 G.
907 4555 999 4621 B.,
1024 4553 1168 4611 Dell
1181 4555 1401 4611 ’antica
1427 4555 1569 4611 città
1594 4554 1657 4611 di
1684 4555 1968 4621 Crotone,
1996 4553 2176 4611 2687.

481 4697 649 4755 Nolli
674 4698 852 4765 Carl,
877 4699 1102 4755 L’arco
1127 4718 1165 4755 a
1194 4700 1455 4771 Trajano
1479 4697 1580 4755 nel
1595 4709 1779 4771 porto
1804 4698 2143 4765 d’Ancona,
2169 4697 2350 4755 4055.

481 4841 649 4899 Nolli
675 4842 747 4899 G.
775 4843 867 4909 B.,
893 4844 1112 4899 Pianta
1139 4842 1521 4915 topografica
1546 4842 1609 4899 di
1630 4844 1841 4909 Roma,
1871 4841 2049 4899 3805.

481 4985 709 5043 Nonnii
733 4986 903 5053 Lud.,
928 4988 1023 5043 De
1051 5005 1113 5043 re
1139 4986 1394 5053 cibaria,
1429 4985 1602 5043 1735.

478 5131 639 5186 Nota
664 5129 766 5186 de’
793 5129 1012 5202 quadri
1037 5131 1264 5202 esposti
1287 5128 1806 5186 nell’Accademia
1831 5129 1894 5186 di
1917 5130 1968 5186 S.
1998 5131 2182 5196 Luca,
2216 5129 2389 5186 1274.

478 5275 722 5330 Noticia
748 5273 1039 5330 historica
1064 5273 1139 5330 de
1166 5272 1225 5330 la
1250 5272 1464 5330 scuola
1488 5273 1563 5330 de
1590 5272 1682 5330 las
1706 5272 1921 5330 nobles
1945 5284 2108 5330 artes
2134 5292 2207 5330 en
2230 5272 2594 5340 Barcelona,
2629 5272 2802 5330 1335.

478 5419 694 5474 Notice
719 5417 827 5474 des
851 5416 1167 5474 médailles
1191 5417 1271 5474 du
1297 5417 1427 5474 cab.
1458 5417 1532 5474 de
1555 5419 1636 5474 M.
1667 5416 1951 5484 Pellerin,
1979 5417 2160 5475 2944.

478 5562 694 5617 Notice
719 5560 827 5617 des
853 5559 991 5617 tabl.
1023 5560 1098 5617 de
1125 5559 1184 5617 la
1212 5559 1459 5617 Galerie
1483 5560 1558 5617 de
1581 5560 1853 5627 Munich,
1881 5559 2020 5617 vedi
2044 5559 2334 5617 Manlich.

478 5706 694 5761 Notice
719 5704 794 5761 de
820 5703 1080 5777 quelque
1107 5703 1244 5761 tabl.
1276 5705 1457 5777 après
1481 5704 1663 5761 de'cès
1687 5704 1762 5761 de
1785 5706 1866 5761 M.
1897 5703 2117 5771 Pillon,
2144 5703 2324 5762 4593.

478 5850 694 5905 Notice
719 5848 794 5905 de
820 5847 1113 5921 quelques
1138 5848 1335 5905 beaux
1359 5847 1495 5905 tabl.
1527 5848 1635 5905 des
1659 5848 1984 5921 diferentes
2008 5850 2272 5915 maitres,
2299 5847 2481 5906 4594.

478 5994 694 6049 Notice
719 5992 827 6049 des
853 5991 1138 6049 tableaux
1160 5992 1235 6049 de
1262 5991 1371 6049 l’A.
1407 5991 1644 6059 Celotti,
1671 5991 1852 6049 4576.

478 6137 694 6192 Notice
719 6135 827 6192 des
853 6134 1138 6192 tableaux
1160 6135 1314 6192 dans
1340 6134 1399 6192 la
1427 6134 1673 6192 Galerie
1698 6135 1773 6192 de
1795 6134 2138 6208 Napoleon,
2167 6135 2345 6192 3423.

478 6281 694 6336 Notice
719 6279 827 6336 des
852 6279 1047 6352 objets
1071 6279 1238 6336 d’art
1261 6280 1593 6352 trasporte’s
1619 6298 1692 6336 en
1717 6281 1973 6346 France,
2000 6279 2181 6337 4293.

478 6425 708 6480 Notitia
733 6425 1007 6480 succinta
1032 6425 1455 6480 numismatum
1477 6425 1688 6496 Imper.
1718 6425 1992 6490 Roman,
2020 6422 2200 6481 2945.

2171 6657 2347 6694 WWW.
2358 6637 2734 6710 memofonte.
2748 6639 2791 6694 it
