4958 7017
1981 864 2366 922 Fondazione
2390 838 2775 922 Memofonte
2800 865 2976 922 onlus

1390 960 1600 1018 Studio
1624 979 1731 1035 per
1754 960 2226 1018 l’elaborazione
2250 960 2632 1018 informatica
2655 961 2813 1018 delle
2838 960 2991 1018 fonti
3018 960 3571 1018 storico—artistiche

479 1247 774 1305 Re'lacion
799 1248 874 1305 de
901 1247 992 1305 las
1018 1250 1305 1321 exequias
1329 1248 1404 1305 de
1428 1248 1818 1305 Ferdinando
1847 1250 1924 1305 VI
1944 1267 2017 1305 en
2039 1250 2251 1315 Roma,
2285 1247 2440 1305 1520

479 1391 760 1449 Relation
785 1392 865 1449 du
890 1411 1121 1465 voyage
1146 1392 1221 1449 de
1246 1393 1297 1449 S.
1327 1394 1408 1449 M.
1438 1394 1834 1465 Britannique
1861 1411 1934 1449 en
1957 1391 2284 1459 Hollande,
2318 1392 2491 1449 1483.

479 1535 760 1593 Relation
785 1536 865 1593 du
889 1538 1120 1593 service
1145 1535 1440 1593 solemnel
1455 1555 1621 1609 pour
1643 1535 1697 1593 le
1720 1536 2024 1609 Dauphin,
2056 1537 2094 1593 a
2116 1538 2323 1603 Rome,
2358 1536 2530 1594 1490.

479 1679 760 1737 Relation
785 1680 860 1737 de
887 1679 946 1737 la
957 1680 1118 1753 feste
1143 1680 1218 1737 de
1248 1679 1572 1737 Versailles
1596 1680 1676 1737 du
1704 1680 1783 1737 18
1795 1679 2000 1753 julliet
2021 1680 2100 1737 du
2128 1679 2307 1747 1668,
2341 1680 2513 1737 1472.

479 1822 806 1886 Relazione
831 1822 994 1880 della
1020 1824 1163 1880 città
1190 1842 1221 1880 e
1249 1823 1450 1896 repub.
1481 1823 1544 1880 di
1572 1825 1846 1890 Venezia,
1873 1823 2054 1880 4377.

479 1966 806 2030 Relazione
831 1966 989 2024 delle
1016 1969 1260 2040 esequie
1285 1966 1448 2024 della
1469 1969 1704 2040 Regina
1729 1967 1792 2024 di
1815 1967 2130 2040 Sardegna
2158 1969 2216 2024 in
2238 1966 2495 2034 Milano,
2530 1966 2703 2024 1500.

479 2110 806 2174 Relazione
831 2111 931 2168 dei
941 2110 1216 2184 funerali
1232 2130 1351 2184 per
1375 2110 1681 2168 Clemente
1703 2113 1816 2167 XII
1837 2113 1895 2168 in
1917 2110 2161 2184 Napoli,
2196 2110 2369 2168 1508.

479 2254 806 2318 Relazione
831 2254 994 2312 della
1006 2255 1297 2328 funzione
1315 2254 1423 2328 pel
1449 2257 1644 2312 Toson
1669 2255 1850 2312 d’oro
1875 2254 1939 2312 al
1959 2257 2040 2312 M.
2071 2257 2360 2322 Pescara,
2394 2255 2567 2313 1494.

479 2397 806 2461 Relazione
831 2397 989 2455 delle
1016 2400 1260 2471 esequie
1278 2417 1397 2471 per
1415 2400 1495 2455 M.
1525 2400 1708 2455 Luisa
1733 2398 1796 2455 di
1817 2398 2102 2455 Borbone
2130 2400 2188 2455 in
2211 2398 2381 2465 Lodi,
2415 2398 2588 2456 1479.

479 2541 806 2605 Relazione
831 2541 989 2599 delle
1001 2542 1162 2615 feste
1190 2544 1248 2599 in
1273 2544 1523 2605 Firenze
1548 2541 1859 2599 sull’Arno
1884 2542 2232 2615 ghiacciato
2259 2561 2367 2609 ec.,
2401 2542 2574 2599 1410.

479 2685 806 2749 Relazione
831 2685 932 2743 del
952 2688 1283 2743 Battesimo
1308 2685 1409 2743 del
1430 2688 1713 2759 Principe
1738 2686 1801 2743 di
1829 2686 2236 2759 Wirtemberg,
2271 2686 2445 2743 1422.

479 2828 806 2892 Relazione
831 2828 994 2886 della
1012 2831 1242 2902 pittura
1266 2828 1429 2886 nella
1457 2828 1805 2886 Cattedrale
1830 2829 2113 2886 d’0simo
2138 2828 2239 2886 del
2259 2831 2590 2896 Lazzarini,
2625 2829 2799 2887 1279.

479 2972 760 3046 Religion
788 2972 900 3044 (la)
925 2975 1223 3030 ancienne
1250 2984 1308 3030 et
1329 2973 1616 3030 moderne
1641 2973 1749 3030 des
1771 2975 2162 3040 Moscovites,
2189 2973 2371 3030 4740.

481 3117 784 3174 Rembold
807 3118 896 3174 Jo.
925 3116 1084 3184 Chf.,
1110 3119 1500 3190 Perspectiva
1518 3119 1781 3190 pratica,
1812 3116 1947 3174 855.

481 3260 847 3318 Remondini
873 3261 945 3318 G.
976 3260 1143 3328 Stef,
1168 3263 1496 3324 Dissertaz.
1528 3280 1714 3334 sopra
1740 3263 1968 3334 oggetti
1991 3261 2372 3328 d’antichità,
2400 3260 2579 3318 2623.

481 3404 694 3478 Rémy,
725 3405 851 3461 Cat.
883 3404 963 3461 du
989 3404 1119 3461 cab.
1151 3404 1226 3461 de
1248 3406 1329 3461 M.
1362 3403 1538 3471 Selle,
1565 3404 1746 3461 4417.

481 3548 694 3622 Rémy,
725 3549 851 3605 Cat.
883 3548 963 3605 du
989 3548 1119 3605 cab.
1151 3548 1226 3605 de
1248 3550 1329 3605 M.
1361 3548 1436 3605 de
1465 3550 1679 3615 Vence,
1706 3547 1887 3605 4416.

481 3692 694 3766 Rémy,
725 3693 851 3749 Cat.
883 3692 963 3749 du
989 3692 1119 3749 cab.
1151 3692 1226 3749 de
1248 3694 1329 3749 M.
1364 3691 1663 3759 Gaillard,
1690 3692 1871 3749 4420.

481 3836 694 3910 Rémy,
725 3837 851 3893 Cat.
883 3836 963 3893 du
989 3836 1119 3893 cab.
1151 3836 1226 3893 de
1248 3838 1329 3893 M.
1361 3836 1436 3893 de
1464 3838 1650 3903 Trois,
1677 3836 1859 3893 4424.

481 3979 694 4053 Rémy,
725 3980 851 4036 Cat.
883 3979 963 4036 du
989 3979 1119 4036 cab.
1151 3979 1226 4036 de
1248 3981 1329 4036 M.
1361 3979 1436 4036 de
1463 3978 1521 4036 la
1551 3978 1801 4046 Villette,
1828 3979 2009 4036 4428.

481 4123 694 4197 Rémy,
725 4124 851 4180 Cat.
883 4123 963 4180 du
989 4123 1119 4180 cab.
1151 4123 1226 4180 de
1252 4122 1311 4180 la
1334 4125 1531 4196 Mara.
1563 4123 1638 4180 de
1662 4123 2071 4196 Pampadour,
2098 4123 2279 4181 4429.

481 4267 694 4341 Rémy,
725 4268 851 4324 Cat.
883 4267 963 4324 du
989 4267 1119 4324 cab.
1151 4267 1226 4324 de
1248 4267 1413 4324 Mad.
1443 4267 1682 4324 Dubois
1705 4267 2022 4334 Jourdain,
2049 4267 2230 4324 4431.

481 4411 694 4485 Rémy,
725 4412 851 4468 Cat.
883 4411 963 4468 du
989 4411 1119 4468 cab.
1151 4411 1226 4468 de
1248 4413 1329 4468 M.
1356 4412 1523 4478 Avet,
1550 4411 1731 4468 4432.

481 4554 694 4628 Rémy,
725 4555 851 4611 Cat.
883 4554 991 4611 des
1017 4553 1302 4611 tableaux
1324 4554 1432 4611 des
1458 4556 1605 4611 trois
1628 4553 1866 4621 Ecoles,
1893 4554 2075 4611 4430.

481 4698 694 4772 Rémy,
725 4699 851 4755 Cat.
883 4698 963 4755 du
989 4698 1119 4755 cab.
1151 4698 1226 4755 de
1248 4700 1329 4755 M.
1361 4698 1436 4755 de
1463 4699 1749 4771 Gaignat,
1776 4698 1956 4755 4441.

481 4842 694 4916 Rémy,
725 4843 851 4899 Cat.
883 4842 963 4899 du
989 4842 1119 4899 cab.
1151 4842 1226 4899 de
1248 4844 1329 4899 M.
1360 4841 1580 4909 Julien,
1607 4842 1788 4899 4440.

481 4986 694 5060 Rémy,
725 4987 851 5043 Cat.
883 4986 963 5043 du
989 4986 1119 5043 cab.
1151 4986 1226 5043 de
1248 4988 1329 5043 M.
1361 4986 1436 5043 de
1464 4987 1688 5059 Cayux,
1715 4985 1896 5043 4445.

487 5274 565 5347 [p.
594 5272 699 5342 1Xi]

481 5560 694 5634 Rémy,
725 5561 851 5617 Cat.
883 5560 963 5617 du
989 5560 1119 5617 cab.
1151 5560 1226 5617 de
1248 5562 1329 5617 M.
1361 5560 1436 5617 de
1461 5559 1535 5617 ka
1558 5562 1699 5617 Live
1724 5560 1799 5617 de
1823 5559 2043 5633 Joully,
2069 5560 2251 5627 4444,
2278 5559 2458 5617 4450.

481 5704 694 5778 Rémy,
725 5705 851 5761 Cat.
883 5704 963 5761 du
989 5704 1119 5761 cab.
1151 5704 1226 5761 de
1248 5706 1329 5761 M.
1359 5703 1621 5771 Marval,
1648 5704 1829 5761 4443.

481 5848 694 5922 Rémy,
725 5849 851 5905 Cat.
883 5848 963 5905 du
989 5848 1119 5905 cab.
1151 5848 1226 5905 de
1248 5847 1719 5921 Bourlamagne,
1746 5848 1926 5906 4449.

481 5992 694 6066 Rémy,
725 5993 851 6049 Cat.
883 5992 963 6049 du
989 5992 1119 6049 cab.
1151 5992 1226 6049 de
1248 5994 1329 6049 M.
1359 5992 1701 6059 Baudouin,
1727 5992 1908 6049 4448.

481 6135 694 6209 Rémy,
725 6136 851 6192 Cat.
883 6135 963 6192 du
989 6135 1119 6192 cab.
1151 6135 1226 6192 de
1248 6137 1329 6192 M.
1359 6135 1649 6202 Bouchet,
1676 6134 1857 6192 4452.

481 6279 694 6353 Rémy,
725 6280 851 6336 Cat.
883 6279 1070 6336 d’une
1096 6278 1420 6336 collection
1445 6279 1519 6336 de
1546 6279 1661 6336 tab.
1680 6278 1893 6352 ﬂame,
1919 6278 2100 6337 4459.

481 6423 694 6497 Rémy,
725 6424 851 6480 Cat.
883 6423 991 6480 des
1017 6422 1155 6480 tabl.
1187 6423 1267 6480 du
1293 6423 1422 6480 cab.
1454 6423 1528 6480 de
1551 6425 1711 6490 M...,
1738 6422 1920 6480 4458.

2171 6657 2347 6694 WWW.
2358 6637 2734 6710 memofonte.
2748 6639 2791 6694 it
