4958 7017
1981 864 2366 922 Fondazione
2390 864 2775 922 Memofonte
2800 865 2976 922 onlus

1390 960 1600 1018 Studio
1624 979 1731 1035 per
1754 960 2226 1018 l’elaborazione
2250 960 2632 1018 informatica
2655 961 2813 1018 delle
2838 960 2991 1018 fonti
3018 960 3571 1018 storico—artistiche

708 1251 1179 1320 dell’Inferno
1210 1273 1249 1320 e
1280 1251 1452 1320 altre
1481 1251 1749 1320 notizie
1781 1251 2377 1333 sull’0reficeria,
2410 1251 2681 1320 Pistoia
2718 1252 2926 1333 1814,
2959 1251 3033 1319 in
3066 1252 3129 1333 8,
3161 1253 3267 1320 M.
3303 1252 3417 1320 34.

491 1463 698 1532 1149.
745 1463 1032 1531 CIAMPI
1068 1462 1517 1544 Sebastiano,
1562 1464 1842 1531 Lettera
1884 1484 2096 1552 sopra
2134 1473 2236 1531 tre
2277 1462 2640 1552 medaglie
2682 1462 3010 1531 etrusche
3051 1462 3125 1530 in
3168 1473 3483 1552 argento,
3529 1462 3694 1531 Pisa
3742 1463 3924 1531 1813
3970 1462 4096 1552 fig.
4143 1463 4305 1531 Con
4345 1484 4488 1531 una

706 1577 949 1646 tavola
976 1577 1050 1645 in
1079 1577 1230 1646 fine
1258 1579 1364 1646 M.
1400 1578 1514 1646 34.

491 1788 698 1857 1150.
733 1789 1042 1857 COCCHI
1067 1788 1475 1873 (Antonio),
1509 1790 1789 1857 Lettera
1818 1788 2064 1857 critica
2094 1810 2306 1878 sopra
2332 1810 2429 1857 un
2459 1788 2926 1857 manoscritto
2956 1788 3030 1856 in
3060 1810 3241 1870 cera,
3274 1788 3572 1857 Firenze
3610 1788 3818 1870 1746,
3851 1788 3925 1856 in
3953 1789 4021 1870 4,
4053 1790 4159 1857 M.
4194 1788 4309 1857 26.

706 1900 754 1956 Il
823 1899 1211 1957 manoscritto
1283 1900 1519 1957 sembra
1586 1899 1911 1974 giudicarsi
1980 1900 2078 1957 del
2146 1901 2291 1957 XIV
2362 1900 2587 1957 secolo:
2659 1918 2759 1957 ma
2826 1918 2943 1957 con
3010 1908 3159 1957 tutto
3229 1899 3326 1957 ciò
3395 1918 3517 1957 non
3585 1918 3759 1957 cessa
3826 1900 4095 1957 d’essere
4166 1899 4482 1974 singolare.

487 2114 694 2183 1151.
752 2115 1110 2183 COLUCCI
1158 2114 1326 2199 (Ab.
1384 2114 1811 2204 Giuseppe),
1867 2116 2148 2183 Lettera
2198 2114 2272 2182 in
2325 2114 2562 2183 difesa
2613 2114 2802 2183 delle
2855 2114 3350 2183 osservazioni
3404 2136 3443 2183 e
3496 2114 3687 2183 della
3738 2114 4294 2183 continuazione
4348 2114 4486 2183 alle

708 2229 968 2319 origini
1000 2251 1039 2298 e
1070 2229 1410 2298 antichità
1437 2231 1805 2311 Permane,
1839 2240 2088 2298 contro
2119 2229 2189 2298 la
2218 2229 2464 2298 critica
2493 2229 2565 2298 di
2594 2251 2691 2298 un
2723 2229 3066 2298 anonimo
3099 2240 3449 2319 stampata
3477 2229 3551 2297 in
3580 2231 3841 2311 Lucca,
3874 2231 4131 2298 Fermo
4170 2230 4378 2311 1789,
4412 2229 4486 2297 in

711 2345 774 2426 8,
806 2346 912 2413 M.
947 2344 1062 2413 53.

487 2555 694 2624 1152.
729 2556 1055 2624 CORSINI
1081 2555 1478 2640 (Eduardi),
1512 2557 1624 2624 De
1653 2555 2159 2645 Burdigalensi
2188 2555 2501 2624 Ausonii
2532 2555 2910 2624 consulatu
2940 2555 3267 2645 epistola,
3300 2555 3484 2624 Pisis
3523 2555 3731 2637 1764,
3764 2555 3838 2623 in
3866 2556 3934 2637 4,
3966 2557 4072 2624 M.
4115 2556 4222 2625 19.

487 2765 694 2834 1153.
728 2767 938 2834 DONI
959 2766 1206 2834 Anton
1234 2767 1657 2847 Francesco,
1690 2767 1990 2847 Lettere,
2023 2765 2356 2855 Vinegia,
2388 2787 2641 2855 presso
2672 2765 3049 2834 Girolamo
3081 2766 3352 2847 Scotto,
3394 2765 3602 2847 1544,
3635 2765 3709 2833 in
3742 2766 3804 2834 8.

709 2876 938 2934 Sonovi
989 2877 1194 2934 lettere
1245 2876 1481 2934 curiose
1532 2895 1565 2934 e
1615 2876 1992 2934 interessanti
2044 2895 2078 2934 a
2127 2876 2349 2934 diversi
2401 2876 2651 2934 letterati
2703 2877 2779 2934 ed
2830 2876 3014 2934 artisti
3065 2895 3241 2934 come
3293 2895 3327 2934 a
3376 2895 3456 2934 un
3508 2876 3749 2934 Giovan
3799 2877 4039 2951 Angelo
4093 2877 4365 2934 Scultore
4418 2876 4486 2947 (il

706 2972 1119 3043 Montorsoli),
1148 2991 1182 3030 a
1204 2974 1292 3030 M.
1320 2973 1560 3047 Angelo
1585 2972 1962 3040 Buonarroti,
1991 2972 2369 3040 all’Aretino,
2398 2973 2453 3030 al
2479 2972 2723 3040 Giovio,
2752 2991 2786 3030 a
2810 2972 3050 3030 Giovan
3073 2972 3303 3030 Batista
3325 2972 3489 3030 Doni
3514 2991 3601 3030 ec.

487 3168 694 3237 1154.
737 3170 1114 3237 DRAGONI
1145 3170 1233 3237 D.
1276 3168 1623 3250 Antonio,
1665 3170 1945 3237 Lettera
1984 3168 2094 3237 sul
2133 3168 2383 3237 dittico
2423 3168 2695 3237 eburno
2735 3168 2848 3237 de’
2897 3169 2967 3237 S.
3009 3168 3289 3237 Martiri
3328 3168 3662 3237 Teodoro
3702 3168 3792 3237 ed
3828 3168 4107 3237 Acacio
4148 3168 4487 3237 esistente

707 3283 825 3352 nel
853 3285 1121 3352 Museo
1151 3283 1475 3352 Ponzoni
1506 3283 1578 3352 di
1609 3284 1990 3365 Cremona,
2023 3285 2295 3365 Parma,
2329 3283 2640 3365 Bodoni,
2682 3284 2891 3365 1810,
2924 3283 2998 3351 in
3026 3284 3094 3365 4,
3127 3283 3459 3373 figurato.

709 3394 1038 3469 Splendida
1061 3394 1339 3452 edizione
1364 3395 1524 3452 colla
1546 3395 1749 3452 tavola
1772 3395 1870 3452 del
1895 3394 2103 3452 dittico
2128 3394 2435 3469 intagliata
2457 3394 2520 3451 in
2542 3413 2706 3452 rame
2732 3413 2819 3452 ec.

477 3611 570 3699 [p.
605 3610 776 3692 207]

479 3839 686 3908 1155.
720 3841 1072 3921 DUPATY,
1105 3841 1377 3908 Lettres
1411 3861 1529 3908 sur
1556 3839 1818 3908 l’Italie
1848 3861 1937 3908 en
1975 3839 2183 3921 1785,
2216 3839 2411 3908 Paris
2451 3840 2659 3921 1797,
2701 3840 2787 3907 12
2817 3839 2961 3908 vol.
2997 3840 3061 3908 3.

706 3952 792 4008 La
827 3950 1033 4025 voglia
1068 3950 1129 4008 di
1166 3950 1256 4008 far
1291 3950 1648 4025 epigrammi
1687 3950 1737 4008 si
1774 3951 1927 4008 vede
1964 3951 2169 4025 doppo
2207 3959 2608 4025 apertamente
2645 3969 2762 4008 con
2798 3950 3094 4025 discapito
3132 3951 3292 4008 della
3327 3950 3514 4008 verità
3549 3969 3582 4008 e
3619 3950 3929 4008 frizzando
3969 3969 4149 4008 senza
4184 3950 4415 4008 motivo
4453 3969 4486 4008 e

707 4045 1099 4103 fondamento
1125 4045 1288 4120 negli
1313 4045 1540 4120 oggetti
1563 4045 1668 4120 più
1693 4045 1876 4120 gravi.

487 4260 694 4329 1156.
742 4262 1275 4329 EXPLICATION
1314 4260 1403 4329 de
1447 4271 1692 4350 quatre
1735 4260 2070 4329 tableaux
2116 4260 2188 4329 di
2233 4260 2468 4329 Titien
2512 4260 2798 4350 d’après
2844 4260 2949 4329 les
2996 4260 3245 4329 chants
3292 4260 3387 4329 du
3431 4262 3830 4350 Petrarque,
3878 4271 4376 4329 nommement
4418 4260 4486 4329 le

707 4375 1097 4465 Triomphe
1138 4375 1233 4444 du
1273 4377 1512 4457 Tems,
1557 4375 1646 4444 de
1686 4375 1756 4444 la
1794 4376 2266 4457 Renommée,
2311 4375 2406 4444 du
2447 4375 3019 4457 Christianisme,
3064 4386 3133 4444 et
3172 4375 3261 4444 de
3301 4375 3371 4444 la
3408 4377 3626 4457 Mort,
3671 4375 3847 4444 dans
3888 4397 4029 4444 une
4069 4375 4270 4444 lettre
4312 4376 4352 4444 à
4389 4397 4486 4444 un

709 4490 874 4572 ami,
906 4490 1178 4580 Naples
1218 4491 1426 4572 1774,
1459 4490 1533 4558 in
1561 4491 1629 4572 4,
1661 4492 1746 4558 M
1785 4490 1892 4559 15.

706 4602 1054 4676 Esemplare
1077 4601 1385 4659 ricorretto
1412 4620 1446 4659 a
1467 4620 1665 4676 penna
1688 4602 2062 4659 dell’autore.

470 4797 677 4866 1157.
758 4799 1198 4866 FONTANINI
1271 4797 1619 4882 (Giusto),
1700 4799 1812 4866 De
1889 4797 1957 4866 le
2034 4797 2379 4866 masnade
2458 4797 2548 4866 ed
2626 4797 2780 4866 altri
2861 4797 3047 4866 servi
3128 4797 3447 4866 secondo
3526 4797 3721 4866 l’uso
3800 4797 3913 4866 de’
3999 4797 4482 4887 Longobardi.

707 4912 1284 5002 Ragionamento
1317 4923 1509 4981 steso
1539 4912 1613 4980 in
1641 4934 1785 4981 una
1812 4912 2059 4981 lettera
2089 4912 2155 4981 al
2186 4912 2333 5002 Sig.
2368 4912 2746 4981 Girolamo
2777 4912 2890 4981 de’
2928 4912 3179 5002 Puppi,
3212 4912 3537 4981 Venezia
3573 4912 3782 4994 1698,
3815 4912 3889 4980 in
3917 4913 3985 4994 4,
4017 4914 4123 4981 M.
4156 4913 4273 4981 41.

470 5123 677 5192 1158.
714 5124 1153 5192 GAROFALO
1183 5123 1530 5213 (Biagio),
1565 5125 1845 5192 Lettera
1874 5123 2158 5192 intorno
2192 5123 2258 5192 al
2287 5123 2501 5192 busto
2534 5123 3075 5213 d’Asclepiade.
3110 5123 3440 5192 Articolo
3473 5123 3590 5192 del
3622 5123 3966 5192 Giornale
3998 5123 4111 5192 de’
4151 5123 4485 5192 Letterati

708 5238 780 5307 di
810 5238 994 5307 Pisa:
1029 5238 1286 5307 unitivi
1318 5238 1472 5307 altri
1504 5238 1780 5307 articoli
1813 5260 1895 5307 su
1926 5238 2163 5307 alcuni
2192 5238 2449 5307 trattati
2480 5238 2596 5307 dei
2626 5238 2859 5328 Bagni
2890 5238 2962 5307 di
2992 5240 3234 5307 Lucca
3262 5260 3301 5307 e
3331 5238 3403 5307 di
3433 5238 3617 5320 Pisa,
3650 5238 3724 5306 in
3763 5239 3870 5307 12.
3903 5240 4009 5307 M.
4043 5239 4159 5307 73.

707 5350 842 5407 Con
865 5368 984 5407 una
1006 5350 1209 5407 tavola
1231 5349 1539 5424 intagliata
1561 5349 1624 5406 in
1646 5368 1811 5407 rame
1836 5350 1934 5407 del
1957 5350 2134 5407 busto
2160 5349 2613 5424 d’Asclepiade.

479 5544 686 5614 1159.
722 5545 1069 5626 GIBELIN,
1103 5546 1337 5613 Lettre
1370 5566 1487 5613 sur
1516 5544 1621 5613 les
1652 5555 1847 5613 tours
1881 5544 2206 5634 antiques
2238 5545 2467 5634 qu’on
2499 5566 2539 5613 a
2568 5544 2922 5613 démolies
2956 5545 2996 5613 à
3023 5544 3170 5612 Aix
3202 5566 3291 5613 en
3321 5546 3688 5613 Provence
3719 5555 3788 5613 et
3819 5566 3936 5613 sur
3964 5544 4069 5613 les
4104 5544 4485 5634 antiquités

707 5659 1017 5749 qu’elles
1047 5659 1537 5741 reformoient,
1572 5660 1612 5728 à
1638 5659 1786 5727 Aix
1825 5660 2033 5741 1787,
2066 5659 2140 5727 in
2169 5659 2296 5728 fol.

706 5771 1054 5845 Esemplare
1078 5770 1140 5827 in
1164 5779 1324 5828 carta
1347 5770 1590 5828 distinta
1613 5789 1731 5828 con
1755 5770 2112 5845 quattordici
2136 5771 2336 5828 tavole
2361 5770 2672 5845 disegnate
2697 5789 2730 5828 e
2754 5770 3060 5845 intagliate
3085 5789 3202 5828 con
3224 5770 3581 5845 precisione.

487 5985 694 6054 1160.
742 5986 1162 6054 GUATTANI
1200 5985 1609 6070 (Antonio),
1655 5987 1935 6054 Lettera
1978 5985 2371 6054 all’esimio
2416 5985 2787 6054 architetto
2830 5985 3215 6075 Dufourny
3259 6007 3470 6075 sopra
3510 5985 3880 6054 un’antica
3920 5985 4254 6075 figurina,
4300 5985 4374 6053 in
4415 5986 4483 6067 4,

707 6100 1018 6190 figurato
1047 6102 1153 6169 M.
1188 6101 1303 6169 27.
1338 6101 1500 6169 Con
1528 6122 1671 6169 una
1697 6100 1940 6169 tavola
1967 6100 2337 6190 intagliata
2364 6100 2438 6168 in
2466 6122 2662 6169 rame
2694 6111 3285 6169 accuratamente.

706 6212 754 6268 Il
785 6211 906 6286 Sig.
938 6211 1258 6286 Dufourny
1289 6220 1456 6269 stava
1484 6212 1671 6269 allora
1697 6211 1759 6268 in
1786 6212 2059 6269 Palermo
2089 6211 2482 6269 fabbricando
2512 6211 2813 6269 l’edifizio
2843 6211 2954 6269 che
2983 6211 3191 6269 vedesi
3220 6230 3325 6269 ora
3351 6211 3413 6268 in
3440 6230 3652 6269 mezzo
3683 6212 3738 6269 al
3768 6211 4058 6269 Giardino
4087 6211 4384 6269 Botanico
4414 6212 4489 6269 ed

707 6326 807 6365 era
828 6326 1182 6382 possessore
1207 6307 1268 6365 di
1293 6316 1505 6382 questo
1529 6308 1629 6365 bel
1654 6326 1801 6365 vaso
1827 6307 1938 6365 che
1961 6307 2222 6382 permise
2248 6308 2303 6365 al
2328 6308 2495 6365 dotto
2522 6307 2887 6382 archeologo
2913 6307 3291 6365 d’illustrare.

2171 6657 2347 6694 WWW.
2358 6637 2734 6710 memofonte.
2748 6639 2791 6694 il
