4958 7017
1981 864 2366 922 Fondazione
2390 838 2775 922 Memofonte
2800 865 2976 922 onlus

1390 960 1600 1018 Studio
1624 979 1731 1035 per
1754 960 2226 1018 l’elaborazione
2250 960 2632 1018 informatica
2655 961 2813 1018 delle
2838 960 2991 1018 fonti
3018 960 3571 1018 storico—artistiche

481 1249 682 1305 Basan
705 1249 787 1315 F.,
812 1250 1236 1305 Dictionnaire
1261 1248 1369 1305 des
1393 1267 1704 1321 graveurs,
1732 1248 1912 1305 2148.

481 1393 682 1449 Basan
705 1393 787 1459 F.,
818 1391 1158 1465 Catalogue
1183 1392 1332 1449 d’un
1358 1391 1681 1449 collection
1706 1392 1781 1449 de
1808 1391 2108 1459 tableaux,
2134 1391 2315 1449 4455.

481 1537 682 1593 Basan
705 1537 787 1603 F.,
818 1537 944 1593 Cat.
976 1536 1163 1593 d’une
1189 1535 1512 1593 collection
1537 1536 1612 1593 de
1637 1535 2256 1609 desseinsﬂamands,
2283 1535 2463 1593 4463.

481 1681 682 1737 Basan
705 1681 787 1747 F.,
818 1681 944 1737 Cat.
976 1680 1018 1737 d
1030 1681 1348 1753 ’estampes
1372 1680 1623 1753 d’après
1645 1680 1908 1747 Rubens,
1935 1680 2116 1737 4433.

481 1824 682 1880 Basan
705 1824 787 1890 F.,
818 1824 944 1880 Cat.
969 1834 1315 1896 provenant
1336 1823 1416 1880 du
1441 1823 1685 1880 cabinet
1706 1823 1781 1880 de
1804 1825 1885 1880 M.
1926 1824 2057 1890 ***,
2083 1823 2264 1880 4482.

481 1968 682 2024 Basan
705 1968 765 2024 F.
794 1975 852 2024 et
874 1966 1152 2034 Joullain,
1184 1968 1310 2024 Cat.
1342 1967 1417 2024 de
1440 1969 1521 2024 M.
1551 1969 1822 2034 Menars,
1849 1967 2031 2024 4483.

481 2112 682 2168 Basan
705 2112 787 2178 F.,
818 2112 944 2168 Cat.
976 2111 1056 2168 du
1082 2111 1327 2168 cabinet
1347 2111 1422 2168 de
1444 2113 1525 2168 M.
1562 2110 1729 2178 Ville,
1756 2110 1938 2168 4505.

481 2256 682 2312 Basan
705 2256 787 2322 F.,
818 2256 944 2312 Cat.
976 2255 1056 2312 du
1068 2255 1230 2328 fond
1250 2255 1325 2312 de
1348 2257 1573 2322 Basan,
1600 2254 1781 2312 4564.

481 2399 682 2455 Basan
705 2399 787 2465 F.,
812 2397 1063 2455 Recueil
1085 2398 1160 2455 de
1188 2398 1307 2455 123
1331 2400 1517 2471 sujets
1541 2398 1616 2455 de
1641 2398 1952 2471 diﬂerents
1976 2400 2236 2465 artistes,
2266 2397 2445 2455 3368.

481 2541 658 2599 Bassi
682 2541 965 2609 Martino,
990 2544 1314 2615 Dispareri
1337 2542 1820 2609 d’architettura,
1847 2542 1988 2609 423,
2014 2542 2153 2599 424.

481 2686 797 2753 Baudelot,
822 2688 917 2743 De
940 2685 1200 2743 Dairval
1223 2686 1472 2743 histoire
1497 2686 1572 2743 de
1596 2685 1927 2753 Ptolome'e,
1955 2686 2134 2744 2749.

481 2829 797 2896 Baudelot,
824 2831 876 2885 F
877 2830 968 2886 ete
993 2829 1323 2886 d’Athenes
1350 2830 1731 2902 representée
1758 2840 1889 2896 etc.,
1917 2828 2097 2886 2750.

481 2973 797 3040 Baudelot,
822 2975 917 3030 De
944 2972 964 3030 l
977 2972 1187 3030 ’utilite’
1208 2973 1316 3030 des
1341 2992 1623 3046 voyages,
1651 2972 1831 3030 2751.

481 3116 778 3184 Baudoin,
803 3116 1054 3174 Recueil
1076 3117 1118 3174 d
1130 3116 1489 3184 ’emblemes,
1524 3117 1697 3174 1844.

481 3262 642 3318 Baur
664 3262 770 3328 le.,
795 3263 876 3318 Le
899 3261 1324 3334 Metamorfosi
1347 3261 1658 3328 d’0vidio,
1693 3261 1867 3328 1081,
1901 3261 2075 3328 1082,
2110 3260 2284 3328 1986,
2318 3261 2491 3319 1987.

481 3405 642 3461 Baur
664 3405 770 3471 le.,
801 3405 1072 3461 Costumi
1095 3404 1158 3461 di
1181 3404 1417 3461 diverse
1442 3406 1702 3471 nazioni,
1737 3403 1910 3461 1578.

481 3549 642 3605 Baur
664 3549 770 3615 le.,
795 3547 1098 3621 Battaglie
1123 3548 1378 3615 diverse,
1413 3548 1586 3606 1988.

481 3691 741 3766 Bayardi
767 3692 907 3759 Ott.,
933 3692 1273 3749 Prodromo
1298 3691 1422 3749 dell
1435 3691 1777 3759 ’Ercolano,
1805 3691 1984 3750 2649.

481 3835 722 3910 Bayerii
746 3837 856 3903 Fr.,
881 3838 976 3893 De
1001 3838 1257 3893 nummis
1279 3836 2020 3903 Haebreo-Samaritanis,
2048 3835 2227 3893 2752.

481 3978 722 4053 Bayerii
746 3980 856 4046 Fr.,
880 3981 1273 4036 Nummorum
1298 3981 1809 4036 samaritanorum
1834 3979 2154 4046 vindiciae,
2182 3978 2362 4036 2753.

481 4122 722 4197 Bayerii
746 4124 856 4190 Fr.,
881 4125 976 4180 De
1003 4122 1322 4196 l’alfabeto
1347 4123 1422 4180 de
1449 4122 1540 4180 los
1564 4125 1616 4179 F
1617 4125 1838 4190 enices,
1866 4122 2046 4180 2754.

481 4266 722 4341 Bayerii
746 4266 1085 4341 Theophili,
1110 4269 1205 4324 De
1230 4269 1486 4324 nummis
1514 4269 1799 4334 romanis,
1827 4266 2007 4324 2755.

481 4410 722 4485 Bayerii
746 4410 1085 4485 Theophili,
1110 4413 1386 4468 Historia
1415 4411 1737 4468 Osrhoena
1764 4430 1835 4468 ex
1856 4413 2130 4478 nummis,
2158 4410 2338 4468 2756.

481 4553 685 4628 Bayfii
710 4555 870 4621 Laz.,
895 4556 990 4611 De
1018 4573 1080 4611 re
1106 4556 1393 4611 vestiaria
1420 4565 1478 4611 et
1499 4553 1723 4621 navali,
1758 4553 1930 4612 1579.

481 4697 685 4772 Bayfii
710 4699 870 4765 Laz.,
895 4700 990 4755 De
1016 4697 1298 4765 vasculis,
1333 4697 1506 4755 1580.

481 4843 838 4909 Beaumont,
863 4841 1371 4915 L’Enciclopedie
1395 4844 1817 4915 Perruquiere,
1852 4841 2026 4899 1581.

481 4986 828 5053 Beauvalet,
855 4988 907 5042 F
909 4997 1213 5059 ragments
1237 4986 1279 5043 d
1291 4986 1729 5053 ’architecture,
1756 4985 1875 5043 425
1887 5034 1896 5043 .

481 5128 792 5186 Becchetti
816 5128 944 5196 Fil.,
972 5130 1076 5186 Sui
1099 5129 1348 5202 giuochi
1372 5131 1648 5196 circensi,
1683 5128 1856 5186 1582.

481 5274 725 5347 Becega
747 5274 940 5340 Tom.,
968 5274 1195 5346 Saggio
1220 5273 1262 5330 d
1274 5273 1452 5330 ’arch.
1485 5272 1757 5340 teatrale,
1785 5272 1924 5330 vedi
1949 5272 2272 5330 Calderari.

481 5416 716 5474 Becker
740 5416 921 5484 Guil.,
943 5418 1316 5490 Augusteum
1341 5437 1420 5474 ou
1448 5416 1694 5474 Galerie
1719 5417 1794 5474 de
1817 5417 2074 5484 Dresde,
2104 5417 2283 5474 3482.

481 5559 771 5617 Beckfort
792 5561 908 5627 W.,
940 5562 1094 5617 Vues
1118 5560 1193 5617 de
1220 5559 1279 5617 la
1303 5562 1642 5633 Jamaique,
1672 5559 1850 5618 3950.

481 5703 847 5761 Bedeschini
871 5705 981 5771 Fr.,
1012 5703 1352 5761 Collection
1377 5704 1452 5761 de
1477 5704 1815 5771 cartuches,
1842 5703 1982 5761 426.

481 5847 680 5905 Bedik
701 5849 872 5915 Pett.,
898 5847 1237 5921 Explicatio
1263 5847 1680 5905 columnarum
1707 5850 1765 5905 in
1789 5848 2059 5915 Perside,
2089 5847 2267 5906 3951.

481 5991 700 6066 Begeri
724 5993 917 6059 Laur.,
948 5992 1288 6049 Thesaurus
1310 5992 1865 6065 Brandeburgicus,
1893 5991 2073 6049 2757.

481 6134 700 6209 Begeri
724 6136 917 6202 Laur.,
948 6134 1394 6208 Contemplatio
1421 6154 1492 6192 ex
1513 6134 1945 6192 dactiliotheca
1973 6134 2244 6202 Gorlaei,
2271 6134 2451 6192 2758.

481 6278 700 6353 Begeri
724 6280 917 6346 Laur.,
943 6281 1191 6336 Poenae
1213 6281 1452 6346 Ixionis,
1484 6279 1708 6352 Sisiphi
1733 6290 1838 6336 etc.
1873 6278 2218 6352 infernales,
2246 6278 2426 6337 2759.

481 6422 700 6497 Begeri
725 6422 1020 6490 Herculis,
1046 6425 1414 6490 Etnicorurn,
1442 6422 1623 6480 2760.

2171 6657 2347 6694 WWW.
2358 6637 2734 6710 memofonte.
2748 6639 2791 6694 it
