4958 7017
1981 864 2366 922 Fondazione
2390 838 2775 922 Mernofonte
2800 865 2976 922 onlus

1390 960 1600 1018 Studio
1624 979 1731 1035 per
1754 960 2226 1018 l’elaborazione
2250 960 2632 1018 informatica
2655 961 2813 1018 delle
2838 960 2991 1018 fonti
3018 960 3571 1018 storico—artistiche

481 1253 574 1341 [p.
602 1252 696 1320 47
703 1253 724 1334 ]

2284 1398 2676 1480 DELLA

2090 1551 2873 1655 SCULTURA

2187 1743 2774 1825 TRATTATI

471 2000 636 2068 271.
670 2001 1037 2068 BORRONI
1065 1999 1432 2068 Giovanni
1461 1999 1772 2081 Andrea,
1806 1999 2018 2068 Delle
2050 2010 2297 2081 statue,
2330 2001 2568 2068 Roma
2604 1999 2812 2081 1661,
2845 1999 2919 2067 in
2947 2000 3015 2081 4,
3048 1999 3174 2089 fig.

714 2111 878 2168 Sono
909 2110 971 2167 in
1002 2119 1215 2185 questo
1247 2111 1493 2168 volume
1531 2111 1603 2167 12
1637 2119 1825 2168 statue
1856 2110 2167 2185 disegnate
2198 2111 2275 2168 da
2304 2112 2531 2168 Lazaro
2562 2110 2758 2178 Baldi,
2792 2110 3020 2168 editore
3051 2111 3211 2168 della
3240 2110 3478 2168 famosa
3508 2110 3630 2168 vita
3659 2110 3720 2168 di
3754 2111 3873 2168 San
3903 2112 4130 2168 Lazaro
4162 2129 4421 2168 monaco
4453 2129 4486 2168 e

710 2206 926 2281 pittore
962 2206 1146 2277 (Vedi
1180 2206 1270 2264 fra
1302 2207 1358 2264 le
1392 2206 1512 2264 vite
1547 2206 1709 2281 degli
1745 2206 1955 2277 artisti)
1991 2225 2024 2264 e
2057 2206 2364 2281 intagliate
2398 2207 2475 2264 da
2506 2208 2841 2264 Francesco
2878 2206 3085 2281 Spiere
3119 2225 3152 2264 e
3187 2206 3316 2264 altri
3348 2206 3536 2264 buoni
3571 2206 3774 2274 artisti,
3811 2225 3844 2264 e
3877 2225 3996 2264 una
4035 2207 4104 2264 13
4141 2207 4343 2264 tavola
4375 2206 4487 2264 che

710 2310 1094 2376 rappresenta
1122 2302 1178 2359 le
1208 2302 1324 2359 due
1354 2302 1613 2359 colonne
1642 2301 1950 2359 Antonina
1978 2320 2011 2359 e
2040 2301 2310 2369 Traiana,
2343 2320 2376 2359 e
2404 2301 2447 2358 il
2477 2301 2856 2376 frontispizio
2887 2301 3144 2376 figurato
3175 2301 3236 2359 di
3267 2310 3541 2359 accurata
3569 2320 3602 2359 e
3631 2301 3819 2359 nitida
3847 2301 4224 2359 esecuzione.
4257 2302 4305 2358 Il
4334 2310 4487 2359 testo

712 2398 1048 2472 dell’opera
1071 2398 1104 2455 e
1131 2416 1311 2455 senza
1334 2397 1556 2465 critica,
1584 2406 1783 2455 esteso
1811 2398 2077 2455 secondo
2103 2398 2159 2455 le
2184 2397 2336 2455 viste
2361 2397 2422 2455 di
2446 2416 2527 2455 un
2551 2398 2749 2455 dottor
2771 2398 3036 2472 teologo,
3064 2398 3333 2455 com’era
3356 2406 3569 2472 questo
3595 2397 3744 2455 frate
3769 2416 3802 2455 e
3826 2398 3990 2455 nulla
4011 2397 4133 2472 più.

471 2613 636 2681 272.
678 2614 1018 2681 BOSSUIT
1054 2614 1216 2681 Van
1252 2612 1565 2694 Francis,
1607 2612 1915 2681 Cabinet
1951 2612 2040 2681 de
2077 2612 2241 2681 l’art
2277 2612 2366 2681 de
2403 2612 2473 2681 la
2511 2612 2870 2702 sculpture
2908 2613 3208 2681 execute
3246 2634 3335 2681 en
3372 2612 3622 2694 ivoire,
3664 2634 3759 2681 ou
3797 2612 4118 2681 ebauché
4157 2634 4246 2681 en
4282 2623 4483 2694 terre,

713 2728 1033 2817 graVées
1076 2727 1363 2817 d’après
1405 2727 1510 2796 les
1553 2727 1881 2796 desseins
1924 2727 2013 2796 de
2053 2729 2317 2796 Barent
2357 2728 2576 2796 Graat
2613 2749 2739 2817 par
2777 2729 3049 2817 Mattys
3091 2727 3292 2809 Pool,
3335 2727 3800 2796 Amsterdam
3848 2728 4056 2809 1727,
4099 2728 4167 2809 4,
4211 2727 4337 2817 fig.
4384 2749 4482 2817 gr.

711 2864 872 2932 P3P—

715 2954 944 3011 Tavole
976 2954 1086 3011 103
1115 2953 1176 3011 di
1198 2953 1391 3028 prima
1415 2953 1765 3011 freschezza
1788 2972 1821 3011 e
1844 2953 2181 3011 bellissima
2204 2953 2582 3011 esecuzione.

471 3169 636 3237 273.
700 3169 1017 3237 CELLINI
1074 3170 1503 3237 Benvenuto
1565 3168 1874 3237 scultore
1932 3168 2343 3250 fiorentino,
2405 3170 2568 3237 Due
2625 3168 2904 3250 trattati,
2965 3190 3111 3237 uno
3170 3168 3454 3237 intorno
3515 3168 3653 3237 alle
3712 3179 3862 3237 otto
3920 3168 4299 3258 principali
4360 3168 4487 3237 arti

713 3283 1308 3365 dell’orificieria;
1351 3283 1591 3352 l’altro
1631 3283 1705 3351 in
1744 3283 2041 3352 materia
2079 3283 2406 3352 dell’arte
2446 3283 2638 3352 della
2678 3283 3008 3365 scultura,
3052 3283 3241 3352 dove
3283 3283 3342 3352 si
3382 3305 3720 3373 veggono
3761 3283 4029 3352 infiniti
4072 3283 4329 3373 segreti
4369 3283 4487 3352 nel

712 3398 1035 3467 lavorare
1066 3398 1134 3467 le
1165 3398 1399 3488 figure
1431 3398 1503 3467 di
1535 3420 1815 3467 marmo
1848 3409 1917 3467 et
1946 3398 2064 3467 nel
2096 3398 2390 3488 gettarle
2422 3398 2494 3467 di
2524 3398 2822 3480 bronzo,
2857 3398 2931 3466 in
2961 3398 3328 3480 Fiorenza,
3362 3420 3488 3488 per
3517 3398 3824 3467 Valente
3855 3398 4129 3467 Panizii
4162 3420 4201 3467 e
4231 3400 4487 3467 Marco

712 3513 890 3595 Peri,
932 3513 1140 3595 1568,
1172 3514 1240 3595 4,
1272 3513 1504 3603 prima
1532 3513 1886 3582 edizione.

471 3744 636 3812 274.
679 3744 996 3812 CELLINI
1032 3745 1460 3812 Benvenuto
1501 3743 1810 3812 scultore
1847 3743 2258 3825 fiorentino,
2300 3743 2422 3812 Gli
2463 3743 2672 3812 stessi
2711 3743 2850 3812 due
2886 3743 3165 3825 trattati,
3205 3743 3501 3812 Firenze
3547 3744 3755 3825 1731,
3795 3744 3863 3825 4,
3905 3743 4239 3812 edizione
4277 3743 4489 3812 citata

713 3858 904 3927 dalla
932 3859 1224 3927 Crusca.

717 3970 946 4041 Questo
983 3969 1263 4044 prezioso
1302 3969 1455 4027 libro
1494 3969 1771 4027 contiene
1808 3988 1926 4027 una
1962 3969 2228 4044 quantità
2264 3969 2325 4027 di
2362 3969 2585 4027 notizie
2621 3988 2728 4044 per
2764 3970 2822 4027 la
2856 3969 3083 4044 pratica
3119 3970 3392 4027 dell’arte
3430 3988 3463 4027 e
3500 3988 3622 4027 non
3659 3969 3968 4027 differisce
4006 3970 4064 4027 la
4098 3969 4292 4044 prima
4328 3970 4488 4027 dalla

714 4066 978 4123 seconda
1012 4065 1290 4123 edizione
1326 4065 1845 4133 essenzialmente,
1886 4084 1949 4123 se
1985 4084 2107 4123 non
2141 4084 2248 4140 per
2282 4084 2481 4123 essere
2517 4066 2677 4123 nella
2713 4066 2978 4123 seconda
3011 4084 3129 4123 una
3162 4065 3511 4140 prefazione
3547 4084 3665 4123 con
3700 4065 3955 4140 qualche
3991 4065 4216 4123 notizia
4250 4065 4487 4123 intorno

713 4161 1044 4218 all’autore.

471 4375 636 4444 275.
671 4376 958 4444 CIAMPI
987 4375 1435 4457 Sebastiano,
1469 4375 1910 4444 Dell’antica
1936 4375 2303 4444 toreutica.
2337 4375 2899 4457 Dissertazione,
2931 4375 3227 4444 Firenze
3265 4375 3473 4457 1815,
3507 4375 3581 4443 in
3614 4376 3677 4457 8,
3709 4377 3815 4444 M.
3851 4376 3965 4444 34.

651 4533 701 4538 —
735 4492 1004 4559 BREVE
1038 4501 1407 4580 prospetto
1445 4490 1906 4580 dell’origine
1943 4490 2135 4559 della
2172 4490 2505 4559 statuaria
2541 4512 2580 4559 e
2618 4490 2807 4559 delle
2843 4490 3038 4559 varie
3074 4490 3392 4559 maniere
3428 4490 3502 4558 in
3539 4490 3806 4559 diversi
3842 4490 4066 4580 tempi
4105 4490 4487 4580 adoperate

711 4627 837 4695 per
864 4605 932 4674 le
964 4616 1190 4674 statue
1220 4605 1415 4695 degli
1446 4605 1562 4674 dei
1593 4627 1632 4674 e
1662 4605 1856 4695 degli
1885 4605 2187 4687 uomini,
2220 4605 2294 4673 in
2327 4606 2390 4687 8,
2422 4607 2528 4674 M.
2564 4606 2678 4674 34.

654 4721 1134 4789 CICOGNARA
1162 4720 1562 4810 Leopoldo,
1597 4720 1832 4789 Storia
1860 4720 2051 4789 della
2081 4720 2410 4789 scultura.

711 4831 870 4889 Vedi
895 4831 985 4889 fra
1007 4831 1027 4888 i
1051 4831 1265 4889 trattati
1290 4832 1448 4889 delle
1474 4831 1580 4889 arti
1604 4831 1666 4888 in
1691 4832 1986 4906 generale.

481 5048 574 5136 [p.
607 5047 730 5129 48]

475 5276 640 5345 276.
675 5278 939 5345 DAVID
970 5276 1276 5358 Emeric,
1311 5276 1765 5345 Recherches
1801 5298 1918 5345 sur
1946 5276 2111 5345 l’art
2142 5276 2474 5345 statuaire
2506 5276 2928 5345 considerée
2960 5276 3136 5345 chez
3168 5276 3273 5345 les
3307 5276 3600 5345 anciens
3633 5287 3702 5345 et
3731 5276 3908 5345 chez
3940 5276 4045 5345 les
4077 5276 4483 5358 modernes,

707 5391 901 5460 Paris
941 5391 1149 5473 1805,
1182 5391 1256 5459 in
1289 5392 1351 5460 8.

713 5503 940 5574 Questa
975 5502 1406 5560 dissertazione
1443 5502 1508 5560 fu
1543 5511 1829 5560 coronata
1863 5502 1924 5560 di
1958 5502 2191 5577 premio
2228 5502 2630 5560 dall’Istituto.
2669 5503 2953 5560 L’autore
2988 5521 3110 5560 non
3148 5502 3197 5560 si
3233 5502 3421 5560 lascia
3454 5511 3809 5577 trasportare
3844 5502 3906 5559 in
3942 5502 4150 5560 favore
4186 5503 4344 5560 delle
4381 5502 4487 5560 arti

706 5598 964 5656 italiane.

475 5814 640 5882 277.
691 5814 1032 5882 GAURICI
1071 5815 1462 5882 POMPONII
1507 5813 1940 5903 napoletani,
1990 5815 2102 5882 De
2151 5813 2513 5903 sculptura
2558 5813 2647 5882 ad
2693 5813 2945 5882 divum
2989 5813 3380 5882 Herculem
3424 5813 3781 5882 Ferrariae
3826 5813 4249 5903 principem,
4298 5813 4481 5882 Flor.

707 5930 875 5997 VIII
905 5928 1036 5997 cal.
1069 5930 1220 5997 Jan.
1263 5928 1471 6010 1504,
1504 5928 1578 5996 in
1611 5929 1673 5997 8.

711 6041 797 6097 La
832 6040 1039 6097 lettera
1074 6039 1135 6097 di
1171 6041 1259 6097 M.
1301 6039 1569 6097 Antonio
1606 6039 1854 6097 Placido
1893 6058 1927 6097 a
1961 6041 2234 6097 Lorenzo
2275 6040 2521 6097 Strozza
2556 6039 2667 6097 che
2705 6039 2937 6114 leggesi
2975 6058 3009 6097 a
3043 6039 3341 6114 principio
3379 6039 3435 6097 ci
3474 6039 3684 6097 avvisa
3720 6039 3831 6097 che
3868 6048 4079 6114 questa
4114 6040 4147 6097 e
4185 6040 4262 6097 òa
4295 6039 4489 6114 prima

707 6134 985 6192 edizione
1010 6135 1108 6192 del
1131 6134 1411 6209 prezioso
1437 6134 1690 6192 libretto.
1717 6135 2065 6209 Esemplare
2089 6134 2348 6192 intonso.

475 6350 640 6418 278.
675 6350 1016 6418 GAURICI
1038 6351 1429 6418 POMPONII
1458 6349 1891 6439 napoletani,
1924 6351 2036 6418 De
2068 6349 2449 6439 sculptura,
2482 6349 3006 6439 Norimbergae
3036 6371 3165 6431 ec.,
3201 6349 3390 6439 apud
3417 6351 3524 6418 Jo.
3558 6349 3936 6431 Petreium,
3978 6349 4186 6431 1542,
4219 6349 4293 6417 in
4321 6350 4388 6418 4.

2171 6657 2347 6694 WWW.
2358 6637 2734 6710 memofonte.
2748 6639 2791 6694 il
