4958 7017
1981 864 2366 922 Fondazione
2390 838 2775 922 Memofonte
2800 865 2976 922 onlus

1390 960 1600 1018 Studio
1624 979 1731 1035 per
1754 960 2226 1018 l’elaborazione
2250 960 2632 1018 informatica
2655 961 2813 1018 delle
2838 960 2991 1018 fonti
3018 960 3571 1018 storico—artistiche

721 1251 929 1333 1553,
962 1251 1036 1319 in
1064 1252 1132 1333 4,
1165 1251 1291 1341 fig.

711 1364 869 1420 Raro
897 1381 930 1420 e
955 1362 1235 1437 prezioso
1263 1362 1416 1420 libro
1442 1381 1549 1437 per
1574 1363 1632 1420 la
1655 1363 1919 1420 raccolta
1944 1362 2005 1420 di
2032 1362 2379 1437 cognizioni
2405 1362 2713 1420 recondite
2741 1362 2852 1420 che
2880 1362 2940 1420 vi
2970 1362 3019 1420 si
3044 1362 3347 1420 ritrovano
3374 1363 3535 1420 nella
3563 1363 3828 1420 seconda
3853 1381 4053 1437 opera:
4087 1362 4302 1420 sonovi
4330 1362 4420 1420 fra
4444 1362 4487 1419 il

711 1467 855 1516 tetto
881 1459 937 1516 le
961 1459 1161 1516 tavole
1186 1458 1348 1533 degli
1374 1458 1559 1516 alberi
1583 1458 1774 1516 incise
1798 1458 1860 1515 in
1884 1459 2082 1533 legno.

487 1654 694 1723 1585.
728 1656 1068 1723 BENETTI
1090 1654 1409 1744 Josephi,
1442 1654 1864 1723 Dissertano
1895 1654 1984 1723 de
2015 1676 2226 1723 cursu
2254 1654 2623 1744 pubblico,
2656 1655 3156 1736 Romael778,
3189 1654 3263 1722 in
3291 1655 3359 1736 4,
3391 1656 3497 1723 M.
3532 1655 3647 1723 21.

714 1765 992 1840 S’aggira
1015 1766 1402 1840 quest’opera
1424 1765 1660 1823 intorno
1687 1765 1742 1823 ai
1767 1765 1934 1823 modi
1959 1766 2057 1823 del
2082 1765 2387 1840 viaggiare
2412 1765 2574 1840 degli
2600 1765 2822 1823 antichi
2847 1784 2880 1823 e
2906 1765 3400 1823 all’instituzione
3425 1766 3583 1823 delle
3606 1774 3781 1840 poste
3804 1765 4147 1840 pubbliche.

479 1980 686 2049 1586.
728 1982 840 2049 De
877 1982 1204 2049 BERGER
1236 1980 1646 2070 Christoph.
1688 1982 1929 2062 Henr.,
1971 1980 2510 2049 Commentatio
2549 1980 2638 2049 de
2674 1980 3025 2070 personis,
3066 1980 3288 2070 vulgo
3326 1980 3543 2049 iarvis
3585 2002 3711 2049 seu
3748 1980 4141 2049 mascheris
4180 2004 4319 2050 von
4356 1980 4490 2049 der

717 2095 1124 2165 Carnavals
1201 2098 1389 2164 Lust.
1478 2095 1749 2164 Critico
1828 2095 2196 2177 historico,
2279 2095 2535 2164 morali
2617 2106 2828 2185 atque
2907 2095 3213 2164 iuridico
3293 2095 3516 2164 modo
3597 2095 3978 2185 diligenter
4056 2095 4483 2185 conscripta,

711 2210 1156 2279 Francofurti
1187 2221 1256 2279 et
1283 2210 1573 2300 Lipsiae
1611 2211 1820 2292 1723,
1853 2210 1927 2278 in
1955 2211 2023 2292 4,
2056 2210 2182 2300 fig.

711 2321 1003 2379 Trovansi
1037 2322 1110 2379 83
1145 2330 1303 2379 carte
1333 2321 1395 2378 in
1425 2330 1637 2396 questo
1669 2322 1914 2379 volume
1945 2321 2237 2379 destinate
2269 2322 2384 2379 alle
2414 2322 2615 2379 tavole
2645 2322 2804 2379 nelle
2835 2321 2997 2396 quali
3030 2340 3180 2379 sono
3210 2321 3638 2396 rappresentati
3676 2321 3787 2379 153
3824 2340 3991 2396 sogg.
4025 2321 4179 2379 tratti
4210 2322 4368 2379 dalle
4401 2321 4487 2379 sei

712 2416 1054 2474 commedie
1093 2416 1154 2474 di
1193 2416 1505 2484 Terenzio,
1547 2417 1696 2474 oltre
1734 2416 1777 2473 il
1814 2416 2038 2474 ritratto
2078 2416 2139 2474 di
2177 2416 2470 2474 Terenzio
2512 2425 2704 2474 stesso
2745 2416 3087 2474 d’incontro
3128 2417 3183 2474 al
3223 2416 3633 2491 frontespizio.
3678 2417 3880 2491 Opera
3917 2416 4256 2474 dottissima
4294 2435 4327 2474 e
4366 2435 4488 2474 non

712 2531 971 2570 comune
995 2512 1057 2569 in
1080 2512 1266 2570 Italia.

483 2727 690 2796 1587.
723 2729 1138 2796 BERNARDI
1164 2727 1500 2809 Eduardi,
1537 2729 1649 2796 De
1682 2727 2038 2796 mensuris
2074 2738 2143 2796 et
2173 2727 2614 2817 ponderibus
2651 2727 2983 2817 antiquis,
3020 2727 3182 2796 libri
3215 2738 3376 2796 tres.
3415 2727 3750 2796 Oxoniae
3784 2749 3823 2796 e
3855 2727 4128 2796 theatro
4165 2727 4486 2796 Sedonio

721 2842 929 2924 1688,
962 2842 1036 2910 in
1069 2843 1132 2924 8,
1165 2842 1291 2932 fig.

711 2953 1082 3028 Aggiuntavi
1114 2972 1232 3011 una
1262 2954 1469 3011 lettera
1498 2955 1572 3011 N.
1607 2955 1667 3011 F.
1702 2955 1776 3011 D.
1812 2954 1910 3011 del
1941 2955 2114 3011 Mare
2146 2953 2207 3011 di
2238 2955 2479 3011 Bronzo
2512 2953 2573 3011 di
2607 2954 2951 3021 Salomone,
2986 2954 3146 3011 colla
3175 2954 3377 3011 tavola
3407 2953 3519 3011 che
3551 2954 3611 3011 lo
3642 2962 4026 3028 rappresenta
4056 2972 4089 3011 e
4120 2953 4182 3010 in
4214 2953 4338 3011 fine
4370 2972 4489 3011 una

711 3050 913 3107 tavola
936 3050 1094 3107 colle
1121 3049 1494 3124 spiegazioni
1518 3049 1756 3107 intorno
1782 3050 1838 3107 le
1862 3049 2085 3107 misure
2110 3068 2143 3107 e
2167 3049 2187 3106 i
2210 3049 2342 3124 pesi
2367 3050 2527 3107 della
2550 3049 2762 3107 China.

479 3245 686 3314 1588.
726 3247 1110 3313 BERTELLI
1139 3245 1591 3327 Ferdinandi,
1631 3245 1983 3314 Omnium
2017 3245 2167 3314 fere
2205 3245 2529 3335 gentium
2563 3256 2847 3314 nostrae
2885 3245 3132 3314 aetatis
3168 3245 3452 3314 habitus
3490 3267 3887 3335 numquam
3923 3256 4083 3314 ante
4118 3245 4252 3314 hac
4290 3245 4483 3314 editi.

711 3359 1200 3428 Ferdinandus
1231 3359 1526 3428 Bertelli
1558 3359 1790 3428 aeneii
1819 3359 2008 3449 typis
2040 3359 2461 3441 excudebat,
2494 3359 2823 3428 Venetiis
2856 3381 3043 3428 anno
3082 3359 3290 3441 1569,
3323 3359 3397 3427 in
3425 3360 3493 3441 4,
3526 3359 3652 3449 fig.

713 3471 1174 3528 Generalmente
1201 3470 1332 3528 tutti
1359 3470 1379 3527 i
1407 3470 1638 3528 volumi
1666 3470 1727 3528 di
1754 3471 1834 3528 tal
1861 3470 2109 3528 materia
2134 3470 2427 3545 intagliati
2453 3470 2516 3527 in
2542 3479 2756 3545 questo
2786 3471 2992 3528 secolo
3022 3489 3172 3528 sono
3198 3470 3437 3545 riputati
3466 3470 3623 3528 assai
3648 3470 3781 3538 rari,
3809 3470 4029 3545 poiché
4054 3471 4357 3545 passando
4383 3489 4490 3545 per

714 3567 957 3624 solazzo
989 3567 1147 3624 nelle
1179 3566 1341 3624 mani
1373 3566 1434 3624 di
1465 3567 1650 3624 molte
1680 3585 1938 3641 persone
1970 3566 2053 3641 gli
2085 3566 2405 3641 esemplari
2439 3585 2589 3624 sono
2620 3566 2811 3641 periti.
2846 3568 2930 3624 Le
2961 3567 3161 3624 tavole
3195 3585 3345 3624 sono
3377 3575 3684 3624 numerate
3716 3566 3845 3624 fino
3879 3567 3996 3624 alla
4027 3566 4105 3624 60
4138 3566 4249 3624 che
4280 3566 4357 3624 ha
4385 3585 4490 3641 per

711 3662 883 3720 titolo
919 3665 1223 3736 Hispania
1264 3665 1513 3720 rustica:
1554 3681 1629 3720 ne
1669 3681 1939 3737 seguono
1979 3663 2122 3720 altre
2159 3663 2197 3719 4
2236 3662 2334 3720 coi
2372 3662 2663 3720 cartellini
2700 3662 2762 3719 in
2797 3662 3016 3720 bianco
3053 3662 3222 3737 prive
3260 3662 3321 3720 di
3359 3662 3864 3720 denominazione
3902 3681 3935 3720 e
3973 3662 4034 3720 di
4071 3681 4339 3720 numero.
4380 3662 4488 3720 Poi

712 3758 1016 3816 chiudono
1046 3759 1104 3816 la
1133 3758 1284 3816 serie
1312 3767 1437 3816 otto
1465 3767 1615 3816 teste
1643 3758 1704 3816 di
1734 3758 2149 3816 acconciature
2178 3758 2502 3816 femminili
2531 3759 2720 3816 molto
2752 3758 3129 3833 stravaganti,
3160 3758 3272 3816 che
3300 3777 3422 3816 non
3452 3759 3770 3816 sembrano
3800 3767 4184 3833 appartenere
4213 3777 4247 3816 a
4273 3767 4486 3833 questo

711 3854 1087 3929 intagliatore
1112 3873 1145 3912 e
1169 3873 1291 3912 non
1315 3854 1514 3912 hanno
1541 3855 1717 3912 alcun
1741 3854 1968 3912 indizio
1994 3854 2055 3912 di
2080 3855 2283 3929 luogo,
2311 3854 2372 3912 di
2397 3855 2492 3912 età
2515 3873 2548 3912 e
2573 3854 2919 3912 d’incisore.

483 4049 690 4119 1589.
742 4051 1126 4117 BERTELLI
1167 4049 1374 4131 Petri,
1426 4049 1894 4118 Diversarum
1941 4049 2316 4118 nationum
2361 4049 2669 4131 habitus,
2721 4060 3011 4118 centum
3059 4060 3128 4118 et
3173 4060 3477 4139 quatuor
3522 4049 3855 4118 iconibus
3904 4049 3978 4117 in
4028 4071 4188 4118 aere
4235 4049 4486 4118 incisis

713 4164 1092 4254 diligenter
1125 4164 1469 4254 expressi,
1506 4164 1681 4233 item
1715 4164 2002 4233 ordines
2038 4164 2182 4233 duo
2217 4164 2307 4233 de
2339 4164 2953 4254 processionibus,
2997 4166 3090 4254 [p.
3129 4164 3300 4247 275]
3340 4186 3524 4233 unus
3561 4164 3843 4233 Summi
3877 4164 4278 4246 Pontificis,
4317 4164 4490 4233 alter

714 4279 1174 4348 Serenissimi
1204 4279 1554 4369 Principis
1585 4279 2073 4361 Venetiarum,
2108 4279 2297 4369 apud
2324 4279 2694 4348 Alciatum
2724 4290 2793 4348 et
2820 4281 3106 4348 Petrum
3134 4279 3551 4361 Bertellum,
3584 4279 3857 4348 Patavii
3896 4279 4104 4361 1689,
4137 4279 4211 4347 in
4244 4280 4307 4361 8,
4340 4279 4466 4369 fig.

711 4391 759 4447 Il
796 4390 1060 4448 Libretto
1099 4391 1132 4448 e
1170 4390 1448 4448 dedicato
1488 4391 1543 4448 al
1581 4391 1649 4448 C.
1691 4390 1753 4448 di
1791 4392 2005 4448 Hanau
2042 4390 2423 4448 dall’editore
2461 4391 2537 4448 ed
2574 4391 2607 4448 e
2644 4390 2954 4465 intagliato
2992 4390 3055 4447 in
3090 4409 3254 4448 rame
3293 4409 3410 4448 con
3447 4390 3702 4465 qualche
3741 4390 3958 4465 grazia:
4001 4391 4057 4448 le
4094 4391 4295 4448 tavole
4335 4409 4486 4448 sono

711 4495 1017 4544 numerate
1042 4505 1075 4544 e
1100 4486 1395 4544 descritte.

483 4701 690 4771 1590.
737 4703 1117 4770 BEVERINI
1158 4701 1675 4783 Bartholomei,
1728 4702 2123 4791 Syntagma
2169 4701 2259 4770 de
2305 4701 2745 4791 ponderibus
2795 4712 2864 4770 et
2909 4701 3287 4783 mensuris,
3338 4701 3412 4769 in
3460 4723 3605 4791 quo
3653 4712 3977 4770 veterum
4023 4723 4488 4770 nummorum

711 4816 1020 4906 pretium
1050 4838 1131 4885 ac
1161 4838 1658 4885 mensurarum
1687 4816 2084 4906 quantitam
2113 4816 2656 4898 demonstratur,
2689 4818 2929 4885 Lucae
2967 4817 3175 4898 1711,
3208 4816 3282 4884 in
3320 4817 3427 4885 12.

483 5027 690 5097 1591.
726 5029 1253 5096 BIRINGUCCIO
1281 5027 1709 5096 Vannuccio
1741 5027 1907 5096 nob.
1947 5049 2222 5109 senese,
2257 5027 2729 5096 Pirotechnia.
2766 5027 2849 5095 Li
2883 5027 3089 5096 diece
3120 5027 3282 5096 libri
3315 5027 3507 5096 della
3536 5027 3989 5096 Pirotechnia
4020 5049 4159 5096 ove
4194 5027 4253 5096 si
4284 5038 4489 5096 tratta

712 5164 858 5211 non
917 5142 1076 5211 solo
1134 5142 1323 5211 delle
1379 5142 1679 5211 miniere
1735 5164 1855 5211 ma
1911 5142 2137 5211 anche
2193 5153 2460 5232 quanto
2520 5142 2579 5211 si
2635 5142 2904 5211 ricerca
2958 5142 3150 5211 nella
3203 5142 3474 5232 pratica
3529 5142 3601 5211 di
3659 5164 3820 5211 esse
3877 5164 3916 5211 e
3973 5142 4045 5211 di
4102 5153 4369 5232 quanto
4429 5142 4487 5211 si

714 5257 1123 5347 appartiene
1162 5257 1438 5326 all’arte
1475 5257 1666 5326 della
1700 5257 2047 5326 funzione
2084 5279 2308 5326 ovver
2343 5268 2536 5347 getto
2574 5257 2687 5326 de’
2733 5257 3006 5326 metalli
3044 5279 3173 5339 ec.,
3213 5257 3287 5325 in
3323 5257 3667 5339 Venezia,
3706 5279 3832 5347 per
3867 5257 4032 5326 Gio.
4073 5257 4484 5339 Padovano,

721 5372 929 5454 1550,
962 5372 1036 5440 in
1064 5373 1132 5454 4,
1167 5372 1256 5441 ad
1284 5372 1560 5441 istanza
1588 5372 1660 5441 di
1691 5372 1958 5441 Curzio
1989 5372 2061 5441 di
2090 5374 2323 5441 Navo.

711 5485 795 5541 Le
836 5502 1156 5541 numerose
1196 5484 1397 5541 tavole
1437 5483 1777 5541 necessarie
1819 5502 1853 5541 a
1891 5492 2049 5541 tante
2090 5483 2544 5541 dimostrazioni
2588 5502 2738 5541 sono
2783 5492 3072 5558 stampate
3112 5483 3175 5540 in
3215 5484 3395 5558 legno
3438 5483 3528 5541 fra
3566 5483 3609 5540 il
3649 5492 3824 5551 testo;
3868 5502 3901 5541 e
3942 5484 4328 5558 quest’opera
4366 5502 4488 5541 non

712 5598 989 5647 comune,
1021 5579 1449 5654 specialmente
1475 5579 1538 5636 in
1564 5588 1775 5654 questa
1798 5579 1991 5654 prima
2016 5579 2312 5647 edizione,
2342 5580 2375 5637 e
2401 5579 2791 5637 interessante
2816 5598 2923 5654 per
2948 5580 3006 5637 la
3030 5579 3270 5637 fusione
3297 5579 3395 5637 dei
3421 5579 3648 5637 metalli
3675 5598 3708 5637 e
3733 5598 3840 5654 per
3865 5579 4008 5654 ogni
4036 5580 4181 5637 altra
4206 5598 4352 5637 cosa
4377 5579 4488 5637 che

712 5675 751 5732 d
782 5675 983 5749 quella
1013 5674 1290 5749 dipende.
1325 5676 1506 5749 Dopo
1537 5674 1580 5731 il
1612 5674 2003 5749 frontespizio
2036 5674 2314 5749 figurato,
2350 5693 2384 5732 a
2413 5683 2580 5749 tergo
2613 5674 2674 5732 di
2704 5674 2801 5732 cui
2833 5675 2866 5732 e
2898 5675 2956 5732 la
2986 5674 3218 5742 dedica,
3253 5693 3533 5749 vengono
3566 5675 3682 5732 due
3714 5674 3973 5749 foglietti
4005 5674 4066 5732 di
4097 5675 4299 5732 tavola
4329 5675 4487 5732 delle

711 5770 957 5828 materie
984 5789 1017 5828 e
1044 5770 1263 5845 cinque
1291 5770 1550 5845 foglietti
1577 5770 1638 5828 di
1663 5770 1956 5845 proemio.
1986 5770 2118 5828 Indi
2147 5789 2418 5845 seguono
2453 5770 2565 5828 167
2595 5770 2854 5845 foglietti
2881 5771 2979 5828 del
3005 5779 3159 5828 testo
3187 5789 3220 5828 e
3247 5770 3612 5828 nell’ultimo
3641 5771 3674 5828 e
3701 5771 3762 5828 lo
3792 5779 4046 5828 stemma
4071 5770 4132 5828 di
4160 5770 4401 5838 Curzio,
4431 5771 4489 5828 la

711 5875 859 5924 tutto
892 5866 1006 5924 176
1032 5866 1307 5941 foglietti.

483 6062 690 6132 1592.
729 6064 1023 6131 BOEMO
1052 6062 1365 6131 Aubano
1401 6062 1768 6131 Giovanni
1805 6062 2208 6144 alemanno,
2246 6062 2330 6130 Li
2367 6062 2701 6144 costumi,
2739 6062 2807 6131 le
2841 6062 3057 6152 leggi,
3095 6062 3163 6131 le
3197 6084 3466 6131 usanze
3502 6062 3574 6131 di
3608 6073 3783 6131 tutte
3817 6062 3885 6131 le
3921 6062 4136 6152 genti,
4173 6062 4487 6131 raccolte

712 6177 835 6267 qui
874 6177 1181 6246 insieme
1220 6177 1311 6246 da
1347 6177 1553 6246 molti
1591 6177 1847 6246 illustri
1889 6177 2192 6246 scrittori
2232 6199 2271 6246 e
2308 6177 2631 6259 tradotte,
2672 6199 2797 6267 per
2833 6177 2885 6245 il
2922 6179 3167 6246 Fauno
3206 6177 3280 6245 in
3318 6188 3571 6267 questa
3607 6188 3848 6246 nostra
3884 6177 4131 6267 lingua
4167 6177 4483 6267 volgare,

712 6292 1037 6361 Venezia
1073 6292 1281 6374 1542,
1313 6314 1439 6382 per
1465 6292 1693 6361 Mich.
1728 6292 2223 6374 Tramezzino,
2256 6292 2330 6360 in
2363 6293 2425 6361 8.

713 6404 942 6475 Questo
975 6404 1008 6461 e
1040 6422 1121 6461 un
1152 6403 1305 6461 libro
1340 6403 1639 6478 singolare
1669 6403 1852 6478 pieno
1885 6403 1946 6461 di
1978 6422 2122 6461 cose
2154 6403 2580 6478 meravigliose
2611 6404 2757 6461 tolte
2789 6404 2866 6461 da
2894 6403 3160 6461 racconti
3192 6403 3474 6471 favolosi,
3509 6404 3586 6461 da
3616 6403 3991 6478 viaggiatori,
4026 6404 4103 6461 da
4131 6403 4484 6478 pregiudizi,

2171 6657 2347 6694 WWW.
2358 6637 2734 6710 memofonte.
2748 6639 2791 6694 il
