4958 7017
1981 864 2366 922 Fondazione
2390 864 2775 922 Memofonte
2800 865 2976 922 onlus

1390 960 1600 1018 Studio
1624 979 1731 1035 per
1754 960 2226 1018 l’elaborazione
2250 960 2632 1018 informatica
2655 961 2813 1018 delle
2838 960 2991 1018 fonti
3018 960 3571 1018 storico—artistiche

474 1247 655 1305 2520.
682 1249 942 1315 DENON,
969 1247 1232 1322 Viaggio
1258 1248 1356 1305 del
1379 1248 1561 1305 basso
1587 1248 1663 1305 ed
1688 1248 1807 1305 alto
1832 1247 2031 1322 Egitto
2056 1247 2367 1315 illustrato,
2394 1247 2658 1315 Firenze,
2684 1266 2894 1322 presso
2921 1247 3231 1322 Giuseppe
3255 1247 3491 1315 Tofani,
3527 1248 3701 1315 1708,
3729 1248 3848 1305 vol.
3877 1248 3933 1315 2,
3960 1247 4022 1304 in
4046 1247 4173 1315 fol.,
4201 1247 4305 1322 fig.

713 1343 814 1401 Gli
839 1343 1053 1401 editori
1078 1343 1139 1401 di
1164 1343 1410 1401 Firenze
1435 1343 1695 1401 intesero
1722 1343 1783 1401 di
1807 1343 2100 1401 illustrare
2125 1344 2513 1418 quest’opera
2536 1362 2653 1401 con
2678 1344 2890 1401 alcune
2915 1352 3055 1401 note
3081 1344 3157 1401 ed
3182 1343 3464 1418 aggiunte
3489 1362 3522 1401 e
3548 1344 3646 1401 col
3669 1352 4023 1418 premettere
4049 1344 4262 1401 alcune
4286 1344 4487 1401 tavole

705 1458 812 1514 per
836 1458 954 1497 una
977 1439 1082 1514 più
1108 1439 1309 1497 chiara
1333 1439 1736 1514 intelligenza.
1766 1441 1851 1497 Fu
1878 1440 2202 1514 adoperato
2229 1439 2291 1496 in
2317 1439 2414 1497 ciò
2441 1439 2484 1496 il
2511 1439 2888 1497 chiarissimo
2917 1440 3008 1497 ab.
3038 1439 3289 1497 Fontani
3314 1439 3733 1497 bibliotecario
3761 1440 3921 1497 della
3945 1439 4359 1507 Riccardiana;
4389 1458 4488 1497 ma

706 1535 749 1592 il
787 1544 1021 1610 segreto
1058 1536 1156 1593 del
1197 1537 1275 1610 [p.
1315 1536 1375 1605 9]
1417 1536 1473 1593 le
1509 1544 1649 1593 note
1685 1536 1762 1593 ed
1796 1535 2190 1593 illustrazioni
2229 1535 2278 1593 si
2315 1535 2381 1593 fu
2414 1554 2521 1610 per
2553 1544 2725 1610 poter
2758 1535 3107 1610 ristampare
3145 1554 3179 1593 a
3212 1535 3459 1593 Firenze
3497 1535 3763 1606 (suddita
3798 1536 3985 1593 allora
4019 1536 4179 1593 della
4212 1535 4485 1606 Francia)

706 1632 1001 1706 un’opera
1025 1631 1372 1706 pubblicata
1399 1650 1433 1689 a
1458 1631 1672 1706 Parigi,
1705 1650 1885 1689 senza
1912 1650 2053 1689 aver
2079 1632 2465 1706 l’apparenza
2491 1631 2552 1689 di
2580 1632 2781 1689 ledere
2809 1632 2867 1689 la
2891 1631 3192 1706 proprietà
3218 1650 3251 1689 e
3279 1631 3362 1706 gli
3389 1631 3663 1689 interessi
3691 1632 4066 1689 dell’autore.
4097 1631 4486 1689 Nondimeno

707 1735 917 1801 questa
949 1727 1213 1784 seconda
1243 1726 1521 1784 edizione
1553 1745 1586 1784 e
1616 1726 1810 1801 prima
1839 1726 2099 1794 italiana,
2133 1745 2255 1784 non
2286 1727 2435 1784 cede
2468 1726 2856 1784 all’edizione
2888 1726 3179 1801 originale
3211 1727 3287 1784 ed
3318 1727 3351 1784 è
3383 1726 3653 1801 eseguita
3683 1745 3801 1784 con
3832 1727 4019 1784 molta
4049 1726 4367 1801 diligenza.
4402 1728 4486 1784 Le

706 1823 906 1880 tavole
933 1841 1083 1880 sono
1108 1822 1171 1879 in
1194 1841 1445 1880 numero
1471 1822 1532 1880 di
1558 1822 1695 1880 544.

474 2014 655 2072 2521.
694 2016 1137 2072 DESCRIPTION
1172 2015 1247 2072 de
1284 2015 1585 2089 l’Egypte,
1625 2033 1705 2072 ou
1739 2014 1963 2072 recueil
2000 2015 2106 2072 des
2144 2014 2559 2072 observations
2597 2023 2655 2072 et
2690 2015 2796 2072 des
2832 2014 3185 2072 recherches
3223 2014 3326 2089 qui
3363 2023 3467 2072 ont
3503 2015 3596 2072 été
3633 2014 3807 2072 faites
3845 2033 3921 2072 en
3956 2016 4189 2089 Egypte
4224 2015 4488 2089 pendant

707 2110 1106 2185 l’expédition
1134 2111 1209 2168 de
1238 2111 1489 2168 l’armée
1518 2110 1852 2185 Francaise,
1883 2110 2065 2178 Paris,
2096 2110 2468 2185 Imprimerie
2496 2110 2827 2185 imperiale,
2866 2111 3021 2169 1809
3052 2119 3110 2168 et
3138 2129 3270 2168 ann.
3305 2110 3477 2178 suiv.,
3516 2111 3585 2168 13
3618 2111 3738 2168 vol.
3771 2111 3846 2168 de
3874 2119 4050 2178 texte,
4082 2110 4145 2167 in
4174 2110 4301 2178 fol.,
4331 2111 4416 2168 br.
4451 2111 4483 2168 3

707 2206 1025 2264 livraisons
1050 2206 1113 2263 in
1137 2206 1242 2264 fol.
1271 2225 1427 2264 max.
1456 2207 1531 2264 de
1556 2206 1801 2281 figures,
1832 2207 1864 2264 8
1892 2207 2033 2274 vol.,
2060 2206 2122 2263 in
2146 2206 2251 2264 fol.
2280 2225 2362 2281 gr.

708 2302 1112 2376 Quest’opera
1141 2301 1463 2376 grandiosa
1492 2320 1525 2359 e
1556 2301 1904 2376 imponente
1936 2310 2253 2376 composta
2283 2302 2360 2359 da
2388 2301 2533 2359 tanti
2564 2301 2847 2359 elementi
2878 2320 3055 2359 come
3089 2320 3239 2359 sono
3271 2302 3327 2359 le
3359 2301 3521 2359 varie
3554 2301 3660 2359 arti
3691 2320 3724 2359 e
3758 2301 3997 2359 scienze
4028 2301 4140 2359 che
4172 2301 4489 2359 abbraccia

706 2416 828 2455 non
852 2406 1074 2472 poteva
1097 2397 1363 2455 ricevere
1389 2416 1507 2455 una
1532 2397 1896 2455 conformità
1921 2397 1982 2455 di
2009 2397 2369 2455 esecuzione
2396 2416 2572 2455 come
2601 2416 2664 2455 se
2692 2397 2859 2455 fosse
2885 2397 2928 2454 il
2953 2397 3222 2455 risultato
3250 2398 3399 2455 d’un
3427 2398 3559 2455 solo
3586 2397 3850 2472 ingegno
3878 2416 3911 2455 e
3937 2416 4059 2455 non
4084 2406 4229 2455 tutte
4256 2398 4312 2455 le
4337 2397 4488 2472 parti

705 2512 812 2568 per
835 2512 1257 2568 conseguenza
1280 2512 1445 2551 esser
1466 2512 1737 2568 possono
1763 2494 1925 2551 dello
1953 2502 2144 2551 stesso
2170 2493 2401 2551 merito:
2431 2512 2531 2551 ma
2552 2494 2698 2568 però
2722 2512 2829 2568 per
2852 2494 2910 2551 la
2935 2512 3041 2551 sua
3064 2493 3295 2561 vastità,
3321 2512 3428 2568 per
3451 2493 3845 2551 l’estensione
3870 2494 4028 2551 delle
4053 2493 4400 2568 cognizioni
4424 2493 4487 2550 in

707 2608 843 2647 essa
882 2589 1167 2664 spiegate,
1207 2608 1314 2664 per
1351 2590 1747 2647 l’eccellenza
1784 2589 2052 2647 d’alcuni
2092 2589 2282 2647 autori
2321 2608 2354 2647 e
2393 2590 2451 2647 la
2488 2589 2934 2664 magnificenza
2971 2589 3450 2664 dell’intrapresa
3486 2590 3638 2647 terrà
3675 2590 3860 2664 luogo
3900 2589 3990 2647 fra
4027 2590 4083 2647 le
4120 2589 4225 2664 più
4262 2589 4486 2664 insigni

705 2685 1081 2760 produzioni.
1123 2686 1171 2742 Il
1210 2685 1422 2743 merito
1462 2686 1622 2743 della
1659 2685 1982 2760 tipografia
2019 2704 2052 2743 e
2091 2686 2251 2743 della
2288 2685 2657 2760 calcografia
2695 2686 2728 2743 e
2768 2685 2924 2743 assai
2964 2685 3227 2743 distinto.
3270 2687 3354 2743 Le
3392 2686 3593 2743 tavole
3632 2686 3793 2743 della
3832 2685 4013 2743 storia
4050 2686 4315 2743 naturale
4354 2704 4387 2743 e
4425 2685 4488 2742 in

706 2781 934 2856 ispecie
969 2781 1067 2839 dei
1104 2781 1361 2856 serpenti
1398 2800 1548 2839 sono
1582 2781 2106 2856 pregievolissime
2139 2782 2239 2856 pel
2274 2781 2486 2839 merito
2522 2782 2620 2839 del
2653 2781 2880 2839 bulino.
2918 2783 3064 2839 Pare
3098 2781 3209 2839 che
3243 2781 3507 2856 migliori
3540 2781 3793 2839 risultati
3828 2790 4057 2839 ottener
4092 2781 4141 2839 si
4174 2790 4486 2856 potessero

707 2877 865 2934 dalle
901 2876 1216 2934 macchine
1254 2877 1537 2951 adoprate
1572 2895 1678 2951 per
1712 2877 1768 2934 le
1803 2877 2088 2951 paralelle
2124 2877 2282 2934 nelle
2318 2877 2518 2934 tavole
2556 2876 3064 2944 architettoniche,
3104 2877 3160 2934 le
3197 2876 3359 2951 quali
3398 2877 3660 2934 sebbene
3697 2876 3758 2934 di
3796 2885 4070 2934 accurata
4105 2876 4484 2944 esecuzione,

706 2973 1053 3030 nullameno
1091 2972 1359 3030 lasciano
1397 2973 1582 3047 luogo
1621 2991 1655 3030 a
1691 2972 2057 3030 desiderarvi
2092 2972 2197 3047 più
2234 2981 2427 3047 gusto.
2467 2972 2809 3047 L’impresa
2844 2981 3187 3030 veramente
3224 2972 3610 3030 monarchica
3646 2972 3707 3030 di
3742 2973 4028 3047 produrre
4064 2973 4264 3030 tavole
4301 2973 4488 3030 d’una

707 3068 1086 3126 dimensione
1121 3068 1332 3126 affatto
1366 3087 1568 3126 nuova
1597 3087 1704 3143 per
1736 3068 2131 3126 l’immensità
2163 3069 2323 3126 della
2354 3069 2517 3126 mole
2552 3069 2682 3126 sarà
2714 3068 3139 3126 difficilmente
3172 3068 3402 3126 imitata
3431 3087 3538 3143 per
3570 3068 3653 3143 gli
3686 3068 3942 3126 ostacoli
3975 3068 4086 3126 che
4119 3068 4486 3126 incontransi

706 3165 866 3222 nella
892 3164 1253 3222 esecuzione
1281 3164 1631 3222 meccanica
1659 3164 1917 3239 superati
1945 3183 2062 3222 con
2089 3165 2258 3222 valor
2286 3183 2542 3222 sommo.
2575 3165 2805 3236 Questo
2833 3173 3037 3222 nostro
3066 3165 3399 3239 esemplare
3427 3165 3460 3222 e
3488 3165 3650 3222 dono
3679 3165 3777 3222 del
3805 3164 4280 3222 clementissimo
4309 3166 4398 3222 Re
4426 3164 4487 3222 di

706 3260 954 3318 Francia
989 3279 1022 3318 e
1060 3261 1294 3335 l’opera
1328 3279 1451 3318 non
1487 3261 1747 3318 essendo
1783 3279 1890 3335 per
1926 3260 2114 3318 anche
2151 3260 2422 3318 ultimata
2457 3261 2490 3318 e
2527 3269 2744 3318 tuttora
2781 3261 3029 3335 slegato,
3070 3260 3240 3318 acciò
3276 3279 3461 3335 possa
3497 3260 3665 3318 venir
3698 3260 3918 3318 riunito
3956 3279 4132 3318 come
4169 3260 4396 3335 meglio
4437 3260 4486 3318 si

707 3356 967 3423 crederà,
996 3356 1146 3413 allor
1168 3355 1279 3413 che
1306 3355 1394 3413 sia
1416 3355 1806 3413 interamente
1831 3355 2141 3430 compiuto
2166 3355 2209 3412 il
2234 3356 2460 3413 lavoro.

474 3547 655 3605 2522.
695 3548 1047 3605 GAFFAREL
1079 3549 1353 3622 Jacques,
1392 3547 1724 3605 Curiosités
1759 3547 1996 3605 inouies
2035 3566 2132 3605 sur
2166 3548 2224 3605 la
2259 3548 2560 3622 sculpture
2594 3547 3016 3622 talismanique
3051 3548 3157 3605 des
3192 3566 3458 3622 persans,
3496 3547 3836 3622 horoscope
3871 3548 3977 3605 des
4011 3547 4392 3622 patriarches,
4430 3556 4488 3605 et

707 3644 929 3701 lecture
959 3644 1065 3701 des
1096 3643 1327 3711 étoiles,
1359 3643 1522 3701 Paris
1560 3643 1734 3711 1629,
1766 3643 1828 3700 in
1860 3644 1912 3701 8.
1945 3643 2142 3701 Prima
2170 3643 2465 3701 edizione.
2498 3645 2584 3701 Fu
2613 3644 2799 3701 molte
2829 3644 2991 3701 volte
3019 3643 3368 3718 ristampato
3399 3662 3432 3701 e
3463 3643 3651 3701 anche
3681 3644 3758 3701 da
3788 3643 4041 3718 Giorgio
4071 3643 4340 3701 Michele
4370 3662 4487 3701 con

706 3748 846 3797 note
870 3740 968 3797 nel
1000 3739 1156 3797 1676
1183 3740 1238 3797 al
1263 3740 1340 3797 78
1367 3739 1429 3796 in
1453 3740 1569 3797 due
1594 3739 1908 3797 volumetti
1932 3739 1995 3796 in
2022 3740 2074 3797 8.

474 3930 655 3988 2523.
687 3931 1006 3988 GROBERT
1031 3932 1305 4005 Jacques,
1335 3930 1721 4005 Description
1748 3931 1854 3988 des
1881 3930 2205 4005 piramides
2234 3931 2309 3988 de
2338 3930 2532 3988 Ghize
2560 3931 2635 3988 de
2663 3931 2721 3988 la
2746 3930 2889 3988 ville
2917 3931 2997 3988 du
3025 3930 3205 3988 Kaire
3233 3939 3291 3988 et
3317 3931 3392 3988 de
3421 3949 3515 3988 ses
3544 3930 3844 3998 environs,
3874 3930 4056 3998 Paris,
4088 3949 4178 3988 an.
4209 3932 4312 3998 IX,
4342 3930 4404 3987 in
4429 3931 4485 3998 4,

707 4026 834 4101 fig.,
861 4028 949 4084 M.
985 4026 1117 4084 106.

715 4123 1016 4190 L’autore,
1050 4122 1324 4180 ufficiale
1355 4122 1747 4197 d’artiglieria
1776 4141 1809 4180 e
1840 4123 2113 4180 membro
2145 4122 2570 4180 dell’Instituto
2602 4122 2663 4180 di
2694 4123 2975 4197 Bologna
3004 4122 3070 4180 fu
3101 4123 3156 4180 al
3188 4122 3368 4180 Cairo
3400 4123 3560 4180 nella
3590 4141 3735 4197 gran
3767 4122 4117 4197 spedizione
4149 4123 4225 4180 ed
4254 4122 4486 4180 illustrò

707 4227 917 4293 questa
940 4237 1124 4293 opera
1147 4237 1264 4276 con
1288 4218 1505 4293 cinque
1529 4219 1730 4276 tavole
1754 4218 1816 4275 in
1838 4237 2019 4276 rame.

479 4412 557 4485 [p-
593 4411 687 4480 10]

474 4601 655 4659 2524.
683 4603 1047 4659 HAMILTON
1068 4601 1357 4669 William,
1384 4601 1734 4676 Egyptiaca.
1753 4650 1790 4659 ..
1821 4601 2113 4659 Remarks
2139 4620 2219 4659 on
2245 4602 2475 4659 several
2499 4610 2658 4676 parts
2684 4601 2756 4659 of
2773 4601 3028 4676 Turkey,
3055 4602 3312 4659 London
3343 4602 3518 4669 1809,
3544 4601 3606 4658 in
3629 4602 3685 4659 4.

706 4698 1003 4755 L’atlante
1028 4697 1089 4755 di
1114 4698 1501 4772 quest’opera
1524 4698 1557 4755 è
1582 4706 1901 4772 composto
1927 4697 1988 4755 di
2013 4697 2088 4755 25
2116 4698 2316 4755 tavole
2340 4697 2402 4754 in
2426 4697 2620 4772 foglio
2646 4698 2841 4772 legate
2867 4716 2901 4755 a
2922 4706 3104 4772 parte.

474 4889 655 4947 2525.
697 4891 1065 4947 JABLONSKI
1102 4889 1270 4947 Pauli
1310 4889 1561 4957 Ernesti,
1604 4891 1698 4947 De
1738 4891 2072 4947 Memnone
2113 4908 2467 4964 graecorum
2507 4898 2565 4947 et
2605 4889 3022 4964 aegyptiorum
3060 4889 3357 4964 hujusque
3398 4889 3788 4947 celeberrima
3826 4889 3889 4946 in
3928 4889 4236 4947 Thebaide
4279 4898 4484 4957 statua,

709 4994 1084 5060 syntagmata
1107 5004 1248 5043 cum
1271 4985 1483 5060 figuris
1510 4985 1732 5053 aeneis,
1759 4985 1821 5042 in
1844 4986 1901 5053 4,
1928 4985 2299 5043 Francofurti
2331 4985 2506 5053 1753,
2533 4987 2621 5043 M.
2651 4986 2727 5044 39
2753 5004 2786 5043 e
2810 4986 2908 5043 41.

707 5081 842 5138 Con
866 5081 982 5138 due
1006 5081 1207 5138 tavole
1231 5080 1537 5155 intagliate
1561 5080 1624 5137 in
1646 5099 1828 5138 rame.

474 5272 655 5330 2526.
693 5274 1037 5330 KIRCHERII
1069 5272 1402 5340 Athanasii,
1441 5272 1763 5330 Obeliscus
1797 5272 2189 5347 Pamphilius;
2225 5272 2341 5330 hoc
2376 5281 2467 5330 est
2498 5272 2901 5347 interpretatio
2935 5291 3095 5330 nova
3127 5272 3382 5330 obelisci
3415 5272 3837 5347 hierogliphici
3871 5291 4054 5347 quem
4086 5281 4218 5340 etc.,
4254 5274 4487 5330 Romae

714 5368 889 5436 1650,
915 5368 977 5425 in
1001 5368 1063 5436 f.,
1091 5368 1196 5443 fig.

474 5559 655 5617 2527.
688 5561 1032 5617 KIRCHERII
1058 5559 1392 5627 Athanasii,
1424 5559 1696 5634 Oepidus
1725 5559 2095 5634 egyptiacus,
2126 5559 2242 5617 hoc
2271 5568 2362 5617 est
2388 5559 2744 5617 universalis
2773 5559 3246 5634 hierogliphicae
3275 5568 3545 5617 veterum
3571 5559 3877 5617 doctrinae
3905 5568 4246 5634 temporum
4272 5559 4488 5634 injuria

708 5655 967 5713 abolitae
991 5655 1357 5723 instauratio,
1384 5657 1616 5713 Romae
1648 5655 1804 5713 1662
1830 5656 1906 5713 ed
1931 5655 2068 5713 anni
2095 5674 2238 5730 seg.,
2265 5656 2303 5712 4
2329 5656 2470 5723 vol.,
2497 5655 2559 5712 in
2584 5655 2711 5723 fol.,
2739 5655 2844 5730 fig.

713 5752 940 5823 Questa
973 5752 1006 5809 e
1041 5752 1276 5826 l’opera
1307 5751 1412 5826 più
1446 5752 1627 5819 dotta,
1663 5751 1963 5826 profonda
1996 5770 2029 5809 e
2066 5751 2302 5809 stimata
2335 5752 2433 5809 del
2469 5751 2781 5819 Kirchero;
2819 5770 2852 5809 e
2885 5751 3091 5826 perciò
3126 5751 3209 5826 gli
3244 5751 3563 5826 esemplari
3600 5770 3752 5809 sono
3787 5751 3972 5809 tenuti
4006 5751 4069 5808 in
4101 5751 4330 5826 pregio,
4367 5770 4489 5809 non

707 5848 1045 5905 essendone
1070 5847 1190 5905 mai
1218 5856 1366 5905 stata
1388 5847 1716 5922 intrapresa
1738 5866 1856 5905 una
1881 5848 2146 5905 seconda
2169 5847 2465 5915 edizione,
2493 5847 2604 5905 che
2629 5848 2983 5905 costerebbe
3007 5866 3087 5905 un
3111 5866 3291 5922 grave
3316 5847 3654 5922 dispendio.

474 6039 655 6097 2528.
695 6041 1039 6097 KIRCHERII
1072 6039 1406 6107 Athanasii,
1445 6039 1641 6097 China
1675 6039 2082 6097 monumentis
2121 6039 2303 6097 sacris
2339 6048 2397 6097 et
2430 6039 2718 6114 profanis,
2756 6058 2867 6097 nec
2903 6058 3026 6097 non
3060 6048 3302 6097 naturae
3337 6048 3395 6097 et
3430 6039 3567 6097 artis
3605 6039 3964 6114 spectaculis
3999 6039 4306 6107 illustrata,
4344 6040 4483 6097 Ant.

714 6134 889 6202 1667,
915 6134 977 6191 in
1001 6134 1128 6202 fol.,
1156 6134 1261 6209 fig.
1290 6135 1406 6192 Col
1429 6134 1653 6192 ritratto
1679 6135 2036 6192 dell’autore
2060 6134 2122 6191 in
2147 6134 2358 6192 fronte.

706 6232 790 6288 Le
819 6231 1005 6288 molte
1033 6231 1252 6298 tavole,
1284 6230 1395 6288 che
1427 6249 1577 6288 sono
1610 6249 1812 6305 sparse
1840 6231 1998 6288 nelle
2028 6249 2210 6305 opere
2239 6230 2300 6288 di
2329 6239 2541 6305 questo
2572 6239 2794 6298 autore,
2825 6230 2845 6287 i
2874 6230 3095 6305 viaggi,
3128 6230 3211 6305 gli
3243 6230 3417 6298 studi,
3449 6231 3505 6288 le
3534 6230 3780 6288 nozioni
3809 6230 3870 6288 di
3899 6239 4112 6305 questo
4142 6230 4485 6288 dottissimo

707 6326 855 6384 frate
895 6326 1284 6394 infaticabile,
1326 6327 1597 6384 rendono
1639 6327 1695 6384 le
1738 6345 1842 6384 sue
1883 6345 2065 6401 opere
2104 6326 2434 6401 pregevoli,
2478 6326 2899 6401 quand’anche
2940 6326 3264 6384 manchino
3308 6345 3519 6401 spesso
3561 6326 3622 6384 di
3663 6326 3887 6394 critica;
3931 6345 3964 6384 e
4005 6335 4389 6401 quantunque
4430 6327 4488 6384 la

707 6422 982 6480 filosofia
1005 6422 1172 6480 fosse
1197 6423 1440 6480 lontana
1463 6422 1625 6497 dagli
1649 6422 1933 6480 immensi
1956 6422 2259 6497 progressi
2284 6422 2396 6480 che
2420 6422 2497 6480 ha
2521 6422 2668 6480 fatto
2694 6422 2756 6479 in
2782 6422 3035 6497 seguito,
3063 6423 3121 6480 la
3142 6422 3429 6497 posterità
3452 6423 3605 6480 deve
3630 6422 3879 6497 essergli
3902 6422 4338 6480 riconoscente.

2171 6657 2347 6694 WWW.
2358 6637 2734 6710 memofonte.
2748 6639 2791 6694 il
