4958 7017
1981 864 2366 922 Fondazione
2390 838 2775 922 Memofonte
2800 865 2976 922 onlus

1390 960 1600 1018 Studio
1624 979 1731 1035 per
1754 960 2226 1018 l’elaborazione
2250 960 2632 1018 informatica
2655 961 2813 1018 delle
2838 960 2991 1018 fonti
3018 960 3571 1018 storico—artistiche

1908 1378 2323 1480 DELL’
2343 1378 3050 1482 INTAGLIO

1891 1573 2015 1654 IN
2048 1571 2394 1653 RAME
2427 1601 2473 1653 E
2506 1573 2630 1654 IN
2662 1571 3067 1655 LEGNO

475 1827 640 1895 248.
675 1828 1174 1895 BALDINUCCI
1201 1826 1508 1916 Filippo,
1543 1826 2176 1895 Cominciamento
2208 1848 2247 1895 e
2276 1826 2638 1916 progressi
2670 1826 2997 1895 dell’arte
3028 1826 3584 1916 dell’intagliare
3614 1826 3688 1894 in
3717 1848 3934 1908 rame,
3969 1826 4158 1895 colle
4188 1826 4334 1895 vite
4365 1826 4478 1895 de’

706 1941 831 2031 più
861 1941 1237 2010 eccellenti
1267 1941 1556 2010 maestri
1587 1941 1779 2010 della
1809 1952 2037 2010 stessa
2063 1941 2542 2031 professione,
2574 1941 2871 2010 Firenze
2909 1941 3117 2023 1686,
3149 1963 3275 2031 per
3302 1941 3536 2010 Pietro
3565 1941 3856 2023 Marini,
3889 1941 3963 2009 in
3991 1942 4058 2010 4.

713 2053 914 2127 Opera
939 2071 1173 2127 sempre
1196 2053 1541 2127 pregevole,
1567 2052 1787 2127 poiché
1812 2053 1870 2110 la
1891 2052 2086 2127 prima
2109 2052 2221 2110 che
2246 2052 2302 2110 ci
2327 2052 2404 2110 ha
2425 2053 2654 2127 parlato
2680 2053 2839 2110 delle
2863 2052 3050 2110 teorie
3075 2071 3108 2110 e
3133 2053 3291 2110 delle
3316 2052 3608 2110 memorie
3633 2052 3694 2110 di
3721 2061 3931 2127 questa
3954 2053 4149 2110 classe
4174 2052 4430 2110 d’artisti
4455 2071 4488 2110 e

707 2148 768 2206 di
810 2167 1009 2223 opere,
1054 2149 1203 2206 oltre
1246 2149 1301 2206 al
1345 2148 1565 2206 servire
1605 2167 1711 2223 per
1749 2148 1769 2205 i
1811 2148 2094 2206 vocaboli
2135 2148 2353 2206 tecnici
2395 2148 2456 2206 di
2497 2157 2650 2206 testo
2693 2148 2754 2206 di
2796 2148 3016 2223 lingua.
3062 2149 3345 2206 L’autore
3387 2149 3445 2206 la
3484 2148 3721 2206 intitolò
3765 2148 4111 2223 all’insigne
4152 2150 4485 2206 Francesco

706 2244 1044 2312 Marucelli,
1072 2244 1388 2302 fondatore
1413 2263 1446 2302 e
1471 2245 1676 2302 datore
1700 2245 1798 2302 del
1825 2263 1933 2302 suo
1958 2263 2139 2302 nome
2165 2245 2283 2302 alla
2304 2244 2648 2302 biblioteca.

475 2460 640 2529 249.
681 2461 1144 2528 BENINCASA
1180 2459 1747 2541 Bartolommeo,
1787 2459 2260 2528 Descrizione
2297 2459 2488 2528 della
2522 2459 2837 2528 raccolta
2872 2459 2944 2528 di
2984 2470 3260 2549 stampe
3297 2459 3415 2528 del
3452 2459 3765 2528 cavalier
3799 2461 4156 2541 Durazzo,
4197 2470 4488 2549 esposta

707 2574 781 2642 in
811 2596 954 2643 una
984 2574 1501 2643 dissertazione
1535 2574 1856 2643 sull’arte
1888 2574 2371 2664 dell’intaglio
2405 2596 2444 2643 e
2478 2585 2776 2664 stampa,
2811 2576 3064 2643 Parma
3102 2575 3310 2656 1784,
3346 2574 3420 2642 in
3450 2575 3517 2643 4.
3554 2574 3694 2643 Col
3725 2574 3993 2643 ritratto
4025 2574 4099 2642 in
4129 2574 4486 2664 principio

708 2689 825 2758 del
855 2689 1247 2758 collettore.

706 2800 1056 2858 Bellissima
1079 2800 1357 2858 edizione
1380 2819 1514 2858 resa
1537 2800 1681 2875 oggi
1705 2819 1850 2858 rara.

475 3015 640 3084 250.
701 3017 807 3083 LE
858 3017 1161 3097 BLOND,
1221 3016 1419 3084 L’art
1475 3015 1927 3105 d’imprimer
1981 3015 2086 3084 les
2143 3015 2501 3097 tableaux,
2560 3015 2762 3084 traité
2819 3015 3107 3105 d’après
3165 3015 3270 3084 les
3330 3015 3563 3097 ecrits,
3623 3015 3728 3084 les
3787 3015 4197 3105 operations
4256 3026 4325 3084 et
4379 3015 4484 3084 les

707 3130 1168 3199 instructions
1199 3130 1525 3199 verbales
1557 3130 1646 3199 de
1677 3132 1726 3199 I.
1761 3131 1843 3199 C.
1877 3130 1945 3199 le
1974 3130 2235 3212 Blond,
2268 3130 2462 3199 Paris
2502 3130 2710 3212 1756,
2743 3130 2817 3198 in
2850 3131 2912 3199 8.

704 3242 933 3313 Questo
964 3241 1117 3299 libro
1147 3241 1425 3299 contiene
1455 3241 1644 3299 anche
1673 3241 1736 3298 in
1762 3241 2019 3299 ristretto
2048 3241 2068 3298 i
2097 3241 2325 3299 metodi
2354 3241 2415 3299 di
2444 3242 2587 3299 Abr.
2625 3243 2703 3316 [p.
2736 3242 2839 3311 42]
2873 3243 3087 3309 Bosse,
3119 3241 3290 3299 molti
3318 3241 3704 3316 preliminari,
3736 3260 3855 3299 una
3881 3242 4084 3299 tavola
4112 3241 4489 3316 amplissima

707 3337 865 3394 delle
904 3336 1149 3394 materie
1188 3355 1221 3394 e
1259 3345 1344 3394 tre
1382 3337 1599 3394 tavole.
1641 3337 1689 3393 Il
1727 3345 1880 3394 testo
1922 3345 2215 3411 stampato
2254 3336 2317 3393 in
2355 3355 2500 3411 gran
2538 3336 2808 3394 caratteri
2847 3355 2880 3394 e
2918 3336 2980 3393 in
3018 3345 3178 3394 carta
3216 3336 3372 3394 assai
3412 3355 3638 3411 grossa,
3680 3355 3914 3411 occupa
3950 3355 4031 3394 un
4067 3336 4485 3411 piccolissimo

709 3432 933 3507 spazio.

475 3647 640 3716 251.
678 3649 934 3716 BOSSE
965 3647 1163 3729 Abr.,
1200 3647 1479 3716 Traicté
1514 3647 1640 3716 des
1675 3647 2029 3716 manières
2065 3647 2154 3716 de
2189 3669 2440 3737 graver
2473 3669 2562 3716 en
2594 3647 2791 3716 taille
2825 3647 3058 3716 douce
3094 3669 3211 3716 sur
3242 3647 3527 3716 l’airaì'n
3559 3669 3685 3737 par
3716 3647 3784 3716 le
3817 3669 4084 3737 moyen
4118 3647 4208 3716 de
4241 3647 4486 3716 l’eaux

707 3762 891 3831 forte
939 3773 1008 3831 et
1054 3762 1180 3831 des
1229 3762 1481 3831 vernix
1530 3762 1695 3831 durs
1745 3773 1814 3831 et
1859 3762 2070 3831 mols.
2121 3762 2512 3831 Ensemble
2560 3762 2649 3831 de
2696 3762 2950 3851 facons
3000 3762 3173 3831 d’en
3221 3762 3606 3852 emprimer
3651 3762 3757 3831 les
3805 3762 4149 3852 planches
4199 3773 4268 3831 et
4314 3762 4487 3831 d’en

708 3877 1102 3946 construire
1137 3877 1207 3946 la
1239 3899 1486 3967 presse
1522 3888 1591 3946 et
1626 3888 1857 3946 autres
1895 3877 2154 3946 choses
2192 3888 2707 3946 concernentes
2745 3877 2850 3946 les
2888 3877 3026 3946 dits
3065 3888 3224 3959 arts,
3263 3877 3480 3959 Paris,
3520 3877 3696 3946 chez
3732 3877 3800 3946 le
3836 3877 3939 3946 dit
3972 3879 4227 3959 Bosse,
4275 3877 4483 3959 1645,

707 3992 781 4060 in
814 3993 876 4061 8.

706 4104 935 4161 Tavole
971 4104 1042 4162 19
1073 4122 1387 4178 comprese
1415 4103 1458 4160 il
1489 4103 1868 4178 frontispizio
1898 4103 2175 4178 figurato:
2208 4103 2271 4160 in
2300 4112 2512 4178 questo
2542 4104 2878 4178 esemplare
2907 4104 2965 4161 la
2991 4104 3193 4161 tavola
3221 4103 3257 4161 6
3287 4104 3320 4161 e
3349 4103 3644 4178 impressa
3671 4104 3749 4161 da
3776 4104 4081 4161 entrambe
4111 4104 4167 4161 le
4194 4112 4359 4178 parte
4388 4104 4486 4161 del

707 4199 918 4274 foglio.
946 4199 1144 4257 Prima
1167 4199 1462 4257 edizione.

475 4414 640 4483 252.
682 4416 938 4483 BOSSE
973 4414 1171 4496 Abr.,
1212 4414 1447 4483 Traité
1485 4414 1611 4483 des
1650 4414 2004 4483 manières
2044 4414 2133 4483 de
2172 4436 2423 4504 graver
2459 4436 2549 4483 en
2585 4414 2782 4483 taille
2820 4414 3053 4483 douce
3093 4436 3210 4483 sur
3245 4414 3529 4483 l’airaì'n
3565 4436 3691 4504 par
3726 4414 3794 4483 le
3831 4436 4098 4504 moyen
4136 4414 4262 4483 des
4302 4436 4486 4483 eaux

707 4529 928 4598 fortes
963 4540 1032 4598 et
1063 4529 1152 4598 de
1184 4529 1435 4598 vernix
1469 4529 1634 4598 durs
1669 4540 1738 4598 et
1768 4529 1980 4611 mols,
2017 4529 2468 4619 d’imprimer
2498 4529 2603 4598 les
2636 4529 2979 4619 planches
3014 4540 3083 4598 et
3114 4529 3203 4598 de
3236 4529 3631 4598 construire
3663 4529 3733 4598 la
3763 4551 4009 4619 presse
4040 4551 4166 4619 par
4196 4529 4264 4598 le
4299 4529 4488 4598 sieur

706 4644 824 4713 Ab
862 4646 1116 4713 Bosse.
1157 4645 1571 4734 Augmenté
1609 4644 1698 4713 de
1736 4644 1806 4713 la
1841 4644 2181 4713 nouvelle
2218 4644 2556 4726 maniere,
2598 4644 2774 4713 dont
2812 4666 2888 4713 se
2928 4655 3067 4713 sert
3102 4666 3196 4713 m.
3238 4646 3338 4713 Le
3376 4644 3587 4713 Clerc
3627 4666 3928 4734 graveur
3964 4644 4059 4713 du
4095 4644 4224 4726 roi,
4265 4644 4482 4726 Paris,

708 4759 884 4828 chez
915 4759 1149 4828 Pierre
1177 4761 1512 4849 Emeroy,
1554 4760 1763 4841 1701,
1797 4781 1936 4828 con
1974 4760 2057 4828 18
2089 4770 2228 4828 tav.
2263 4781 2645 4849 compreso
2675 4759 2728 4827 il
2757 4759 3235 4849 frontispizio.
3268 4759 3620 4828 Edizione
3652 4759 3985 4828 seconda.

475 4989 640 5058 253.
683 4991 939 5058 BOSSE
975 4989 1174 5071 Abr.,
1216 4991 1319 5058 La
1358 5000 1587 5058 stessa
1624 5011 1842 5079 opera
1878 4989 2074 5058 nello
2116 5000 2347 5058 stesso
2388 5011 2597 5071 anno,
2640 5011 2684 5058 o
2724 4989 2918 5079 dopo
2959 4989 3169 5058 alcun
3206 5011 3418 5079 poco,
3461 5011 3581 5058 ma
3620 5011 3901 5079 sempre
3940 4989 4131 5058 colla
4168 4989 4332 5058 data
4369 4989 4487 5058 del

716 5105 894 5173 1701
932 5104 1011 5173 fu
1039 5104 1454 5194 pubblicata
1483 5126 1523 5173 a
1550 5104 1784 5194 Parigi
1815 5104 1931 5173 dai
1961 5104 2167 5173 librai
2195 5107 2448 5173 Pierre
2471 5104 2813 5173 Anbonin
2844 5118 2914 5173 et
2945 5104 3252 5174 Charles
3287 5104 3643 5174 Clousier.

725 5216 952 5287 Questa
973 5215 1304 5290 parimente
1328 5215 1552 5273 trovasi
1578 5215 1686 5273 fra’
1718 5215 1904 5273 nostri
1929 5215 2081 5273 libri.

475 5429 640 5498 254.
687 5431 943 5498 BOSSE
983 5429 1181 5511 Abr.,
1227 5431 1340 5498 De
1382 5429 1452 5498 la
1492 5429 1809 5498 maniere
1852 5429 1941 5498 de
1985 5451 2236 5519 graver
2278 5430 2318 5498 à
2358 5429 2555 5498 l’eau
2597 5429 2781 5498 forte
2824 5440 2893 5498 et
2935 5451 3023 5498 au
3063 5429 3296 5511 burin;
3343 5440 3412 5498 et
3453 5429 3542 5498 de
3584 5429 3654 5498 la
3695 5451 3994 5519 gravure
4038 5451 4127 5498 en
4169 5429 4486 5498 maniere

707 5544 929 5626 noire,
965 5566 1141 5613 avec
1172 5544 1242 5613 la
1270 5544 1488 5633 facon
1519 5544 1608 5613 de
1639 5544 2034 5613 construire
2064 5544 2169 5613 les
2200 5566 2483 5634 presses
2515 5544 2898 5613 modernes
2931 5555 3000 5613 et
3029 5544 3481 5634 d’imprimer
3511 5566 3600 5613 en
3629 5544 3827 5613 taille
3858 5544 4112 5626 douce,
4146 5544 4486 5613 nouvelle

708 5659 981 5728 édition
1012 5660 1438 5749 augmentée
1468 5659 1563 5728 du
1593 5659 1861 5728 double
1891 5670 1960 5728 et
1988 5659 2304 5728 enrichie
2334 5659 2424 5728 de
2462 5660 2547 5729 19
2577 5659 2672 5749 pl.
2708 5681 2797 5728 en
2825 5659 3022 5728 taille
3052 5659 3306 5741 douce,
3339 5659 3533 5728 Paris
3573 5659 3782 5741 1745,
3815 5659 3889 5727 in
3922 5660 3985 5741 8,
4018 5659 4144 5749 fig.

704 5771 931 5842 Questa
954 5771 987 5828 e
1012 5771 1070 5828 la
1092 5779 1253 5828 terza
1276 5770 1554 5828 edizione
1580 5779 1919 5828 aumentata
1942 5771 2019 5828 da
2041 5772 2129 5828 M.
2158 5770 2395 5828 Cochin
2418 5770 2480 5827 in
2507 5771 2559 5828 8.

475 5985 640 6054 255.
684 5987 940 6054 BOSSE
977 5985 1175 6067 Abr.,
1218 5987 1321 6054 La
1361 5996 1609 6067 stessa,
1652 5985 1885 6075 Parigi
1934 5985 2141 6054 1758.
2184 5986 2641 6075 Augmentée
2681 5985 2770 6054 de
2809 5985 3305 6075 l’impression
3344 5985 3467 6075 qui
3506 5985 3708 6054 imite
3746 5985 3851 6054 les
3891 5985 4248 6067 tableaux,
4292 5985 4381 6054 de
4419 5985 4489 6054 la

708 6122 1007 6190 gravure
1045 6122 1134 6169 en
1170 6100 1488 6169 maniere
1525 6100 1614 6169 de
1651 6122 1918 6190 crayon
1956 6111 2025 6169 et
2060 6100 2149 6169 de
2186 6100 2369 6169 celle
2405 6100 2528 6190 qui
2565 6100 2767 6169 imite
2803 6100 2871 6169 le
2907 6100 3113 6182 levis,
3154 6100 3470 6169 enrichie
3507 6100 3596 6169 de
3632 6100 3987 6190 vignettes
4027 6111 4096 6169 et
4131 6100 4220 6169 de
4257 6101 4343 6168 21
4387 6100 4482 6190 pl.

706 6217 814 6283 En
842 6215 1039 6284 taille
1069 6215 1323 6297 douce,
1356 6215 1430 6283 in
1463 6216 1525 6284 8.

711 6328 797 6384 La
822 6326 928 6401 più
957 6326 1153 6384 antica
1180 6326 1241 6384 di
1270 6335 1479 6401 queste
1508 6326 1773 6384 edizioni
1802 6326 1863 6384 di
1892 6327 2007 6384 Ab.
2039 6328 2235 6384 Bosse
2264 6327 2362 6384 del
2398 6326 2551 6384 1645
2584 6327 2617 6384 e
2646 6327 2836 6384 molto
2864 6345 3010 6394 rara,
3042 6345 3075 6384 e
3105 6326 3293 6384 anche
3322 6327 3380 6384 la
3410 6327 3674 6384 seconda
3702 6327 3800 6384 del
3836 6327 4118 6384 1701non
4146 6327 4179 6384 e
4208 6345 4485 6394 comune,

707 6423 966 6480 essendo
992 6422 1127 6480 libri
1152 6422 1263 6480 che
1288 6422 1504 6480 furono
1530 6422 1943 6480 meritamente
1969 6422 2307 6497 apprezzati
2332 6423 2408 6480 ed
2432 6422 2659 6497 operati
2684 6422 2845 6497 dagli
2871 6422 3073 6480 artisti.

2171 6657 2347 6694 WWW.
2358 6637 2734 6710 memofonte.
2748 6639 2791 6694 il
