<?xml version="1.0" encoding="UTF-8"?>
<!DOCTYPE html PUBLIC "-//W3C//DTD XHTML 1.0 Transitional//EN" "http://www.w3.org/TR/xhtml1/DTD/xhtml1-transitional.dtd">
<html xmlns="http://www.w3.org/1999/xhtml" xml:lang="en" lang="en">
  <head>
    <title>
</title>
    <meta http-equiv="Content-Type" content="text/html;charset=utf-8" />
    <meta name="ocr-system" content="tesseract 3.04.00" />
    <meta name="ocr-capabilities" content="ocr_page ocr_carea ocr_par ocr_line ocrx_word" />
  </head>
  <body>
    <div class="ocr_page" id="page_1" title="image &quot;tess/page224.tif&quot;; bbox 0 0 4958 7017; ppageno 0">
      <div class="ocr_carea" id="block_1_1" title="bbox 2188 398 2797 754">
        <p class="ocr_par" dir="ltr" id="par_1_1" title="bbox 2188 398 2797 754">
          <span class="ocr_line" id="line_1_1" title="bbox 2188 398 2797 754; baseline 0 6263">
            <span class="ocrx_word" id="word_1_1" title="bbox 2188 398 2797 754; x_wconf 95" lang="ita" dir="ltr" xml:lang="ita"> </span>
          </span>
        </p>
      </div>
      <div class="ocr_carea" id="block_1_2" title="bbox 1390 841 3571 1035">
        <p class="ocr_par" dir="ltr" id="par_1_2" title="bbox 1390 841 3571 1035">
          <span class="ocr_line" id="line_1_2" title="bbox 1981 841 2976 922; baseline 0.001 -1">
            <span class="ocrx_word" id="word_1_2" title="bbox 1981 864 2366 922; x_wconf 80" lang="ita" dir="ltr" xml:lang="ita">Fondazione</span>
            <span class="ocrx_word" id="word_1_3" title="bbox 2390 841 2775 922; x_wconf 89" lang="ita" dir="ltr" xml:lang="ita">Mernofonte</span>
            <span class="ocrx_word" id="word_1_4" title="bbox 2800 865 2976 922; x_wconf 86" lang="ita" dir="ltr" xml:lang="ita">onlus</span>
          </span>
          <span class="ocr_line" id="line_1_3" title="bbox 1390 960 3571 1035; baseline 0 -17">
            <span class="ocrx_word" id="word_1_5" title="bbox 1390 960 1600 1018; x_wconf 89" lang="ita" dir="ltr" xml:lang="ita">Studio</span>
            <span class="ocrx_word" id="word_1_6" title="bbox 1624 979 1731 1035; x_wconf 98" lang="ita" dir="ltr" xml:lang="ita">per</span>
            <span class="ocrx_word" id="word_1_7" title="bbox 1754 960 2226 1018; x_wconf 98" lang="ita" dir="ltr" xml:lang="ita">l’elaborazione</span>
            <span class="ocrx_word" id="word_1_8" title="bbox 2250 960 2632 1018; x_wconf 93" lang="ita" dir="ltr" xml:lang="ita">informatica</span>
            <span class="ocrx_word" id="word_1_9" title="bbox 2655 961 2813 1018; x_wconf 98" lang="ita" dir="ltr" xml:lang="ita">delle</span>
            <span class="ocrx_word" id="word_1_10" title="bbox 2838 960 2991 1018; x_wconf 96" lang="ita" dir="ltr" xml:lang="ita">fonti</span>
            <span class="ocrx_word" id="word_1_11" title="bbox 3018 960 3571 1018; x_wconf 95" lang="ita" dir="ltr" xml:lang="ita">storico—artistiche</span>
          </span>
        </p>
      </div>
      <div class="ocr_carea" id="block_1_3" title="bbox 472 1119 4264 1123">
        <p class="ocr_par" dir="ltr" id="par_1_3" title="bbox 472 1119 4264 1123">
          <span class="ocr_line" id="line_1_4" title="bbox 472 1119 4264 1123; baseline 0 0">
            <span class="ocrx_word" id="word_1_12" title="bbox 472 1119 4264 1123; x_wconf 95" lang="ita" dir="ltr" xml:lang="ita"> </span>
          </span>
        </p>
      </div>
      <div class="ocr_carea" id="block_1_4" title="bbox 711 1251 4487 2011">
        <p class="ocr_par" dir="ltr" id="par_1_4" title="bbox 711 1251 4487 1629">
          <span class="ocr_line" id="line_1_5" title="bbox 713 1251 3698 1341; baseline 0 -21">
            <span class="ocrx_word" id="word_1_13" title="bbox 713 1251 1018 1320; x_wconf 86" lang="ita" dir="ltr" xml:lang="ita">canzoni</span>
            <span class="ocrx_word" id="word_1_14" title="bbox 1051 1262 1399 1341; x_wconf 90" lang="ita" dir="ltr" xml:lang="ita">stampate</span>
            <span class="ocrx_word" id="word_1_15" title="bbox 1428 1251 1502 1319; x_wconf 90" lang="ita" dir="ltr" xml:lang="ita">in</span>
            <span class="ocrx_word" id="word_1_16" title="bbox 1530 1251 1994 1320; x_wconf 84" lang="ita" dir="ltr" xml:lang="ita">Amsterdam</span>
            <span class="ocrx_word" id="word_1_17" title="bbox 2025 1273 2242 1320; x_wconf 90" lang="ita" dir="ltr" xml:lang="ita">senza</span>
            <span class="ocrx_word" id="word_1_18" title="bbox 2270 1251 2433 1320; x_wconf 90" lang="ita" dir="ltr" xml:lang="ita">data</span>
            <span class="ocrx_word" id="word_1_19" title="bbox 2462 1273 2501 1320; x_wconf 97" lang="ita" dir="ltr" xml:lang="ita">e</span>
            <span class="ocrx_word" id="word_1_20" title="bbox 2533 1273 2750 1320; x_wconf 90" lang="ita" dir="ltr" xml:lang="ita">senza</span>
            <span class="ocrx_word" id="word_1_21" title="bbox 2777 1251 2999 1341; x_wconf 80" lang="ita" dir="ltr" xml:lang="ita">luogo</span>
            <span class="ocrx_word" id="word_1_22" title="bbox 3029 1251 3103 1319; x_wconf 90" lang="ita" dir="ltr" xml:lang="ita">in</span>
            <span class="ocrx_word" id="word_1_23" title="bbox 3131 1252 3177 1319; x_wconf 92" lang="ita" xml:lang="ita">4</span>
            <span class="ocrx_word" id="word_1_24" title="bbox 3206 1273 3333 1341; x_wconf 91" lang="ita" dir="ltr" xml:lang="ita">per</span>
            <span class="ocrx_word" id="word_1_25" title="bbox 3359 1262 3698 1320; x_wconf 90" lang="ita" dir="ltr" xml:lang="ita">traverso.</span>
          </span>
          <span class="ocr_line" id="line_1_6" title="bbox 714 1362 4487 1437; baseline 0 -18">
            <span class="ocrx_word" id="word_1_26" title="bbox 714 1363 878 1420; x_wconf 90" lang="ita" dir="ltr" xml:lang="ita">Sono</span>
            <span class="ocrx_word" id="word_1_27" title="bbox 908 1363 987 1419; x_wconf 88" lang="ita" xml:lang="ita">24</span>
            <span class="ocrx_word" id="word_1_28" title="bbox 1017 1362 1303 1420; x_wconf 88" lang="ita" dir="ltr" xml:lang="ita">emblemi</span>
            <span class="ocrx_word" id="word_1_29" title="bbox 1332 1362 1625 1437; x_wconf 83" lang="ita" dir="ltr" xml:lang="ita">intagliati</span>
            <span class="ocrx_word" id="word_1_30" title="bbox 1654 1381 1771 1420; x_wconf 97" lang="ita" dir="ltr" xml:lang="ita">con</span>
            <span class="ocrx_word" id="word_1_31" title="bbox 1799 1381 1944 1437; x_wconf 96" lang="ita" dir="ltr" xml:lang="ita">gran</span>
            <span class="ocrx_word" id="word_1_32" title="bbox 1973 1362 2210 1420; x_wconf 84" lang="ita" dir="ltr" xml:lang="ita">finezza</span>
            <span class="ocrx_word" id="word_1_33" title="bbox 2237 1362 2298 1420; x_wconf 99" lang="ita" dir="ltr" xml:lang="ita">di</span>
            <span class="ocrx_word" id="word_1_34" title="bbox 2325 1362 2536 1420; x_wconf 98" lang="ita" dir="ltr" xml:lang="ita">bulino</span>
            <span class="ocrx_word" id="word_1_35" title="bbox 2565 1362 2627 1419; x_wconf 98" lang="ita" dir="ltr" xml:lang="ita">in</span>
            <span class="ocrx_word" id="word_1_36" title="bbox 2656 1362 2971 1420; x_wconf 95" lang="ita" dir="ltr" xml:lang="ita">altrettanti</span>
            <span class="ocrx_word" id="word_1_37" title="bbox 3000 1362 3371 1437; x_wconf 92" lang="ita" dir="ltr" xml:lang="ita">medaglioni</span>
            <span class="ocrx_word" id="word_1_38" title="bbox 3398 1362 3637 1420; x_wconf 96" lang="ita" dir="ltr" xml:lang="ita">rotondi</span>
            <span class="ocrx_word" id="word_1_39" title="bbox 3666 1381 3784 1420; x_wconf 97" lang="ita" dir="ltr" xml:lang="ita">con</span>
            <span class="ocrx_word" id="word_1_40" title="bbox 3812 1362 3984 1420; x_wconf 93" lang="ita" dir="ltr" xml:lang="ita">motti</span>
            <span class="ocrx_word" id="word_1_41" title="bbox 4013 1362 4180 1420; x_wconf 96" lang="ita" dir="ltr" xml:lang="ita">latini</span>
            <span class="ocrx_word" id="word_1_42" title="bbox 4211 1362 4487 1437; x_wconf 93" lang="ita" dir="ltr" xml:lang="ita">stampali</span>
          </span>
          <span class="ocr_line" id="line_1_7" title="bbox 711 1458 4487 1533; baseline 0 -18">
            <span class="ocrx_word" id="word_1_43" title="bbox 711 1458 773 1515; x_wconf 98" lang="ita" dir="ltr" xml:lang="ita">in</span>
            <span class="ocrx_word" id="word_1_44" title="bbox 804 1458 933 1533; x_wconf 96" lang="ita" dir="ltr" xml:lang="ita">giro</span>
            <span class="ocrx_word" id="word_1_45" title="bbox 967 1459 1243 1516; x_wconf 88" lang="ita" dir="ltr" xml:lang="ita">sull’orlo</span>
            <span class="ocrx_word" id="word_1_46" title="bbox 1275 1459 1433 1516; x_wconf 98" lang="ita" dir="ltr" xml:lang="ita">delle</span>
            <span class="ocrx_word" id="word_1_47" title="bbox 1463 1458 1766 1526; x_wconf 96" lang="ita" dir="ltr" xml:lang="ita">incisioni,</span>
            <span class="ocrx_word" id="word_1_48" title="bbox 1800 1467 1910 1516; x_wconf 96" lang="ita" dir="ltr" xml:lang="ita">etc.</span>
            <span class="ocrx_word" id="word_1_49" title="bbox 1944 1458 2339 1516; x_wconf 88" lang="ita" dir="ltr" xml:lang="ita">illustrazioni</span>
            <span class="ocrx_word" id="word_1_50" title="bbox 2368 1458 2473 1533; x_wconf 99" lang="ita" dir="ltr" xml:lang="ita">poi</span>
            <span class="ocrx_word" id="word_1_51" title="bbox 2503 1458 2566 1515; x_wconf 99" lang="ita" dir="ltr" xml:lang="ita">in</span>
            <span class="ocrx_word" id="word_1_52" title="bbox 2597 1458 2803 1533; x_wconf 96" lang="ita" dir="ltr" xml:lang="ita">lingua</span>
            <span class="ocrx_word" id="word_1_53" title="bbox 2832 1459 3137 1516; x_wconf 96" lang="ita" dir="ltr" xml:lang="ita">olandese.</span>
            <span class="ocrx_word" id="word_1_54" title="bbox 3171 1459 3219 1515; x_wconf 99" lang="ita" dir="ltr" xml:lang="ita">Il</span>
            <span class="ocrx_word" id="word_1_55" title="bbox 3251 1458 3644 1533; x_wconf 84" lang="ita" dir="ltr" xml:lang="ita">frontespizio</span>
            <span class="ocrx_word" id="word_1_56" title="bbox 3676 1459 3709 1516; x_wconf 87" lang="ita" dir="ltr" xml:lang="ita">e</span>
            <span class="ocrx_word" id="word_1_57" title="bbox 3741 1458 4018 1533; x_wconf 96" lang="ita" dir="ltr" xml:lang="ita">figurato,</span>
            <span class="ocrx_word" id="word_1_58" title="bbox 4053 1459 4170 1516; x_wconf 97" lang="ita" dir="ltr" xml:lang="ita">alla</span>
            <span class="ocrx_word" id="word_1_59" title="bbox 4200 1458 4360 1516; x_wconf 87" lang="ita" dir="ltr" xml:lang="ita">cima</span>
            <span class="ocrx_word" id="word_1_60" title="bbox 4389 1459 4487 1516; x_wconf 99" lang="ita" dir="ltr" xml:lang="ita">del</span>
          </span>
          <span class="ocr_line" id="line_1_8" title="bbox 712 1554 1882 1629; baseline 0 -17">
            <span class="ocrx_word" id="word_1_61" title="bbox 712 1555 888 1629; x_wconf 97" lang="ita" dir="ltr" xml:lang="ita">quale</span>
            <span class="ocrx_word" id="word_1_62" title="bbox 913 1555 946 1612; x_wconf 87" lang="ita" dir="ltr" xml:lang="ita">e</span>
            <span class="ocrx_word" id="word_1_63" title="bbox 970 1573 1050 1612; x_wconf 97" lang="ita" dir="ltr" xml:lang="ita">un</span>
            <span class="ocrx_word" id="word_1_64" title="bbox 1074 1555 1319 1612; x_wconf 96" lang="ita" dir="ltr" xml:lang="ita">cartello</span>
            <span class="ocrx_word" id="word_1_65" title="bbox 1345 1573 1462 1612; x_wconf 97" lang="ita" dir="ltr" xml:lang="ita">con</span>
            <span class="ocrx_word" id="word_1_66" title="bbox 1486 1554 1681 1629; x_wconf 92" lang="ita" dir="ltr" xml:lang="ita">questi</span>
            <span class="ocrx_word" id="word_1_67" title="bbox 1707 1554 1882 1612; x_wconf 86" lang="ita" dir="ltr" xml:lang="ita">versi:</span>
          </span>
        </p>
        <p class="ocr_par" dir="ltr" id="par_1_5" title="bbox 985 1651 2691 1724">
          <span class="ocr_line" id="line_1_9" title="bbox 985 1651 2691 1724; baseline 0 -16">
            <span class="ocrx_word" id="word_1_68" title="bbox 985 1652 1204 1722; x_wconf 77" lang="ita" dir="ltr" xml:lang="ita">Queris</span>
            <span class="ocrx_word" id="word_1_69" title="bbox 1229 1651 1377 1724; x_wconf 98" lang="ita" dir="ltr" xml:lang="ita">quid</span>
            <span class="ocrx_word" id="word_1_70" title="bbox 1398 1653 1476 1708; x_wconf 78" lang="ita" dir="ltr" xml:lang="ita">Sit</span>
            <span class="ocrx_word" id="word_1_71" title="bbox 1497 1671 1683 1718; x_wconf 77" lang="ita" dir="ltr" xml:lang="ita">amor,</span>
            <span class="ocrx_word" id="word_1_72" title="bbox 1716 1651 1864 1724; x_wconf 98" lang="ita" dir="ltr" xml:lang="ita">quid</span>
            <span class="ocrx_word" id="word_1_73" title="bbox 1885 1670 2107 1718; x_wconf 78" lang="ita" dir="ltr" xml:lang="ita">amare,</span>
            <span class="ocrx_word" id="word_1_74" title="bbox 2143 1651 2437 1724; x_wconf 82" lang="ita" dir="ltr" xml:lang="ita">Cupidins</span>
            <span class="ocrx_word" id="word_1_75" title="bbox 2463 1662 2521 1708; x_wconf 78" lang="ita" dir="ltr" xml:lang="ita">et</span>
            <span class="ocrx_word" id="word_1_76" title="bbox 2543 1651 2691 1724; x_wconf 98" lang="ita" dir="ltr" xml:lang="ita">quid</span>
          </span>
        </p>
        <p class="ocr_par" dir="ltr" id="par_1_6" title="bbox 985 1747 2622 1820">
          <span class="ocr_line" id="line_1_10" title="bbox 985 1747 2622 1820; baseline 0 -16">
            <span class="ocrx_word" id="word_1_77" title="bbox 985 1748 1203 1804; x_wconf 78" lang="ita" dir="ltr" xml:lang="ita">Castra</span>
            <span class="ocrx_word" id="word_1_78" title="bbox 1228 1748 1442 1820; x_wconf 81" lang="ita" dir="ltr" xml:lang="ita">sequi?</span>
            <span class="ocrx_word" id="word_1_79" title="bbox 1471 1747 1760 1804; x_wconf 78" lang="ita" dir="ltr" xml:lang="ita">Chartam</span>
            <span class="ocrx_word" id="word_1_80" title="bbox 1785 1747 1944 1804; x_wconf 83" lang="ita" dir="ltr" xml:lang="ita">hanc</span>
            <span class="ocrx_word" id="word_1_81" title="bbox 1971 1749 2213 1820; x_wconf 81" lang="ita" dir="ltr" xml:lang="ita">inspice,</span>
            <span class="ocrx_word" id="word_1_82" title="bbox 2245 1747 2460 1804; x_wconf 79" lang="ita" dir="ltr" xml:lang="ita">doctus</span>
            <span class="ocrx_word" id="word_1_83" title="bbox 2486 1749 2622 1804; x_wconf 78" lang="ita" dir="ltr" xml:lang="ita">eris.</span>
          </span>
        </p>
        <p class="ocr_par" dir="ltr" id="par_1_7" title="bbox 979 1841 2556 1915">
          <span class="ocr_line" id="line_1_11" title="bbox 979 1841 2556 1915; baseline 0 -16">
            <span class="ocrx_word" id="word_1_84" title="bbox 979 1844 1154 1899; x_wconf 81" lang="ita" dir="ltr" xml:lang="ita">Haec</span>
            <span class="ocrx_word" id="word_1_85" title="bbox 1180 1842 1287 1899; x_wconf 78" lang="ita" dir="ltr" xml:lang="ita">tibi</span>
            <span class="ocrx_word" id="word_1_86" title="bbox 1310 1841 1566 1899; x_wconf 81" lang="ita" dir="ltr" xml:lang="ita">delicias</span>
            <span class="ocrx_word" id="word_1_87" title="bbox 1591 1842 1948 1915; x_wconf 77" lang="ita" dir="ltr" xml:lang="ita">hortumque</span>
            <span class="ocrx_word" id="word_1_88" title="bbox 1973 1842 2236 1899; x_wconf 78" lang="ita" dir="ltr" xml:lang="ita">ostendit</span>
            <span class="ocrx_word" id="word_1_89" title="bbox 2257 1862 2556 1908; x_wconf 78" lang="ita" dir="ltr" xml:lang="ita">amorum;</span>
          </span>
        </p>
        <p class="ocr_par" dir="ltr" id="par_1_8" title="bbox 979 1937 2274 2011">
          <span class="ocr_line" id="line_1_12" title="bbox 979 1937 2274 2011; baseline 0 -16">
            <span class="ocrx_word" id="word_1_90" title="bbox 979 1940 1243 2011; x_wconf 81" lang="ita" dir="ltr" xml:lang="ita">Inspice;</span>
            <span class="ocrx_word" id="word_1_91" title="bbox 1271 1937 1565 2011; x_wconf 77" lang="ita" dir="ltr" xml:lang="ita">sculptori</span>
            <span class="ocrx_word" id="word_1_92" title="bbox 1590 1949 1680 1995; x_wconf 78" lang="ita" dir="ltr" xml:lang="ita">est</span>
            <span class="ocrx_word" id="word_1_93" title="bbox 1704 1940 2021 2011; x_wconf 81" lang="ita" dir="ltr" xml:lang="ita">ingeniosa</span>
            <span class="ocrx_word" id="word_1_94" title="bbox 2046 1957 2274 1995; x_wconf 82" lang="ita" dir="ltr" xml:lang="ita">manus.</span>
          </span>
        </p>
      </div>
      <div class="ocr_carea" id="block_1_5" title="bbox 479 2133 4486 2530">
        <p class="ocr_par" dir="ltr" id="par_1_9" title="bbox 479 2133 4486 2530">
          <span class="ocr_line" id="line_1_13" title="bbox 479 2133 4483 2223; baseline 0 -22">
            <span class="ocrx_word" id="word_1_95" title="bbox 479 2134 686 2203; x_wconf 88" lang="ita" xml:lang="ita">1891.</span>
            <span class="ocrx_word" id="word_1_96" title="bbox 723 2135 1099 2201; x_wconf 89" lang="ita" dir="ltr" xml:lang="ita">EMBLEMI</span>
            <span class="ocrx_word" id="word_1_97" title="bbox 1126 2133 1475 2215; x_wconf 90" lang="ita" dir="ltr" xml:lang="ita">d’amore,</span>
            <span class="ocrx_word" id="word_1_98" title="bbox 1516 2155 1733 2202; x_wconf 90" lang="ita" dir="ltr" xml:lang="ita">senza</span>
            <span class="ocrx_word" id="word_1_99" title="bbox 1764 2133 1986 2223; x_wconf 96" lang="ita" dir="ltr" xml:lang="ita">luogo</span>
            <span class="ocrx_word" id="word_1_100" title="bbox 2022 2133 2112 2202; x_wconf 97" lang="ita" dir="ltr" xml:lang="ita">ed</span>
            <span class="ocrx_word" id="word_1_101" title="bbox 2146 2155 2354 2202; x_wconf 90" lang="ita" dir="ltr" xml:lang="ita">anno.</span>
            <span class="ocrx_word" id="word_1_102" title="bbox 2394 2135 2472 2201; x_wconf 93" lang="ita" dir="ltr" xml:lang="ita">In</span>
            <span class="ocrx_word" id="word_1_103" title="bbox 2506 2144 2784 2223; x_wconf 90" lang="ita" dir="ltr" xml:lang="ita">quattro</span>
            <span class="ocrx_word" id="word_1_104" title="bbox 2818 2133 3084 2223; x_wconf 89" lang="ita" dir="ltr" xml:lang="ita">lingue,</span>
            <span class="ocrx_word" id="word_1_105" title="bbox 3122 2133 3422 2223; x_wconf 91" lang="ita" dir="ltr" xml:lang="ita">inglese,</span>
            <span class="ocrx_word" id="word_1_106" title="bbox 3459 2133 3809 2215; x_wconf 85" lang="ita" dir="ltr" xml:lang="ita">francese,</span>
            <span class="ocrx_word" id="word_1_107" title="bbox 3847 2133 4139 2202; x_wconf 90" lang="ita" dir="ltr" xml:lang="ita">italiana</span>
            <span class="ocrx_word" id="word_1_108" title="bbox 4172 2155 4211 2202; x_wconf 97" lang="ita" dir="ltr" xml:lang="ita">e</span>
            <span class="ocrx_word" id="word_1_109" title="bbox 4244 2133 4483 2215; x_wconf 90" lang="ita" dir="ltr" xml:lang="ita">latina,</span>
          </span>
          <span class="ocr_line" id="line_1_14" title="bbox 712 2248 1091 2338; baseline 0.003 -22">
            <span class="ocrx_word" id="word_1_110" title="bbox 712 2248 1091 2338; x_wconf 85" lang="ita" dir="ltr" xml:lang="ita">inl3,ﬁg.</span>
          </span>
          <span class="ocr_line" id="line_1_15" title="bbox 714 2359 4486 2434; baseline 0 -18">
            <span class="ocrx_word" id="word_1_111" title="bbox 714 2360 878 2417; x_wconf 90" lang="ita" dir="ltr" xml:lang="ita">Sono</span>
            <span class="ocrx_word" id="word_1_112" title="bbox 905 2360 985 2416; x_wconf 92" lang="ita" xml:lang="ita">44</span>
            <span class="ocrx_word" id="word_1_113" title="bbox 1013 2359 1300 2417; x_wconf 91" lang="ita" dir="ltr" xml:lang="ita">emblemi</span>
            <span class="ocrx_word" id="word_1_114" title="bbox 1328 2360 1449 2417; x_wconf 93" lang="ita" dir="ltr" xml:lang="ita">mal</span>
            <span class="ocrx_word" id="word_1_115" title="bbox 1475 2359 1769 2434; x_wconf 96" lang="ita" dir="ltr" xml:lang="ita">intagliati</span>
            <span class="ocrx_word" id="word_1_116" title="bbox 1796 2378 1913 2417; x_wconf 97" lang="ita" dir="ltr" xml:lang="ita">con</span>
            <span class="ocrx_word" id="word_1_117" title="bbox 1941 2359 2255 2417; x_wconf 96" lang="ita" dir="ltr" xml:lang="ita">altrettanti</span>
            <span class="ocrx_word" id="word_1_118" title="bbox 2285 2359 2464 2417; x_wconf 96" lang="ita" dir="ltr" xml:lang="ita">strani</span>
            <span class="ocrx_word" id="word_1_119" title="bbox 2491 2378 2524 2417; x_wconf 99" lang="ita" dir="ltr" xml:lang="ita">e</span>
            <span class="ocrx_word" id="word_1_120" title="bbox 2551 2359 2775 2417; x_wconf 97" lang="ita" dir="ltr" xml:lang="ita">curiosi</span>
            <span class="ocrx_word" id="word_1_121" title="bbox 2802 2359 3159 2434; x_wconf 90" lang="ita" dir="ltr" xml:lang="ita">epigrammi</span>
            <span class="ocrx_word" id="word_1_122" title="bbox 3186 2360 3345 2417; x_wconf 99" lang="ita" dir="ltr" xml:lang="ita">nelle</span>
            <span class="ocrx_word" id="word_1_123" title="bbox 3372 2368 3604 2434; x_wconf 92" lang="ita" dir="ltr" xml:lang="ita">quattro</span>
            <span class="ocrx_word" id="word_1_124" title="bbox 3632 2359 3853 2434; x_wconf 93" lang="ita" dir="ltr" xml:lang="ita">lingue:</span>
            <span class="ocrx_word" id="word_1_125" title="bbox 3888 2378 4069 2417; x_wconf 96" lang="ita" dir="ltr" xml:lang="ita">senza</span>
            <span class="ocrx_word" id="word_1_126" title="bbox 4095 2360 4299 2434; x_wconf 96" lang="ita" dir="ltr" xml:lang="ita">luogo,</span>
            <span class="ocrx_word" id="word_1_127" title="bbox 4330 2378 4486 2417; x_wconf 98" lang="ita" dir="ltr" xml:lang="ita">anno</span>
          </span>
          <span class="ocr_line" id="line_1_16" title="bbox 712 2455 1440 2530; baseline 0 -17">
            <span class="ocrx_word" id="word_1_128" title="bbox 712 2474 745 2513; x_wconf 99" lang="ita" dir="ltr" xml:lang="ita">e</span>
            <span class="ocrx_word" id="word_1_129" title="bbox 769 2474 950 2513; x_wconf 93" lang="ita" dir="ltr" xml:lang="ita">nome</span>
            <span class="ocrx_word" id="word_1_130" title="bbox 975 2455 1036 2513; x_wconf 99" lang="ita" dir="ltr" xml:lang="ita">di</span>
            <span class="ocrx_word" id="word_1_131" title="bbox 1063 2464 1440 2530; x_wconf 90" lang="ita" dir="ltr" xml:lang="ita">stampatore.</span>
          </span>
        </p>
      </div>
      <div class="ocr_carea" id="block_1_6" title="bbox 483 2650 4487 2932">
        <p class="ocr_par" dir="ltr" id="par_1_10" title="bbox 483 2650 4487 2932">
          <span class="ocr_line" id="line_1_17" title="bbox 483 2650 3621 2740; baseline 0 -22">
            <span class="ocrx_word" id="word_1_132" title="bbox 483 2651 690 2720; x_wconf 88" lang="ita" xml:lang="ita">1892.</span>
            <span class="ocrx_word" id="word_1_133" title="bbox 723 2652 1111 2719; x_wconf 89" lang="ita" dir="ltr" xml:lang="ita">EMBLEMS</span>
            <span class="ocrx_word" id="word_1_134" title="bbox 1139 2650 1384 2719; x_wconf 90" lang="ita" dir="ltr" xml:lang="ita">divine</span>
            <span class="ocrx_word" id="word_1_135" title="bbox 1416 2650 1556 2719; x_wconf 90" lang="ita" dir="ltr" xml:lang="ita">and</span>
            <span class="ocrx_word" id="word_1_136" title="bbox 1584 2650 1834 2732; x_wconf 90" lang="ita" dir="ltr" xml:lang="ita">moral,</span>
            <span class="ocrx_word" id="word_1_137" title="bbox 1869 2650 2153 2719; x_wconf 90" lang="ita" dir="ltr" xml:lang="ita">ancient</span>
            <span class="ocrx_word" id="word_1_138" title="bbox 2182 2650 2321 2719; x_wconf 90" lang="ita" dir="ltr" xml:lang="ita">and</span>
            <span class="ocrx_word" id="word_1_139" title="bbox 2349 2650 2672 2732; x_wconf 91" lang="ita" dir="ltr" xml:lang="ita">modern,</span>
            <span class="ocrx_word" id="word_1_140" title="bbox 2705 2650 3012 2719; x_wconf 95" lang="ita" dir="ltr" xml:lang="ita">London</span>
            <span class="ocrx_word" id="word_1_141" title="bbox 3050 2651 3258 2732; x_wconf 88" lang="ita" xml:lang="ita">1782,</span>
            <span class="ocrx_word" id="word_1_142" title="bbox 3291 2650 3365 2718; x_wconf 90" lang="ita" dir="ltr" xml:lang="ita">in</span>
            <span class="ocrx_word" id="word_1_143" title="bbox 3398 2651 3461 2732; x_wconf 94" lang="ita" xml:lang="ita">8,</span>
            <span class="ocrx_word" id="word_1_144" title="bbox 3495 2650 3621 2740; x_wconf 90" lang="ita" dir="ltr" xml:lang="ita">fig.</span>
          </span>
          <span class="ocr_line" id="line_1_18" title="bbox 714 2761 4487 2836; baseline -0 -17">
            <span class="ocrx_word" id="word_1_145" title="bbox 714 2762 878 2819; x_wconf 90" lang="ita" dir="ltr" xml:lang="ita">Sono</span>
            <span class="ocrx_word" id="word_1_146" title="bbox 909 2761 987 2819; x_wconf 93" lang="ita" xml:lang="ita">50</span>
            <span class="ocrx_word" id="word_1_147" title="bbox 1016 2762 1216 2819; x_wconf 96" lang="ita" dir="ltr" xml:lang="ita">tavole</span>
            <span class="ocrx_word" id="word_1_148" title="bbox 1246 2761 1307 2819; x_wconf 99" lang="ita" dir="ltr" xml:lang="ita">di</span>
            <span class="ocrx_word" id="word_1_149" title="bbox 1336 2761 1643 2819; x_wconf 93" lang="ita" dir="ltr" xml:lang="ita">mediocre</span>
            <span class="ocrx_word" id="word_1_150" title="bbox 1671 2761 1922 2836; x_wconf 96" lang="ita" dir="ltr" xml:lang="ita">intaglio</span>
            <span class="ocrx_word" id="word_1_151" title="bbox 1952 2780 2069 2819; x_wconf 97" lang="ita" dir="ltr" xml:lang="ita">con</span>
            <span class="ocrx_word" id="word_1_152" title="bbox 2098 2762 2154 2819; x_wconf 99" lang="ita" dir="ltr" xml:lang="ita">le</span>
            <span class="ocrx_word" id="word_1_153" title="bbox 2183 2761 2577 2819; x_wconf 96" lang="ita" dir="ltr" xml:lang="ita">illustrazioni</span>
            <span class="ocrx_word" id="word_1_154" title="bbox 2606 2761 2669 2818; x_wconf 99" lang="ita" dir="ltr" xml:lang="ita">in</span>
            <span class="ocrx_word" id="word_1_155" title="bbox 2698 2761 2855 2819; x_wconf 85" lang="ita" dir="ltr" xml:lang="ita">versi</span>
            <span class="ocrx_word" id="word_1_156" title="bbox 2884 2761 3121 2836; x_wconf 91" lang="ita" dir="ltr" xml:lang="ita">inglesi:</span>
            <span class="ocrx_word" id="word_1_157" title="bbox 3158 2770 3315 2819; x_wconf 96" lang="ita" dir="ltr" xml:lang="ita">sesta</span>
            <span class="ocrx_word" id="word_1_158" title="bbox 3343 2761 3638 2819; x_wconf 97" lang="ita" dir="ltr" xml:lang="ita">edizione.</span>
            <span class="ocrx_word" id="word_1_159" title="bbox 3671 2762 4019 2836; x_wconf 93" lang="ita" dir="ltr" xml:lang="ita">Esemplare</span>
            <span class="ocrx_word" id="word_1_160" title="bbox 4048 2762 4208 2819; x_wconf 99" lang="ita" dir="ltr" xml:lang="ita">della</span>
            <span class="ocrx_word" id="word_1_161" title="bbox 4235 2761 4393 2819; x_wconf 91" lang="ita" dir="ltr" xml:lang="ita">Bibl.</span>
            <span class="ocrx_word" id="word_1_162" title="bbox 4426 2761 4487 2819; x_wconf 99" lang="ita" dir="ltr" xml:lang="ita">di</span>
          </span>
          <span class="ocr_line" id="line_1_19" title="bbox 711 2857 1136 2932; baseline 0.002 -18">
            <span class="ocrx_word" id="word_1_163" title="bbox 711 2857 1136 2932; x_wconf 93" lang="ita" dir="ltr" xml:lang="ita">Malborough.</span>
          </span>
        </p>
      </div>
      <div class="ocr_carea" id="block_1_7" title="bbox 479 3053 4487 3430">
        <p class="ocr_par" dir="ltr" id="par_1_11" title="bbox 479 3053 4487 3430">
          <span class="ocr_line" id="line_1_20" title="bbox 479 3053 2548 3143; baseline 0 -22">
            <span class="ocrx_word" id="word_1_164" title="bbox 479 3054 686 3123; x_wconf 98" lang="ita" xml:lang="ita">1893.</span>
            <span class="ocrx_word" id="word_1_165" title="bbox 719 3055 1107 3122; x_wconf 88" lang="ita" dir="ltr" xml:lang="ita">EMBLEMS</span>
            <span class="ocrx_word" id="word_1_166" title="bbox 1135 3053 1221 3122; x_wconf 93" lang="ita" dir="ltr" xml:lang="ita">of</span>
            <span class="ocrx_word" id="word_1_167" title="bbox 1243 3053 1599 3143; x_wconf 87" lang="ita" dir="ltr" xml:lang="ita">morality,</span>
            <span class="ocrx_word" id="word_1_168" title="bbox 1641 3054 1826 3123; x_wconf 91" lang="ita" xml:lang="ita">1789</span>
            <span class="ocrx_word" id="word_1_169" title="bbox 1857 3053 2185 3135; x_wconf 93" lang="ita" dir="ltr" xml:lang="ita">London,</span>
            <span class="ocrx_word" id="word_1_170" title="bbox 2218 3053 2292 3121; x_wconf 90" lang="ita" dir="ltr" xml:lang="ita">in</span>
            <span class="ocrx_word" id="word_1_171" title="bbox 2325 3054 2388 3135; x_wconf 93" lang="ita" xml:lang="ita">8,</span>
            <span class="ocrx_word" id="word_1_172" title="bbox 2421 3053 2548 3143; x_wconf 91" lang="ita" dir="ltr" xml:lang="ita">fig.</span>
          </span>
          <span class="ocr_line" id="line_1_21" title="bbox 711 3164 4486 3239; baseline 0 -17">
            <span class="ocrx_word" id="word_1_173" title="bbox 711 3166 795 3222; x_wconf 97" lang="ita" dir="ltr" xml:lang="ita">Le</span>
            <span class="ocrx_word" id="word_1_174" title="bbox 823 3165 1024 3222; x_wconf 96" lang="ita" dir="ltr" xml:lang="ita">tavole</span>
            <span class="ocrx_word" id="word_1_175" title="bbox 1055 3183 1206 3222; x_wconf 97" lang="ita" dir="ltr" xml:lang="ita">sono</span>
            <span class="ocrx_word" id="word_1_176" title="bbox 1236 3164 1297 3222; x_wconf 99" lang="ita" dir="ltr" xml:lang="ita">di</span>
            <span class="ocrx_word" id="word_1_177" title="bbox 1326 3165 1555 3232; x_wconf 90" lang="ita" dir="ltr" xml:lang="ita">Hollar;</span>
            <span class="ocrx_word" id="word_1_178" title="bbox 1587 3164 1824 3239; x_wconf 96" lang="ita" dir="ltr" xml:lang="ita">copiate</span>
            <span class="ocrx_word" id="word_1_179" title="bbox 1853 3165 1951 3222; x_wconf 97" lang="ita" dir="ltr" xml:lang="ita">dal</span>
            <span class="ocrx_word" id="word_1_180" title="bbox 1979 3164 2230 3222; x_wconf 96" lang="ita" dir="ltr" xml:lang="ita">Trionfo</span>
            <span class="ocrx_word" id="word_1_181" title="bbox 2260 3165 2420 3222; x_wconf 98" lang="ita" dir="ltr" xml:lang="ita">della</span>
            <span class="ocrx_word" id="word_1_182" title="bbox 2446 3166 2647 3222; x_wconf 93" lang="ita" dir="ltr" xml:lang="ita">Morte</span>
            <span class="ocrx_word" id="word_1_183" title="bbox 2676 3164 3027 3222; x_wconf 95" lang="ita" dir="ltr" xml:lang="ita">d’Holbein.</span>
            <span class="ocrx_word" id="word_1_184" title="bbox 3059 3166 3126 3221; x_wconf 90" lang="ita" dir="ltr" xml:lang="ita">In</span>
            <span class="ocrx_word" id="word_1_185" title="bbox 3154 3173 3367 3239; x_wconf 96" lang="ita" dir="ltr" xml:lang="ita">questo</span>
            <span class="ocrx_word" id="word_1_186" title="bbox 3397 3165 3689 3222; x_wconf 93" lang="ita" dir="ltr" xml:lang="ita">moderno</span>
            <span class="ocrx_word" id="word_1_187" title="bbox 3719 3164 3940 3222; x_wconf 95" lang="ita" dir="ltr" xml:lang="ita">cattivo</span>
            <span class="ocrx_word" id="word_1_188" title="bbox 3970 3165 4304 3239; x_wconf 93" lang="ita" dir="ltr" xml:lang="ita">esemplare</span>
            <span class="ocrx_word" id="word_1_189" title="bbox 4335 3183 4486 3222; x_wconf 97" lang="ita" dir="ltr" xml:lang="ita">sono</span>
          </span>
          <span class="ocr_line" id="line_1_22" title="bbox 710 3260 4487 3335; baseline -0 -17">
            <span class="ocrx_word" id="word_1_190" title="bbox 710 3260 991 3335; x_wconf 96" lang="ita" dir="ltr" xml:lang="ita">riportate</span>
            <span class="ocrx_word" id="word_1_191" title="bbox 1034 3260 1306 3318; x_wconf 96" lang="ita" dir="ltr" xml:lang="ita">dicontro</span>
            <span class="ocrx_word" id="word_1_192" title="bbox 1351 3261 1466 3318; x_wconf 98" lang="ita" dir="ltr" xml:lang="ita">alle</span>
            <span class="ocrx_word" id="word_1_193" title="bbox 1511 3269 1740 3335; x_wconf 93" lang="ita" dir="ltr" xml:lang="ita">stampe</span>
            <span class="ocrx_word" id="word_1_194" title="bbox 1783 3260 2213 3318; x_wconf 97" lang="ita" dir="ltr" xml:lang="ita">dell’edizione</span>
            <span class="ocrx_word" id="word_1_195" title="bbox 2256 3260 2317 3318; x_wconf 99" lang="ita" dir="ltr" xml:lang="ita">di</span>
            <span class="ocrx_word" id="word_1_196" title="bbox 2359 3261 2598 3318; x_wconf 97" lang="ita" dir="ltr" xml:lang="ita">Londra</span>
            <span class="ocrx_word" id="word_1_197" title="bbox 2639 3261 2695 3318; x_wconf 99" lang="ita" dir="ltr" xml:lang="ita">le</span>
            <span class="ocrx_word" id="word_1_198" title="bbox 2739 3261 2882 3318; x_wconf 96" lang="ita" dir="ltr" xml:lang="ita">altre</span>
            <span class="ocrx_word" id="word_1_199" title="bbox 2923 3260 3199 3335; x_wconf 96" lang="ita" dir="ltr" xml:lang="ita">preziose</span>
            <span class="ocrx_word" id="word_1_200" title="bbox 3244 3269 3472 3335; x_wconf 93" lang="ita" dir="ltr" xml:lang="ita">stampe</span>
            <span class="ocrx_word" id="word_1_201" title="bbox 3515 3260 3793 3335; x_wconf 96" lang="ita" dir="ltr" xml:lang="ita">originali</span>
            <span class="ocrx_word" id="word_1_202" title="bbox 3836 3261 3934 3318; x_wconf 99" lang="ita" dir="ltr" xml:lang="ita">del</span>
            <span class="ocrx_word" id="word_1_203" title="bbox 3977 3261 4227 3328; x_wconf 95" lang="ita" dir="ltr" xml:lang="ita">Hollart,</span>
            <span class="ocrx_word" id="word_1_204" title="bbox 4273 3260 4384 3318; x_wconf 96" lang="ita" dir="ltr" xml:lang="ita">che</span>
            <span class="ocrx_word" id="word_1_205" title="bbox 4427 3261 4487 3318; x_wconf 99" lang="ita" dir="ltr" xml:lang="ita">lo</span>
          </span>
          <span class="ocr_line" id="line_1_23" title="bbox 710 3355 1302 3430; baseline 0.002 -18">
            <span class="ocrx_word" id="word_1_206" title="bbox 710 3356 980 3413; x_wconf 99" lang="ita" dir="ltr" xml:lang="ita">rendono</span>
            <span class="ocrx_word" id="word_1_207" title="bbox 1004 3355 1302 3430; x_wconf 96" lang="ita" dir="ltr" xml:lang="ita">prezioso.</span>
          </span>
        </p>
      </div>
      <div class="ocr_carea" id="block_1_8" title="bbox 483 3551 2991 3737">
        <p class="ocr_par" dir="ltr" id="par_1_12" title="bbox 483 3551 2991 3737">
          <span class="ocr_line" id="line_1_24" title="bbox 483 3551 2991 3641; baseline 0 -22">
            <span class="ocrx_word" id="word_1_208" title="bbox 483 3552 690 3621; x_wconf 98" lang="ita" xml:lang="ita">1894.</span>
            <span class="ocrx_word" id="word_1_209" title="bbox 723 3553 1160 3620; x_wconf 89" lang="ita" dir="ltr" xml:lang="ita">EMBLEMES</span>
            <span class="ocrx_word" id="word_1_210" title="bbox 1188 3573 1283 3620; x_wconf 97" lang="ita" dir="ltr" xml:lang="ita">ou</span>
            <span class="ocrx_word" id="word_1_211" title="bbox 1313 3551 1601 3620; x_wconf 86" lang="ita" dir="ltr" xml:lang="ita">devises</span>
            <span class="ocrx_word" id="word_1_212" title="bbox 1633 3551 2104 3633; x_wconf 91" lang="ita" dir="ltr" xml:lang="ita">chretiennes,</span>
            <span class="ocrx_word" id="word_1_213" title="bbox 2136 3553 2385 3620; x_wconf 91" lang="ita" dir="ltr" xml:lang="ita">Utrect</span>
            <span class="ocrx_word" id="word_1_214" title="bbox 2421 3551 2629 3633; x_wconf 97" lang="ita" xml:lang="ita">1697,</span>
            <span class="ocrx_word" id="word_1_215" title="bbox 2662 3551 2736 3619; x_wconf 90" lang="ita" dir="ltr" xml:lang="ita">in</span>
            <span class="ocrx_word" id="word_1_216" title="bbox 2769 3552 2832 3633; x_wconf 98" lang="ita" xml:lang="ita">8,</span>
            <span class="ocrx_word" id="word_1_217" title="bbox 2865 3551 2991 3641; x_wconf 90" lang="ita" dir="ltr" xml:lang="ita">fig.</span>
          </span>
          <span class="ocr_line" id="line_1_25" title="bbox 712 3662 2695 3737; baseline 0 -17">
            <span class="ocrx_word" id="word_1_218" title="bbox 712 3663 847 3720; x_wconf 90" lang="ita" dir="ltr" xml:lang="ita">Con</span>
            <span class="ocrx_word" id="word_1_219" title="bbox 871 3671 1047 3720; x_wconf 96" lang="ita" dir="ltr" xml:lang="ita">cento</span>
            <span class="ocrx_word" id="word_1_220" title="bbox 1072 3663 1272 3720; x_wconf 96" lang="ita" dir="ltr" xml:lang="ita">tavole</span>
            <span class="ocrx_word" id="word_1_221" title="bbox 1296 3662 1603 3737; x_wconf 96" lang="ita" dir="ltr" xml:lang="ita">intagliate</span>
            <span class="ocrx_word" id="word_1_222" title="bbox 1627 3662 1689 3719; x_wconf 98" lang="ita" dir="ltr" xml:lang="ita">in</span>
            <span class="ocrx_word" id="word_1_223" title="bbox 1712 3681 1876 3720; x_wconf 93" lang="ita" dir="ltr" xml:lang="ita">rame</span>
            <span class="ocrx_word" id="word_1_224" title="bbox 1901 3662 1962 3720; x_wconf 99" lang="ita" dir="ltr" xml:lang="ita">di</span>
            <span class="ocrx_word" id="word_1_225" title="bbox 1987 3662 2293 3720; x_wconf 93" lang="ita" dir="ltr" xml:lang="ita">mediocre</span>
            <span class="ocrx_word" id="word_1_226" title="bbox 2318 3662 2695 3720; x_wconf 97" lang="ita" dir="ltr" xml:lang="ita">esecuzione.</span>
          </span>
        </p>
      </div>
      <div class="ocr_carea" id="block_1_9" title="bbox 479 3858 4281 4044">
        <p class="ocr_par" dir="ltr" id="par_1_13" title="bbox 479 3858 4281 4044">
          <span class="ocr_line" id="line_1_26" title="bbox 479 3858 4281 3948; baseline 0 -22">
            <span class="ocrx_word" id="word_1_227" title="bbox 479 3858 686 3928; x_wconf 98" lang="ita" xml:lang="ita">1895.</span>
            <span class="ocrx_word" id="word_1_228" title="bbox 720 3860 857 3927; x_wconf 97" lang="ita" dir="ltr" xml:lang="ita">Les</span>
            <span class="ocrx_word" id="word_1_229" title="bbox 888 3860 1374 3927; x_wconf 89" lang="ita" dir="ltr" xml:lang="ita">ENTRETIENS</span>
            <span class="ocrx_word" id="word_1_230" title="bbox 1402 3858 1725 3927; x_wconf 86" lang="ita" dir="ltr" xml:lang="ita">d’Ariste</span>
            <span class="ocrx_word" id="word_1_231" title="bbox 1755 3869 1824 3927; x_wconf 97" lang="ita" dir="ltr" xml:lang="ita">et</span>
            <span class="ocrx_word" id="word_1_232" title="bbox 1852 3858 2251 3948; x_wconf 91" lang="ita" dir="ltr" xml:lang="ita">d’Eugene,</span>
            <span class="ocrx_word" id="word_1_233" title="bbox 2284 3858 2502 3940; x_wconf 90" lang="ita" dir="ltr" xml:lang="ita">Paris,</span>
            <span class="ocrx_word" id="word_1_234" title="bbox 2536 3858 2712 3927; x_wconf 95" lang="ita" dir="ltr" xml:lang="ita">chez</span>
            <span class="ocrx_word" id="word_1_235" title="bbox 2745 3858 3020 3927; x_wconf 90" lang="ita" dir="ltr" xml:lang="ita">Sebast.</span>
            <span class="ocrx_word" id="word_1_236" title="bbox 3053 3858 3344 3927; x_wconf 85" lang="ita" dir="ltr" xml:lang="ita">Marbré</span>
            <span class="ocrx_word" id="word_1_237" title="bbox 3374 3858 3779 3948; x_wconf 87" lang="ita" dir="ltr" xml:lang="ita">Cramoisy,</span>
            <span class="ocrx_word" id="word_1_238" title="bbox 3821 3858 4029 3940; x_wconf 98" lang="ita" xml:lang="ita">1671,</span>
            <span class="ocrx_word" id="word_1_239" title="bbox 4062 3858 4136 3926; x_wconf 90" lang="ita" dir="ltr" xml:lang="ita">in</span>
            <span class="ocrx_word" id="word_1_240" title="bbox 4174 3859 4281 3927; x_wconf 88" lang="ita" xml:lang="ita">12.</span>
          </span>
          <span class="ocr_line" id="line_1_27" title="bbox 714 3969 4194 4044; baseline 0 -17">
            <span class="ocrx_word" id="word_1_241" title="bbox 714 3969 1072 4044; x_wconf 90" lang="ita" dir="ltr" xml:lang="ita">S’aggirano</span>
            <span class="ocrx_word" id="word_1_242" title="bbox 1098 3969 1293 4044; x_wconf 96" lang="ita" dir="ltr" xml:lang="ita">questi</span>
            <span class="ocrx_word" id="word_1_243" title="bbox 1318 3969 1587 4044; x_wconf 96" lang="ita" dir="ltr" xml:lang="ita">dialoghi</span>
            <span class="ocrx_word" id="word_1_244" title="bbox 1614 3988 1682 4027; x_wconf 96" lang="ita" dir="ltr" xml:lang="ita">su</span>
            <span class="ocrx_word" id="word_1_245" title="bbox 1707 3969 1832 4027; x_wconf 98" lang="ita" dir="ltr" xml:lang="ita">vari</span>
            <span class="ocrx_word" id="word_1_246" title="bbox 1858 3969 2208 4044; x_wconf 93" lang="ita" dir="ltr" xml:lang="ita">argomenti,</span>
            <span class="ocrx_word" id="word_1_247" title="bbox 2236 3969 2499 4027; x_wconf 93" lang="ita" dir="ltr" xml:lang="ita">l’ultimo</span>
            <span class="ocrx_word" id="word_1_248" title="bbox 2525 3969 2623 4027; x_wconf 99" lang="ita" dir="ltr" xml:lang="ita">dei</span>
            <span class="ocrx_word" id="word_1_249" title="bbox 2648 3969 2811 4044; x_wconf 97" lang="ita" dir="ltr" xml:lang="ita">quali</span>
            <span class="ocrx_word" id="word_1_250" title="bbox 2835 3969 3132 4027; x_wconf 95" lang="ita" dir="ltr" xml:lang="ita">intitolato</span>
            <span class="ocrx_word" id="word_1_251" title="bbox 3155 3972 3269 4027; x_wconf 81" lang="ita" dir="ltr" xml:lang="ita">Les</span>
            <span class="ocrx_word" id="word_1_252" title="bbox 3293 3970 3531 4027; x_wconf 81" lang="ita" dir="ltr" xml:lang="ita">dévises</span>
            <span class="ocrx_word" id="word_1_253" title="bbox 3556 3988 3791 4044; x_wconf 97" lang="ita" dir="ltr" xml:lang="ita">occupa</span>
            <span class="ocrx_word" id="word_1_254" title="bbox 3821 3970 3933 4028; x_wconf 95" lang="ita" xml:lang="ita">197</span>
            <span class="ocrx_word" id="word_1_255" title="bbox 3958 3969 4194 4044; x_wconf 96" lang="ita" dir="ltr" xml:lang="ita">pagine.</span>
          </span>
        </p>
      </div>
      <div class="ocr_carea" id="block_1_10" title="bbox 473 4165 772 4254">
        <p class="ocr_par" dir="ltr" id="par_1_14" title="bbox 473 4165 772 4254">
          <span class="ocr_line" id="line_1_28" title="bbox 473 4165 772 4254; baseline 0 -21">
            <span class="ocrx_word" id="word_1_256" title="bbox 473 4165 772 4254; x_wconf 59" lang="ita" dir="ltr" xml:lang="ita">Hx323]</span>
          </span>
        </p>
      </div>
      <div class="ocr_carea" id="block_1_11" title="bbox 475 4375 4488 4580">
        <p class="ocr_par" dir="ltr" id="par_1_15" title="bbox 475 4375 4488 4580">
          <span class="ocr_line" id="line_1_29" title="bbox 475 4375 4488 4465; baseline 0 -22">
            <span class="ocrx_word" id="word_1_257" title="bbox 475 4375 682 4445; x_wconf 98" lang="ita" xml:lang="ita">1896.</span>
            <span class="ocrx_word" id="word_1_258" title="bbox 728 4377 1076 4444; x_wconf 87" lang="ita" dir="ltr" xml:lang="ita">FABRICII</span>
            <span class="ocrx_word" id="word_1_259" title="bbox 1111 4375 1473 4465; x_wconf 90" lang="ita" dir="ltr" xml:lang="ita">Principio</span>
            <span class="ocrx_word" id="word_1_260" title="bbox 1518 4375 1609 4444; x_wconf 92" lang="ita" dir="ltr" xml:lang="ita">da</span>
            <span class="ocrx_word" id="word_1_261" title="bbox 1649 4377 1975 4444; x_wconf 91" lang="ita" dir="ltr" xml:lang="ita">Teramo.</span>
            <span class="ocrx_word" id="word_1_262" title="bbox 2022 4375 2235 4444; x_wconf 94" lang="ita" dir="ltr" xml:lang="ita">Delle</span>
            <span class="ocrx_word" id="word_1_263" title="bbox 2279 4375 2639 4457; x_wconf 90" lang="ita" dir="ltr" xml:lang="ita">allusioni,</span>
            <span class="ocrx_word" id="word_1_264" title="bbox 2685 4375 2997 4465; x_wconf 90" lang="ita" dir="ltr" xml:lang="ita">imprese</span>
            <span class="ocrx_word" id="word_1_265" title="bbox 3040 4375 3130 4444; x_wconf 97" lang="ita" dir="ltr" xml:lang="ita">ed</span>
            <span class="ocrx_word" id="word_1_266" title="bbox 3172 4375 3517 4444; x_wconf 91" lang="ita" dir="ltr" xml:lang="ita">emblemi</span>
            <span class="ocrx_word" id="word_1_267" title="bbox 3563 4397 3774 4465; x_wconf 90" lang="ita" dir="ltr" xml:lang="ita">sopra</span>
            <span class="ocrx_word" id="word_1_268" title="bbox 3814 4375 3884 4444; x_wconf 91" lang="ita" dir="ltr" xml:lang="ita">la</span>
            <span class="ocrx_word" id="word_1_269" title="bbox 3924 4375 4091 4457; x_wconf 90" lang="ita" dir="ltr" xml:lang="ita">vita,</span>
            <span class="ocrx_word" id="word_1_270" title="bbox 4138 4397 4354 4465; x_wconf 91" lang="ita" dir="ltr" xml:lang="ita">opere</span>
            <span class="ocrx_word" id="word_1_271" title="bbox 4398 4375 4488 4444; x_wconf 97" lang="ita" dir="ltr" xml:lang="ita">ed</span>
          </span>
          <span class="ocr_line" id="line_1_30" title="bbox 714 4490 2535 4580; baseline 0 -22">
            <span class="ocrx_word" id="word_1_272" title="bbox 714 4490 952 4559; x_wconf 90" lang="ita" dir="ltr" xml:lang="ita">azioni</span>
            <span class="ocrx_word" id="word_1_273" title="bbox 983 4490 1055 4559; x_wconf 90" lang="ita" dir="ltr" xml:lang="ita">di</span>
            <span class="ocrx_word" id="word_1_274" title="bbox 1086 4490 1439 4580; x_wconf 91" lang="ita" dir="ltr" xml:lang="ita">Gregorio</span>
            <span class="ocrx_word" id="word_1_275" title="bbox 1468 4492 1658 4572; x_wconf 90" lang="ita" dir="ltr" xml:lang="ita">XIII,</span>
            <span class="ocrx_word" id="word_1_276" title="bbox 1692 4492 1929 4559; x_wconf 91" lang="ita" dir="ltr" xml:lang="ita">Roma</span>
            <span class="ocrx_word" id="word_1_277" title="bbox 1965 4490 2173 4572; x_wconf 87" lang="ita" xml:lang="ita">1588,</span>
            <span class="ocrx_word" id="word_1_278" title="bbox 2206 4490 2280 4558; x_wconf 90" lang="ita" dir="ltr" xml:lang="ita">in</span>
            <span class="ocrx_word" id="word_1_279" title="bbox 2308 4491 2376 4572; x_wconf 98" lang="ita" xml:lang="ita">4,</span>
            <span class="ocrx_word" id="word_1_280" title="bbox 2409 4490 2535 4580; x_wconf 90" lang="ita" dir="ltr" xml:lang="ita">fig.</span>
          </span>
        </p>
      </div>
      <div class="ocr_carea" id="block_1_12" title="bbox 714 4601 4486 4772">
        <p class="ocr_par" dir="ltr" id="par_1_16" title="bbox 714 4601 4486 4772">
          <span class="ocr_line" id="line_1_31" title="bbox 714 4601 4486 4676; baseline 0 -17">
            <span class="ocrx_word" id="word_1_281" title="bbox 714 4602 878 4659; x_wconf 90" lang="ita" dir="ltr" xml:lang="ita">Sono</span>
            <span class="ocrx_word" id="word_1_282" title="bbox 908 4601 1103 4676; x_wconf 96" lang="ita" dir="ltr" xml:lang="ita">questi</span>
            <span class="ocrx_word" id="word_1_283" title="bbox 1132 4601 1420 4659; x_wconf 93" lang="ita" dir="ltr" xml:lang="ita">emblemi</span>
            <span class="ocrx_word" id="word_1_284" title="bbox 1449 4601 1630 4659; x_wconf 85" lang="ita" dir="ltr" xml:lang="ita">divisi</span>
            <span class="ocrx_word" id="word_1_285" title="bbox 1658 4601 1721 4658; x_wconf 99" lang="ita" dir="ltr" xml:lang="ita">in</span>
            <span class="ocrx_word" id="word_1_286" title="bbox 1752 4601 1838 4659; x_wconf 97" lang="ita" dir="ltr" xml:lang="ita">sei</span>
            <span class="ocrx_word" id="word_1_287" title="bbox 1867 4601 2002 4659; x_wconf 98" lang="ita" dir="ltr" xml:lang="ita">libri</span>
            <span class="ocrx_word" id="word_1_288" title="bbox 2031 4601 2318 4659; x_wconf 97" lang="ita" dir="ltr" xml:lang="ita">ciascuno</span>
            <span class="ocrx_word" id="word_1_289" title="bbox 2348 4620 2465 4659; x_wconf 97" lang="ita" dir="ltr" xml:lang="ita">con</span>
            <span class="ocrx_word" id="word_1_290" title="bbox 2493 4620 2574 4659; x_wconf 97" lang="ita" dir="ltr" xml:lang="ita">un</span>
            <span class="ocrx_word" id="word_1_291" title="bbox 2603 4601 2996 4676; x_wconf 96" lang="ita" dir="ltr" xml:lang="ita">frontespizio</span>
            <span class="ocrx_word" id="word_1_292" title="bbox 3027 4620 3061 4659; x_wconf 97" lang="ita" dir="ltr" xml:lang="ita">a</span>
            <span class="ocrx_word" id="word_1_293" title="bbox 3090 4620 3153 4659; x_wconf 96" lang="ita" dir="ltr" xml:lang="ita">se</span>
            <span class="ocrx_word" id="word_1_294" title="bbox 3180 4601 3535 4676; x_wconf 96" lang="ita" dir="ltr" xml:lang="ita">particolare</span>
            <span class="ocrx_word" id="word_1_295" title="bbox 3564 4620 3597 4659; x_wconf 99" lang="ita" dir="ltr" xml:lang="ita">e</span>
            <span class="ocrx_word" id="word_1_296" title="bbox 3625 4601 3668 4658; x_wconf 99" lang="ita" dir="ltr" xml:lang="ita">il</span>
            <span class="ocrx_word" id="word_1_297" title="bbox 3697 4620 3947 4659; x_wconf 93" lang="ita" dir="ltr" xml:lang="ita">numero</span>
            <span class="ocrx_word" id="word_1_298" title="bbox 3977 4602 4135 4659; x_wconf 98" lang="ita" dir="ltr" xml:lang="ita">delle</span>
            <span class="ocrx_word" id="word_1_299" title="bbox 4164 4601 4424 4676; x_wconf 93" lang="ita" dir="ltr" xml:lang="ita">imprese</span>
            <span class="ocrx_word" id="word_1_300" title="bbox 4453 4602 4486 4659; x_wconf 87" lang="ita" dir="ltr" xml:lang="ita">e</span>
          </span>
          <span class="ocr_line" id="line_1_32" title="bbox 714 4697 2127 4772; baseline 0.001 -18">
            <span class="ocrx_word" id="word_1_301" title="bbox 714 4698 827 4755; x_wconf 96" lang="ita" xml:lang="ita">331</span>
            <span class="ocrx_word" id="word_1_302" title="bbox 858 4697 1163 4772; x_wconf 96" lang="ita" dir="ltr" xml:lang="ita">intagliate</span>
            <span class="ocrx_word" id="word_1_303" title="bbox 1187 4697 1250 4754; x_wconf 99" lang="ita" dir="ltr" xml:lang="ita">in</span>
            <span class="ocrx_word" id="word_1_304" title="bbox 1272 4716 1436 4755; x_wconf 93" lang="ita" dir="ltr" xml:lang="ita">rame</span>
            <span class="ocrx_word" id="word_1_305" title="bbox 1461 4716 1578 4755; x_wconf 97" lang="ita" dir="ltr" xml:lang="ita">con</span>
            <span class="ocrx_word" id="word_1_306" title="bbox 1603 4706 1779 4772; x_wconf 96" lang="ita" dir="ltr" xml:lang="ita">gusto</span>
            <span class="ocrx_word" id="word_1_307" title="bbox 1804 4697 2127 4755; x_wconf 93" lang="ita" dir="ltr" xml:lang="ita">mediocre.</span>
          </span>
        </p>
      </div>
      <div class="ocr_carea" id="block_1_13" title="bbox 491 4893 4487 4983">
        <p class="ocr_par" dir="ltr" id="par_1_17" title="bbox 491 4893 4487 4983">
          <span class="ocr_line" id="line_1_33" title="bbox 491 4893 4487 4983; baseline 0 -22">
            <span class="ocrx_word" id="word_1_308" title="bbox 491 4894 698 4963; x_wconf 98" lang="ita" xml:lang="ita">1897.</span>
            <span class="ocrx_word" id="word_1_309" title="bbox 735 4895 1040 4975; x_wconf 87" lang="ita" dir="ltr" xml:lang="ita">FARLEI,</span>
            <span class="ocrx_word" id="word_1_310" title="bbox 1072 4893 1645 4983; x_wconf 87" lang="ita" dir="ltr" xml:lang="ita">Lychnocausia,</span>
            <span class="ocrx_word" id="word_1_311" title="bbox 1685 4893 1839 4962; x_wconf 90" lang="ita" dir="ltr" xml:lang="ita">sive</span>
            <span class="ocrx_word" id="word_1_312" title="bbox 1872 4893 2175 4962; x_wconf 90" lang="ita" dir="ltr" xml:lang="ita">moralia</span>
            <span class="ocrx_word" id="word_1_313" title="bbox 2207 4893 2642 4962; x_wconf 90" lang="ita" dir="ltr" xml:lang="ita">emblemata</span>
            <span class="ocrx_word" id="word_1_314" title="bbox 2674 4904 2805 4962; x_wconf 98" lang="ita" dir="ltr" xml:lang="ita">etc.</span>
            <span class="ocrx_word" id="word_1_315" title="bbox 2843 4893 3057 4983; x_wconf 91" lang="ita" dir="ltr" xml:lang="ita">Light</span>
            <span class="ocrx_word" id="word_1_316" title="bbox 3087 4893 3356 4962; x_wconf 90" lang="ita" dir="ltr" xml:lang="ita">Morall</span>
            <span class="ocrx_word" id="word_1_317" title="bbox 3388 4893 3784 4975; x_wconf 92" lang="ita" dir="ltr" xml:lang="ita">Emblems,</span>
            <span class="ocrx_word" id="word_1_318" title="bbox 3820 4893 4126 4962; x_wconf 95" lang="ita" dir="ltr" xml:lang="ita">London</span>
            <span class="ocrx_word" id="word_1_319" title="bbox 4168 4893 4376 4975; x_wconf 98" lang="ita" xml:lang="ita">1638,</span>
            <span class="ocrx_word" id="word_1_320" title="bbox 4413 4893 4487 4961; x_wconf 90" lang="ita" dir="ltr" xml:lang="ita">in</span>
          </span>
        </p>
      </div>
      <div class="ocr_carea" id="block_1_14" title="bbox 713 5019 3531 5194">
        <p class="ocr_par" dir="ltr" id="par_1_18" title="bbox 713 5019 3531 5194">
          <span class="ocr_line" id="line_1_34" title="bbox 713 5019 978 5077; baseline 0 0">
            <span class="ocrx_word" id="word_1_321" title="bbox 713 5019 978 5077; x_wconf 70" lang="ita" dir="ltr" xml:lang="ita">Ott3V0.</span>
          </span>
          <span class="ocr_line" id="line_1_35" title="bbox 714 5119 3531 5194; baseline -0 -17">
            <span class="ocrx_word" id="word_1_322" title="bbox 714 5120 878 5177; x_wconf 90" lang="ita" dir="ltr" xml:lang="ita">Sono</span>
            <span class="ocrx_word" id="word_1_323" title="bbox 905 5119 981 5177; x_wconf 89" lang="ita" xml:lang="ita">58</span>
            <span class="ocrx_word" id="word_1_324" title="bbox 1008 5120 1208 5177; x_wconf 96" lang="ita" dir="ltr" xml:lang="ita">tavole</span>
            <span class="ocrx_word" id="word_1_325" title="bbox 1232 5119 1294 5176; x_wconf 98" lang="ita" dir="ltr" xml:lang="ita">in</span>
            <span class="ocrx_word" id="word_1_326" title="bbox 1318 5120 1498 5194; x_wconf 96" lang="ita" dir="ltr" xml:lang="ita">legno</span>
            <span class="ocrx_word" id="word_1_327" title="bbox 1524 5120 1682 5177; x_wconf 97" lang="ita" dir="ltr" xml:lang="ita">colle</span>
            <span class="ocrx_word" id="word_1_328" title="bbox 1706 5119 2100 5177; x_wconf 96" lang="ita" dir="ltr" xml:lang="ita">illustrazioni</span>
            <span class="ocrx_word" id="word_1_329" title="bbox 2125 5119 2306 5177; x_wconf 96" lang="ita" dir="ltr" xml:lang="ita">latine</span>
            <span class="ocrx_word" id="word_1_330" title="bbox 2331 5138 2364 5177; x_wconf 99" lang="ita" dir="ltr" xml:lang="ita">e</span>
            <span class="ocrx_word" id="word_1_331" title="bbox 2388 5119 2607 5194; x_wconf 96" lang="ita" dir="ltr" xml:lang="ita">inglesi</span>
            <span class="ocrx_word" id="word_1_332" title="bbox 2631 5119 2693 5176; x_wconf 98" lang="ita" dir="ltr" xml:lang="ita">in</span>
            <span class="ocrx_word" id="word_1_333" title="bbox 2718 5119 2892 5177; x_wconf 97" lang="ita" dir="ltr" xml:lang="ita">versi.</span>
            <span class="ocrx_word" id="word_1_334" title="bbox 2920 5119 3078 5177; x_wconf 91" lang="ita" dir="ltr" xml:lang="ita">Bibl.</span>
            <span class="ocrx_word" id="word_1_335" title="bbox 3106 5119 3531 5194; x_wconf 93" lang="ita" dir="ltr" xml:lang="ita">Malborough.</span>
          </span>
        </p>
      </div>
      <div class="ocr_carea" id="block_1_15" title="bbox 479 5314 4490 5404">
        <p class="ocr_par" dir="ltr" id="par_1_19" title="bbox 479 5314 4490 5404">
          <span class="ocr_line" id="line_1_36" title="bbox 479 5314 4490 5404; baseline 0 -22">
            <span class="ocrx_word" id="word_1_336" title="bbox 479 5315 686 5384; x_wconf 98" lang="ita" xml:lang="ita">1898.</span>
            <span class="ocrx_word" id="word_1_337" title="bbox 744 5316 1078 5383; x_wconf 88" lang="ita" dir="ltr" xml:lang="ita">FLAMEN</span>
            <span class="ocrx_word" id="word_1_338" title="bbox 1125 5314 1379 5383; x_wconf 85" lang="ita" dir="ltr" xml:lang="ita">Albert</span>
            <span class="ocrx_word" id="word_1_339" title="bbox 1430 5314 1725 5404; x_wconf 90" lang="ita" dir="ltr" xml:lang="ita">peintre,</span>
            <span class="ocrx_word" id="word_1_340" title="bbox 1783 5314 2093 5383; x_wconf 85" lang="ita" dir="ltr" xml:lang="ita">Dévises</span>
            <span class="ocrx_word" id="word_1_341" title="bbox 2150 5325 2219 5383; x_wconf 97" lang="ita" dir="ltr" xml:lang="ita">et</span>
            <span class="ocrx_word" id="word_1_342" title="bbox 2272 5314 2671 5383; x_wconf 97" lang="ita" dir="ltr" xml:lang="ita">emblemes</span>
            <span class="ocrx_word" id="word_1_343" title="bbox 2728 5314 3063 5383; x_wconf 90" lang="ita" dir="ltr" xml:lang="ita">d’amour</span>
            <span class="ocrx_word" id="word_1_344" title="bbox 3115 5314 3493 5383; x_wconf 85" lang="ita" dir="ltr" xml:lang="ita">moralisés</span>
            <span class="ocrx_word" id="word_1_345" title="bbox 3550 5325 3707 5396; x_wconf 98" lang="ita" dir="ltr" xml:lang="ita">etc.,</span>
            <span class="ocrx_word" id="word_1_346" title="bbox 3766 5315 4019 5404; x_wconf 85" lang="ita" dir="ltr" xml:lang="ita">graves</span>
            <span class="ocrx_word" id="word_1_347" title="bbox 4077 5315 4117 5383; x_wconf 83" lang="ita" dir="ltr" xml:lang="ita">
              <strong>à</strong>
            </span>
            <span class="ocrx_word" id="word_1_348" title="bbox 4169 5314 4363 5383; x_wconf 90" lang="ita" dir="ltr" xml:lang="ita">Paris</span>
            <span class="ocrx_word" id="word_1_349" title="bbox 4420 5325 4490 5383; x_wconf 97" lang="ita" dir="ltr" xml:lang="ita">et</span>
          </span>
        </p>
      </div>
      <div class="ocr_carea" id="block_1_16" title="bbox 712 5429 4487 5694">
        <p class="ocr_par" dir="ltr" id="par_1_20" title="bbox 712 5429 4487 5694">
          <span class="ocr_line" id="line_1_37" title="bbox 712 5429 2460 5519; baseline 0.001 -22">
            <span class="ocrx_word" id="word_1_350" title="bbox 712 5429 1084 5519; x_wconf 84" lang="ita" dir="ltr" xml:lang="ita">imprimés</span>
            <span class="ocrx_word" id="word_1_351" title="bbox 1116 5429 1292 5498; x_wconf 97" lang="ita" dir="ltr" xml:lang="ita">chez</span>
            <span class="ocrx_word" id="word_1_352" title="bbox 1322 5429 1663 5498; x_wconf 90" lang="ita" dir="ltr" xml:lang="ita">Estienne</span>
            <span class="ocrx_word" id="word_1_353" title="bbox 1691 5431 2008 5519; x_wconf 87" lang="ita" dir="ltr" xml:lang="ita">Loyson,</span>
            <span class="ocrx_word" id="word_1_354" title="bbox 2050 5429 2258 5511; x_wconf 98" lang="ita" xml:lang="ita">1672,</span>
            <span class="ocrx_word" id="word_1_355" title="bbox 2291 5429 2365 5497; x_wconf 89" lang="ita" dir="ltr" xml:lang="ita">in</span>
            <span class="ocrx_word" id="word_1_356" title="bbox 2398 5430 2460 5498; x_wconf 99" lang="ita" xml:lang="ita">8.</span>
          </span>
          <span class="ocr_line" id="line_1_38" title="bbox 714 5540 4487 5615; baseline 0 -17">
            <span class="ocrx_word" id="word_1_357" title="bbox 714 5541 878 5598; x_wconf 90" lang="ita" dir="ltr" xml:lang="ita">Sono</span>
            <span class="ocrx_word" id="word_1_358" title="bbox 924 5549 1133 5615; x_wconf 96" lang="ita" dir="ltr" xml:lang="ita">queste</span>
            <span class="ocrx_word" id="word_1_359" title="bbox 1178 5540 1500 5615; x_wconf 96" lang="ita" dir="ltr" xml:lang="ita">cinquanta</span>
            <span class="ocrx_word" id="word_1_360" title="bbox 1543 5540 1827 5598; x_wconf 96" lang="ita" dir="ltr" xml:lang="ita">incisioni</span>
            <span class="ocrx_word" id="word_1_361" title="bbox 1873 5541 2175 5615; x_wconf 97" lang="ita" dir="ltr" xml:lang="ita">all’acqua</span>
            <span class="ocrx_word" id="word_1_362" title="bbox 2219 5540 2372 5598; x_wconf 96" lang="ita" dir="ltr" xml:lang="ita">forte</span>
            <span class="ocrx_word" id="word_1_363" title="bbox 2417 5540 2686 5615; x_wconf 96" lang="ita" dir="ltr" xml:lang="ita">eseguite</span>
            <span class="ocrx_word" id="word_1_364" title="bbox 2733 5559 2850 5598; x_wconf 97" lang="ita" dir="ltr" xml:lang="ita">con</span>
            <span class="ocrx_word" id="word_1_365" title="bbox 2894 5541 3084 5598; x_wconf 93" lang="ita" dir="ltr" xml:lang="ita">molto</span>
            <span class="ocrx_word" id="word_1_366" title="bbox 3132 5540 3357 5615; x_wconf 96" lang="ita" dir="ltr" xml:lang="ita">spirito,</span>
            <span class="ocrx_word" id="word_1_367" title="bbox 3406 5559 3440 5598; x_wconf 97" lang="ita" dir="ltr" xml:lang="ita">a</span>
            <span class="ocrx_word" id="word_1_368" title="bbox 3483 5540 3581 5598; x_wconf 97" lang="ita" dir="ltr" xml:lang="ita">cui</span>
            <span class="ocrx_word" id="word_1_369" title="bbox 3627 5559 3826 5598; x_wconf 98" lang="ita" dir="ltr" xml:lang="ita">vanno</span>
            <span class="ocrx_word" id="word_1_370" title="bbox 3871 5540 4034 5598; x_wconf 96" lang="ita" dir="ltr" xml:lang="ita">unite</span>
            <span class="ocrx_word" id="word_1_371" title="bbox 4080 5541 4136 5598; x_wconf 99" lang="ita" dir="ltr" xml:lang="ita">le</span>
            <span class="ocrx_word" id="word_1_372" title="bbox 4179 5540 4487 5615; x_wconf 96" lang="ita" dir="ltr" xml:lang="ita">rispettive</span>
          </span>
          <span class="ocr_line" id="line_1_39" title="bbox 712 5636 1159 5694; baseline -0.002 0">
            <span class="ocrx_word" id="word_1_373" title="bbox 712 5636 1159 5694; x_wconf 97" lang="ita" dir="ltr" xml:lang="ita">dichiarazioni.</span>
          </span>
        </p>
      </div>
      <div class="ocr_carea" id="block_1_17" title="bbox 483 5832 4489 5922">
        <p class="ocr_par" dir="ltr" id="par_1_21" title="bbox 483 5832 4489 5922">
          <span class="ocr_line" id="line_1_40" title="bbox 483 5832 4489 5922; baseline 0 -22">
            <span class="ocrx_word" id="word_1_374" title="bbox 483 5833 690 5902; x_wconf 98" lang="ita" xml:lang="ita">1899.</span>
            <span class="ocrx_word" id="word_1_375" title="bbox 729 5833 1095 5901; x_wconf 87" lang="ita" dir="ltr" xml:lang="ita">GIARDAE</span>
            <span class="ocrx_word" id="word_1_376" title="bbox 1122 5832 1645 5922; x_wconf 90" lang="ita" dir="ltr" xml:lang="ita">Christophori,</span>
            <span class="ocrx_word" id="word_1_377" title="bbox 1683 5834 1936 5901; x_wconf 93" lang="ita" dir="ltr" xml:lang="ita">Icones</span>
            <span class="ocrx_word" id="word_1_378" title="bbox 1974 5832 2422 5922; x_wconf 88" lang="ita" dir="ltr" xml:lang="ita">symbolicae</span>
            <span class="ocrx_word" id="word_1_379" title="bbox 2456 5832 2715 5922; x_wconf 90" lang="ita" dir="ltr" xml:lang="ita">elogiis</span>
            <span class="ocrx_word" id="word_1_380" title="bbox 2750 5832 3161 5914; x_wconf 90" lang="ita" dir="ltr" xml:lang="ita">illustratae,</span>
            <span class="ocrx_word" id="word_1_381" title="bbox 3197 5832 3604 5901; x_wconf 90" lang="ita" dir="ltr" xml:lang="ita">Mediolani</span>
            <span class="ocrx_word" id="word_1_382" title="bbox 3647 5832 3855 5914; x_wconf 97" lang="ita" xml:lang="ita">1626,</span>
            <span class="ocrx_word" id="word_1_383" title="bbox 3893 5854 3981 5901; x_wconf 77" lang="ita" dir="ltr" xml:lang="ita">ex</span>
            <span class="ocrx_word" id="word_1_384" title="bbox 4014 5832 4489 5922; x_wconf 87" lang="ita" dir="ltr" xml:lang="ita">typographia</span>
          </span>
        </p>
      </div>
      <div class="ocr_carea" id="block_1_18" title="bbox 711 5947 3103 6133">
        <p class="ocr_par" dir="ltr" id="par_1_22" title="bbox 711 5947 3103 6133">
          <span class="ocr_line" id="line_1_41" title="bbox 711 5947 1811 6029; baseline 0.001 -14">
            <span class="ocrx_word" id="word_1_385" title="bbox 711 5947 1139 6016; x_wconf 90" lang="ita" dir="ltr" xml:lang="ita">Melchioris</span>
            <span class="ocrx_word" id="word_1_386" title="bbox 1169 5947 1608 6029; x_wconf 90" lang="ita" dir="ltr" xml:lang="ita">Malatestre,</span>
            <span class="ocrx_word" id="word_1_387" title="bbox 1641 5947 1715 6015; x_wconf 90" lang="ita" dir="ltr" xml:lang="ita">in</span>
            <span class="ocrx_word" id="word_1_388" title="bbox 1744 5948 1811 6016; x_wconf 99" lang="ita" xml:lang="ita">4.</span>
          </span>
          <span class="ocr_line" id="line_1_42" title="bbox 714 6058 3103 6133; baseline 0 -17">
            <span class="ocrx_word" id="word_1_389" title="bbox 714 6059 878 6116; x_wconf 90" lang="ita" dir="ltr" xml:lang="ita">Sono</span>
            <span class="ocrx_word" id="word_1_390" title="bbox 911 6059 981 6116; x_wconf 95" lang="ita" xml:lang="ita">17</span>
            <span class="ocrx_word" id="word_1_391" title="bbox 1008 6059 1208 6116; x_wconf 96" lang="ita" dir="ltr" xml:lang="ita">tavole</span>
            <span class="ocrx_word" id="word_1_392" title="bbox 1233 6077 1350 6116; x_wconf 97" lang="ita" dir="ltr" xml:lang="ita">con</span>
            <span class="ocrx_word" id="word_1_393" title="bbox 1375 6059 1702 6116; x_wconf 96" lang="ita" dir="ltr" xml:lang="ita">altrettante</span>
            <span class="ocrx_word" id="word_1_394" title="bbox 1727 6058 2042 6133; x_wconf 93" lang="ita" dir="ltr" xml:lang="ita">immagini</span>
            <span class="ocrx_word" id="word_1_395" title="bbox 2068 6058 2433 6133; x_wconf 96" lang="ita" dir="ltr" xml:lang="ita">allegoriche</span>
            <span class="ocrx_word" id="word_1_396" title="bbox 2458 6058 2519 6116; x_wconf 99" lang="ita" dir="ltr" xml:lang="ita">di</span>
            <span class="ocrx_word" id="word_1_397" title="bbox 2544 6058 2852 6116; x_wconf 93" lang="ita" dir="ltr" xml:lang="ita">mediocre</span>
            <span class="ocrx_word" id="word_1_398" title="bbox 2877 6059 3103 6116; x_wconf 98" lang="ita" dir="ltr" xml:lang="ita">lavoro.</span>
          </span>
        </p>
      </div>
      <div class="ocr_carea" id="block_1_19" title="bbox 479 6253 4487 6458">
        <p class="ocr_par" dir="ltr" id="par_1_23" title="bbox 479 6253 4487 6458">
          <span class="ocr_line" id="line_1_43" title="bbox 479 6253 4487 6343; baseline 0 -22">
            <span class="ocrx_word" id="word_1_399" title="bbox 479 6254 686 6323; x_wconf 89" lang="ita" xml:lang="ita">1900.</span>
            <span class="ocrx_word" id="word_1_400" title="bbox 748 6254 1037 6322; x_wconf 87" lang="ita" dir="ltr" xml:lang="ita">GIOVIO</span>
            <span class="ocrx_word" id="word_1_401" title="bbox 1087 6253 1410 6343; x_wconf 91" lang="ita" dir="ltr" xml:lang="ita">Monsig.</span>
            <span class="ocrx_word" id="word_1_402" title="bbox 1472 6253 1717 6335; x_wconf 90" lang="ita" dir="ltr" xml:lang="ita">Paolo,</span>
            <span class="ocrx_word" id="word_1_403" title="bbox 1777 6253 2354 6343; x_wconf 90" lang="ita" dir="ltr" xml:lang="ita">Ragionamento</span>
            <span class="ocrx_word" id="word_1_404" title="bbox 2414 6275 2625 6343; x_wconf 90" lang="ita" dir="ltr" xml:lang="ita">sopra</span>
            <span class="ocrx_word" id="word_1_405" title="bbox 2679 6253 2702 6321; x_wconf 90" lang="ita" dir="ltr" xml:lang="ita">i</span>
            <span class="ocrx_word" id="word_1_406" title="bbox 2759 6253 2966 6322; x_wconf 91" lang="ita" dir="ltr" xml:lang="ita">motti</span>
            <span class="ocrx_word" id="word_1_407" title="bbox 3023 6275 3062 6322; x_wconf 97" lang="ita" dir="ltr" xml:lang="ita">e</span>
            <span class="ocrx_word" id="word_1_408" title="bbox 3118 6253 3141 6321; x_wconf 90" lang="ita" dir="ltr" xml:lang="ita">i</span>
            <span class="ocrx_word" id="word_1_409" title="bbox 3199 6253 3481 6343; x_wconf 90" lang="ita" dir="ltr" xml:lang="ita">disegni</span>
            <span class="ocrx_word" id="word_1_410" title="bbox 3539 6253 3816 6322; x_wconf 90" lang="ita" dir="ltr" xml:lang="ita">d’arme</span>
            <span class="ocrx_word" id="word_1_411" title="bbox 3873 6275 3912 6322; x_wconf 97" lang="ita" dir="ltr" xml:lang="ita">e</span>
            <span class="ocrx_word" id="word_1_412" title="bbox 3969 6253 4296 6322; x_wconf 90" lang="ita" dir="ltr" xml:lang="ita">d’amore</span>
            <span class="ocrx_word" id="word_1_413" title="bbox 4353 6253 4487 6322; x_wconf 98" lang="ita" dir="ltr" xml:lang="ita">che</span>
          </span>
          <span class="ocr_line" id="line_1_44" title="bbox 713 6368 4486 6458; baseline 0 -21">
            <span class="ocrx_word" id="word_1_414" title="bbox 713 6379 1268 6437; x_wconf 95" lang="ita" dir="ltr" xml:lang="ita">comunemente</span>
            <span class="ocrx_word" id="word_1_415" title="bbox 1314 6368 1696 6437; x_wconf 90" lang="ita" dir="ltr" xml:lang="ita">chiamano</span>
            <span class="ocrx_word" id="word_1_416" title="bbox 1742 6368 2075 6458; x_wconf 90" lang="ita" dir="ltr" xml:lang="ita">imprese,</span>
            <span class="ocrx_word" id="word_1_417" title="bbox 2125 6390 2264 6437; x_wconf 95" lang="ita" dir="ltr" xml:lang="ita">con</span>
            <span class="ocrx_word" id="word_1_418" title="bbox 2307 6390 2404 6437; x_wconf 95" lang="ita" dir="ltr" xml:lang="ita">un</span>
            <span class="ocrx_word" id="word_1_419" title="bbox 2450 6368 2778 6437; x_wconf 91" lang="ita" dir="ltr" xml:lang="ita">discorso</span>
            <span class="ocrx_word" id="word_1_420" title="bbox 2824 6368 2896 6437; x_wconf 91" lang="ita" dir="ltr" xml:lang="ita">di</span>
            <span class="ocrx_word" id="word_1_421" title="bbox 2942 6368 3319 6437; x_wconf 90" lang="ita" dir="ltr" xml:lang="ita">Girolamo</span>
            <span class="ocrx_word" id="word_1_422" title="bbox 3364 6368 3688 6437; x_wconf 91" lang="ita" dir="ltr" xml:lang="ita">Ruscelli</span>
            <span class="ocrx_word" id="word_1_423" title="bbox 3733 6368 4017 6437; x_wconf 90" lang="ita" dir="ltr" xml:lang="ita">intorno</span>
            <span class="ocrx_word" id="word_1_424" title="bbox 4064 6368 4207 6437; x_wconf 90" lang="ita" dir="ltr" xml:lang="ita">allo</span>
            <span class="ocrx_word" id="word_1_425" title="bbox 4255 6379 4486 6437; x_wconf 97" lang="ita" dir="ltr" xml:lang="ita">stesso</span>
          </span>
        </p>
      </div>
      <div class="ocr_carea" id="block_1_20" title="bbox 521 6604 4439 6608">
        <p class="ocr_par" dir="ltr" id="par_1_24" title="bbox 521 6604 4439 6608">
          <span class="ocr_line" id="line_1_45" title="bbox 521 6604 4439 6608; baseline 0 0">
            <span class="ocrx_word" id="word_1_426" title="bbox 521 6604 4439 6608; x_wconf 95" lang="ita" dir="ltr" xml:lang="ita"> </span>
          </span>
        </p>
      </div>
      <div class="ocr_carea" id="block_1_21" title="bbox 2171 6637 2791 6710">
        <p class="ocr_par" dir="ltr" id="par_1_25" title="bbox 2171 6637 2791 6710">
          <span class="ocr_line" id="line_1_46" title="bbox 2171 6637 2791 6710; baseline 0 -16">
            <span class="ocrx_word" id="word_1_427" title="bbox 2171 6657 2347 6694; x_wconf 88" lang="ita" dir="ltr" xml:lang="ita">WWW.</span>
            <span class="ocrx_word" id="word_1_428" title="bbox 2358 6637 2734 6710; x_wconf 78" lang="ita" dir="ltr" xml:lang="ita">memofonte.</span>
            <span class="ocrx_word" id="word_1_429" title="bbox 2748 6639 2766 6694; x_wconf 98" lang="ita" dir="ltr" xml:lang="ita">i</span>
            <span class="ocrx_word" id="word_1_430" title="bbox 2770 6648 2791 6694; x_wconf 78" lang="ita" dir="ltr" xml:lang="ita">t</span>
          </span>
        </p>
      </div>
    </div>
  </body>
</html>
