4958 7017
1981 864 2366 922 Fondazione
2390 864 2775 922 Memofonte
2800 865 2976 922 onlus

1390 960 1600 1018 Studio
1624 979 1731 1035 per
1754 960 2226 1018 l’elaborazione
2250 960 2632 1018 informatica
2655 961 2813 1018 delle
2838 960 2991 1018 fonti
3018 960 3571 1018 storico—artistiche

483 1347 690 1416 1577.
729 1349 1219 1416 BATTAGLINI
1248 1348 1424 1416 Can.
1463 1347 1775 1437 Angelo,
1813 1347 2353 1416 Dissertazione
2390 1347 2501 1416 sul
2536 1347 2979 1416 commercio
3015 1347 3210 1437 degli
3247 1347 3513 1416 antichi
3549 1369 3588 1416 e
3622 1347 3950 1416 moderni
3985 1347 4214 1429 librai,
4252 1349 4489 1416 Roma

721 1463 929 1544 1787,
962 1462 1036 1530 in
1064 1463 1132 1544 4,
1164 1464 1270 1531 M.
1303 1463 1420 1531 44.

483 1673 690 1742 1578.
743 1675 973 1742 BAUR
1016 1673 1305 1742 Giovan
1354 1673 1797 1763 Guglielmo,
1852 1674 1924 1758 (a
1970 1675 2058 1742 D.
2111 1673 2334 1742 Paolo
2384 1673 2651 1742 Orsino
2700 1675 2908 1742 Duca
2955 1673 3027 1742 di
3076 1673 3475 1742 Bracciano
3524 1684 3663 1742 tav.
3716 1675 3804 1742 D.
3857 1674 3980 1758 D.)
4032 1673 4366 1742 Costumi
4415 1673 4487 1742 di

713 1788 996 1857 diverse
1032 1788 1322 1857 nazioni
1358 1810 1425 1878 p.
1466 1788 1540 1856 in
1580 1789 1643 1870 8,
1692 1788 1900 1870 1636,
1949 1789 2035 1856 12
2071 1788 2312 1857 tavole
2349 1788 2681 1878 originali
2721 1810 2761 1857 a
2796 1788 2912 1857 cui
2952 1810 3133 1857 sono
3169 1788 3366 1857 unite
3404 1788 3630 1857 anche
3666 1788 3735 1857 le
3771 1788 4262 1878 riproduzioni
4300 1788 4488 1857 delle

715 1914 941 1972 stesse
969 1903 1382 1993 pubblicate
1411 1903 1603 1972 nella
1632 1903 2072 1993 calcografia
2100 1903 2172 1972 di
2201 1903 2537 1972 Mariette
2566 1903 2618 1971 il
2647 1903 2859 1993 figlio
2888 1925 3014 1993 per
3042 1925 3261 1993 opera
3289 1903 3361 1972 di
3391 1905 3463 1972 F.
3497 1905 3574 1972 L.
3608 1905 3696 1972 D.
3732 1903 4063 1972 Ciartres.

714 2015 796 2072 Su
820 2015 1019 2089 legato
1044 2015 1381 2089 nell’opera
1404 2015 1562 2072 delle
1585 2014 1869 2089 battaglie
1894 2014 1955 2072 di
1979 2016 2155 2072 Baur.

479 2229 686 2299 1579.
720 2231 994 2297 BAYFII
1017 2229 1290 2311 Lazari,
1323 2231 1436 2298 De
1465 2251 1539 2298 re
1568 2229 1830 2311 navali,
1864 2229 1953 2298 de
1982 2251 2056 2298 re
2086 2229 2422 2298 vestiaria
2452 2240 2521 2298 et
2549 2229 2638 2298 de
2667 2229 2984 2298 vasculis
3017 2229 3494 2319 antiquorum:
3529 2229 3803 2298 Addito
3832 2229 4134 2298 Antonii
4164 2229 4487 2319 Thylesii

712 2344 1001 2413 libellus
1033 2344 1122 2413 de
1152 2344 1540 2426 coloribus,
1573 2344 1862 2413 Parisiis
1902 2344 2110 2426 1563,
2143 2344 2217 2412 in
2245 2345 2313 2426 4,
2346 2344 2498 2434 fig.,
2532 2366 2621 2413 ex
2652 2344 2959 2413 officina
2986 2344 3169 2413 Rob.
3205 2344 3569 2434 Stephani.

711 2457 795 2513 Le
820 2456 1006 2513 molte
1030 2456 1230 2513 tavole
1254 2455 1317 2512 in
1341 2456 1521 2530 legno
1547 2455 1608 2513 di
1631 2456 1793 2513 bella
1816 2455 2177 2513 esecuzione
2202 2455 2466 2530 fraposte
2492 2456 2547 2513 al
2571 2464 2724 2513 testo
2749 2456 3019 2513 rendono
3045 2455 3246 2513 chiara
3269 2455 3706 2530 l’intelligenza
3729 2455 3790 2513 di
3815 2464 4023 2530 queste
4048 2455 4257 2513 ottime
4282 2474 4481 2530 opere.

487 2650 694 2719 1580.
753 2652 1027 2718 BAYFII
1075 2650 1347 2732 Lazari,
1405 2652 1518 2719 De
1572 2650 1888 2719 vasculis
1944 2650 2233 2719 libellus
2291 2650 2996 2719 adolescentulorum
3050 2672 3269 2719 causa
3322 2672 3411 2719 ex
3466 2650 3732 2740 Bayfio
3788 2650 4188 2740 decerptus,
4248 2650 4488 2719 addita

712 2765 989 2855 vulgari
1019 2765 1400 2834 latinarum
1428 2787 1697 2834 vocum
1720 2765 2319 2855 interpretatione,
2352 2765 2605 2855 Lugd.,
2639 2765 3066 2855 Gryphium,
3108 2765 3316 2847 1536,
3349 2765 3423 2833 in
3456 2766 3518 2834 8.

485 2978 578 3066 [p.
613 2977 784 3059 273]

487 3187 694 3256 1581.
733 3189 1212 3269 BEAUMONT,
1245 3187 1841 3277 L’enciclopedie
1875 3187 2337 3277 Perruquiere
2374 3188 2414 3256 à
2447 3187 2732 3277 l’usage
2767 3187 2857 3256 de
2890 3198 3087 3256 toute
3125 3198 3312 3256 sorte
3348 3187 3437 3256 de
3471 3188 3672 3269 tètes,
3711 3187 4028 3256 enrichie
4063 3187 4153 3256 de
4187 3187 4482 3277 figures,

712 3302 906 3371 Paris
946 3302 1154 3384 1757,
1187 3302 1261 3370 in
1294 3303 1356 3371 8.

707 3414 842 3471 Con
865 3413 942 3471 45
970 3414 1170 3471 tavole
1196 3413 1672 3488 all’acquaforte,
1700 3413 1936 3471 libretto
1962 3413 2023 3471 di
2048 3413 2302 3488 qualche
2325 3413 2516 3471 rarità.

487 3609 694 3678 1582.
741 3611 1186 3678 BECCHETTI
1221 3609 1506 3699 Filippo
1548 3609 1931 3699 Angelico,
1977 3611 2258 3678 Lettera
2301 3631 2513 3699 sopra
2553 3609 2576 3677 i
2620 3609 2913 3699 giuochi
2957 3609 3261 3678 circensi
3305 3609 3643 3678 celebrati
3687 3609 3778 3678 da
3817 3611 4059 3678 Nerva
4100 3631 4139 3678 e
4184 3631 4395 3699 sopra
4435 3609 4487 3677 il

713 3724 1156 3793 commercio
1187 3724 1381 3814 degli
1413 3724 1678 3793 antichi
1709 3724 2043 3806 Romani,
2076 3726 2313 3793 Roma
2349 3725 2557 3806 1784,
2594 3725 2657 3806 8,
2689 3726 2795 3793 M.
2830 3724 2945 3793 60.

712 3836 847 3893 Con
870 3854 951 3893 un
975 3835 1360 3910 medaglione
1384 3835 1695 3910 intagliato
1720 3835 1782 3892 in
1804 3854 1985 3893 rame.

487 4049 694 4118 1583.
734 4051 1135 4117 BELLEZZE
1165 4049 1254 4118 de
1288 4049 1558 4118 recami
1595 4060 1664 4118 et
1698 4049 2057 4139 dessegni,
2097 4071 2316 4139 opera
2349 4071 2542 4118 nova
2575 4071 2721 4118 non
2756 4071 2924 4118 men
2957 4049 3151 4118 bella
3185 4049 3318 4118 che
3352 4049 3528 4118 utile
3564 4071 3603 4118 e
3638 4049 4046 4118 necessaria
4081 4060 4150 4118 et
4183 4071 4329 4118 non
4363 4049 4488 4139 più

712 4164 976 4233 veduta
1003 4164 1077 4232 in
1106 4164 1289 4246 luce,
1322 4164 1648 4233 Venezia
1684 4164 1892 4233 1558.
1927 4165 2138 4233 Carte
2168 4165 2262 4233 20
2293 4164 2365 4233 di
2394 4164 2666 4233 ricami.

710 4322 809 4327 —
842 4279 897 4347 Il
926 4282 1180 4348 Monte
1215 4280 1456 4369 Opera
1487 4301 1679 4348 nova
1712 4279 1784 4348 di
1817 4279 2084 4348 recami
2119 4279 2308 4348 dove
2340 4279 2658 4348 trovansi
2692 4279 2887 4348 varie
2920 4290 3188 4348 mostre
3222 4279 3294 4348 di
3327 4290 3551 4369 punto
3585 4279 3659 4347 in
3693 4301 3873 4361 aere,
3910 4279 4236 4348 Venezia
4276 4279 4484 4361 1557,

713 4405 901 4463 carte
939 4394 1046 4463 16.

710 4552 809 4557 —
837 4511 937 4578 Le
965 4512 1239 4597 Pompe
1270 4510 1512 4599 Opera
1539 4531 1731 4578 nova
1758 4531 1884 4599 per
1911 4509 2020 4578 far
2048 4509 2365 4578 cordelle
2395 4509 2627 4591 d’oro,
2661 4509 2733 4578 di
2767 4520 2936 4591 seta,
2970 4509 3042 4578 di
3072 4509 3228 4591 filo,
3262 4531 3391 4591 ec.,
3424 4509 3750 4578 Venezia
3787 4509 3995 4591 1657,
4029 4520 4217 4578 carte
4255 4509 4362 4578 16.

710 4667 809 4672 —
841 4626 947 4693 Lo
981 4624 1382 4712 Splendore
1417 4624 1606 4693 delle
1640 4624 1959 4693 virtuose
1994 4624 2287 4714 giovani
2323 4646 2462 4693 con
2495 4624 2691 4693 varie
2725 4635 2993 4693 mostre
3027 4624 3099 4693 di
3133 4624 3467 4714 fogliami
3503 4646 3542 4693 e
3574 4624 3777 4714 punti
3811 4624 3885 4692 in
3920 4646 4101 4706 aere,
4138 4624 4483 4706 Venezia,

711 4761 837 4829 per
865 4741 1125 4829 Iseppo
1155 4741 1451 4808 Foresto
1481 4739 1555 4807 in
1585 4739 1768 4808 calle
1798 4739 2211 4829 dell’acqua
2240 4761 2280 4808 a
2309 4740 2379 4808 S.
2413 4739 2670 4808 Zulian
2701 4739 3135 4829 all’insegna
3163 4739 3281 4808 del
3310 4739 3738 4829 Pellegrino,
3781 4739 3989 4821 1558,
4023 4750 4211 4808 carte
4249 4739 4356 4808 16.

710 4897 809 4902 —
852 4856 953 4923 Le
1000 4854 1259 4924 Gloria
1305 4868 1375 4923 et
1418 4854 1442 4923 l
1457 4854 1756 4923 ’honore
1802 4854 1915 4923 de’
1967 4854 2169 4944 ponti
2213 4854 2487 4944 tagliati
2533 4865 2602 4923 et
2643 4854 2846 4944 ponti
2891 4854 2965 4922 in
3011 4876 3191 4936 aere,
3239 4854 3584 4936 Venezia,
3631 4876 3758 4944 per
3799 4854 4084 4923 Mathio
4129 4856 4369 4944 Pagan
4413 4854 4487 4922 in

711 4969 1081 5038 Frezzeria
1110 4969 1176 5038 al
1208 4991 1433 5059 segno
1464 4969 1656 5038 della
1683 4969 1894 5051 Fede,
1936 4969 2068 5038 155
2081 4970 2144 5051 8,
2186 4969 2272 5038 16
2304 4980 2513 5038 carte.

710 5127 809 5132 —
846 5085 1138 5173 Trionfo
1172 5084 1247 5153 di
1287 5086 1482 5154 Virtù
1516 5084 1734 5153 Libro
1769 5106 1964 5153 novo
2000 5084 2091 5153 da
2124 5084 2340 5166 cucir,
2379 5106 2518 5153 con
2553 5084 2910 5174 fogliami,
2947 5084 3149 5174 ponti
3186 5106 3226 5153 a
3258 5084 3392 5166 fili,
3429 5084 3631 5174 ponti
3667 5084 3960 5153 cruciati
3996 5106 4125 5166 ec.,
4164 5084 4490 5153 Venezia

721 5199 929 5281 1559,
971 5199 1057 5268 16
1088 5210 1296 5268 carte.

710 5357 809 5362 —
842 5316 919 5382 In
952 5314 1124 5383 fine:
1161 5317 1453 5395 Burato,
1496 5317 1731 5403 questi
1764 5338 1948 5383 sono
1982 5328 2272 5403 quattro
2289 5314 2613 5403 foglietti
2647 5338 2784 5383 con
2817 5328 3085 5383 mostre
3118 5314 3193 5383 di
3228 5314 3371 5383 tela
3406 5314 3661 5383 chiara
3695 5338 3740 5383 a
3773 5314 4136 5403 quadretti
4160 5338 4302 5402 per
4314 5315 4487 5403 fare

713 5453 934 5517 opere
967 5429 1042 5498 di
1066 5443 1298 5517 punto
1336 5432 1406 5498 in
1440 5432 1641 5499 varie
1677 5429 2070 5517 larghezze,
2114 5453 2247 5499 ove
2283 5453 2321 5498 e
2354 5429 2684 5498 marcala
2718 5429 3269 5517 gradatamente
3305 5429 3592 5517 l’opera
3618 5431 3751 5517 più
3786 5453 3830 5498 o
3863 5453 4076 5498 meno
4093 5430 4267 5518 fitta
4302 5453 4340 5498 e
4375 5443 4487 5498 sta

715 5547 785 5613 in
814 5568 999 5632 gran
1030 5547 1375 5613 caratteri
1404 5568 1449 5613 a
1482 5558 1674 5613 retro
1703 5544 2138 5613 dell’ultima
2159 5547 2457 5632 pagina,
2494 5547 2569 5613 P.
2600 5544 2796 5613 Alex.
2832 5547 3007 5632 Pag.
3042 5547 3506 5613 Benacenses
3535 5547 3613 5613 F.
3645 5547 3849 5613 Berta
3885 5547 3952 5614 V.
3996 5547 4063 5614 V.

711 5655 870 5713 Tutti
901 5655 1095 5730 questi
1126 5655 1404 5730 opuscoli
1436 5655 1617 5730 legati
1648 5674 1711 5712 m
1739 5674 1819 5713 un
1850 5656 2112 5713 volume.
2146 5655 2263 5713 Nei
2294 5655 2517 5713 diversi
2549 5655 2901 5730 frontespizi
2931 5655 3177 5713 indicati
3211 5674 3361 5713 sono
3393 5655 3588 5730 figure
3619 5655 3680 5713 di
3709 5655 4048 5713 bellissimo
4080 5655 4334 5730 disegno
4366 5674 4399 5713 e
4430 5656 4486 5713 le

712 5760 977 5826 operette
1005 5760 1167 5819 tutte,
1197 5751 1412 5809 riunite
1440 5751 1503 5808 in
1531 5760 1745 5826 questo
1773 5751 2079 5809 rarissimo
2109 5752 2461 5819 volumetto,
2492 5751 2535 5808 il
2562 5751 2667 5826 più
2694 5752 2858 5809 bello
2888 5751 2999 5809 che
3028 5751 3089 5809 di
3117 5752 3197 5809 tal
3226 5770 3444 5826 genere
3473 5752 3550 5809 da
3576 5751 3679 5809 noi
3710 5751 3759 5809 si
3788 5770 4070 5819 conosca,
4102 5760 4486 5826 contengono

719 5848 833 5905 104
871 5856 1028 5905 carte
1065 5848 1214 5905 oltre
1251 5866 1285 5905 a
1320 5848 1440 5905 200
1477 5848 1677 5905 tavole
1713 5847 2179 5922 elegantissime.
2219 5848 2567 5922 Esemplare
2604 5847 2665 5905 di
2700 5847 3037 5905 bellissima
3072 5847 3561 5905 conservazione.
3601 5847 3761 5905 Vedi
3802 5847 4090 5915 Vineiolo,
4132 5850 4480 5915 Passerotti,

716 5946 1068 6001 Vavassore.

483 6138 690 6207 1584.
733 6140 1109 6207 BELLONII
1142 6138 1570 6220 Cenomani,
1612 6140 1724 6207 De
1765 6138 2197 6207 ammirabili
2237 6160 2454 6228 opere
2495 6138 2951 6228 antiquorum
2989 6149 3058 6207 et
3093 6160 3330 6207 rerum
3370 6138 3992 6228 suscipiendarum
4028 6138 4479 6228 praestantia:

713 6253 802 6322 de
844 6275 962 6322 me
1012 6255 1105 6343 [p.
1153 6254 1324 6336 274]
1375 6253 1613 6322 dicato
1656 6253 1928 6335 funere,
1978 6275 2104 6322 seu
2148 6253 2498 6322 cadavere
2542 6253 2837 6322 condito
2881 6264 2950 6322 et
2991 6253 3080 6322 de
3123 6253 3673 6322 medicamentis
3717 6253 4107 6335 nonnullis,
4156 6253 4486 6322 servandi

713 6368 1083 6437 cadaveris
1125 6368 1278 6437 vim
1318 6368 1829 6450 obtinentibus,
1873 6368 2035 6437 libri
2075 6379 2237 6437 tres:
2286 6368 2565 6437 accedit
2604 6368 2693 6437 de
2736 6368 3105 6437 arboribus
3148 6368 3514 6450 coniferis,
3557 6368 3952 6437 resiniferis
3995 6379 4152 6450 etc.,
4196 6368 4486 6437 Parisiis

2171 6657 2347 6694 WWW.
2358 6637 2734 6710 memofonte.
2748 6639 2791 6694 it
