4958 7017
1981 864 2366 922 Fondazione
2390 838 2775 922 Memofonte
2800 865 2976 922 onlus

1390 960 1600 1018 Studio
1624 979 1731 1035 per
1754 960 2226 1018 l’elaborazione
2250 960 2632 1018 informatica
2655 961 2813 1018 delle
2838 960 2991 1018 fonti
3018 960 3571 1018 storico—artistiche

483 1247 631 1305 Gori
655 1248 793 1305 Ant.
821 1249 931 1315 Fr.,
959 1249 1158 1305 Storia
1183 1250 1531 1321 antiquaria
1558 1259 1816 1315 etrusca,
1844 1247 2024 1305 2587.

483 1391 631 1449 Gori
655 1392 793 1449 Ant.
821 1393 931 1459 Fr.,
962 1392 1302 1449 Thesaurus
1326 1411 1698 1465 gemmarum
1722 1392 2158 1465 astriferarum,
2186 1391 2367 1450 2869.

483 1535 631 1593 Gori
655 1536 793 1593 Ant.
821 1537 931 1603 Fr.,
956 1535 1422 1609 Dactyliotheca
1448 1536 1800 1603 Smithiana,
1828 1536 2008 1593 2870.

483 1679 631 1737 Gori
655 1680 793 1737 Ant.
821 1681 931 1747 Fr.,
956 1682 1352 1743 Descrizione
1377 1679 1540 1737 della
1566 1679 1848 1753 cappella
1873 1680 1936 1737 di
1960 1681 2010 1737 S.
2037 1681 2363 1747 Antonino,
2389 1680 2570 1737 4020.

483 1822 631 1880 Gori
655 1823 793 1880 Ant.
821 1824 931 1890 Fr.,
956 1825 1414 1880 Monumentum
1438 1825 1563 1880 sive
1589 1822 2030 1880 columbarium
2056 1822 2407 1880 libertorum
2433 1834 2564 1890 etc.,
2594 1822 2772 1880 3750.

483 1966 631 2024 Gori
657 1966 794 2024 Gio.
824 1966 1187 2034 Gandellini,
1211 1969 1446 2030 Notizie
1471 1967 1736 2024 storiche
1761 1966 1926 2040 degli
1952 1966 2343 2040 intagliatori,
2371 1967 2552 2034 2281,
2580 1966 2718 2024 260.

483 2110 631 2168 Gori
655 2112 902 2185 Jacopo,
929 2112 1128 2168 Storia
1153 2110 1316 2168 della
1342 2112 1485 2168 città
1509 2111 1572 2168 di
1599 2111 1827 2178 Chiusi,
1855 2110 2035 2168 2588.

487 2399 565 2472 [p.
593 2399 777 2467 XXXV]

483 2686 723 2753 Gorlée,
754 2686 1014 2743 Cabinet
1035 2686 1110 2743 de
1127 2688 1366 2759 pierres
1390 2688 1688 2759 antiques,
1716 2686 1896 2743 2872.

483 2829 723 2896 Gorlée,
748 2828 1214 2902 Dactyliotheca
1239 2848 1346 2886 seu
1370 2828 1733 2886 annulorum
1757 2828 2119 2902 sigillarium
2145 2840 2276 2896 etc.,
2304 2829 2484 2886 2871.

483 2972 731 3040 Gottelf,
762 2974 888 3030 Cat.
920 2973 1000 3030 du
1026 2973 1156 3030 cab.
1188 2973 1267 3030 du
1292 2975 1459 3030 sieur
1478 2975 1563 3030 Je.
1599 2974 1944 3040 Casanova,
1970 2972 2151 3030 4554.

483 3116 705 3191 Gongh
728 3116 1007 3184 Richard,
1035 3116 1395 3190 Sepulchral
1417 3128 1811 3184 monuments,
1838 3117 2019 3174 4021.

483 3261 786 3335 Gournay,
812 3260 1054 3334 Egalite'
1075 3261 1183 3318 des
1208 3261 1477 3318 hommes
1504 3272 1562 3318 et
1583 3261 1691 3318 des
1702 3261 1979 3334 femmes,
2009 3261 2188 3318 3231.

483 3404 658 3461 Gouz
683 3404 758 3461 de
784 3404 1065 3471 Gerland,
1090 3406 1185 3461 De
1212 3403 1498 3477 l’origine
1523 3404 1598 3461 de
1625 3403 1684 3461 la
1710 3403 1848 3461 ville
1873 3404 1948 3461 de
1971 3406 2177 3477 Dijon,
2204 3404 2385 3461 4022.

483 3547 677 3605 Gozzi
703 3548 908 3622 Gasp.,
933 3549 1139 3605 L’arte
1164 3547 1327 3605 della
1345 3550 1588 3621 pittura,
1613 3567 1858 3621 poema,
1885 3548 2023 3606 988.

483 3692 748 3749 Granera
772 3691 909 3749 Gio.
940 3691 1106 3759 Stef,
1128 3692 1435 3749 Antichità
1462 3711 1493 3749 e
1519 3694 1755 3765 origine
1780 3692 1843 3749 di
1864 3694 2075 3759 Roma,
2105 3691 2283 3749 3751.

484 3836 699 3893 Grand
723 3835 830 3907 (le)
855 3836 1227 3909 description
1252 3836 1327 3893 de
1351 3838 1546 3903 Paris,
1573 3836 1755 3893 4288.

483 3978 857 4046 Grandidier,
882 3981 977 4036 De
1004 3978 1063 4036 la
1089 3978 1440 4036 cathédrale
1465 3979 1540 4036 de
1566 3979 1918 4052 Strasboug,
1945 3979 2126 4036 4023.

483 4122 770 4197 Grapaldi
794 4124 904 4190 Fr.,
929 4125 1024 4180 De
1042 4123 1323 4196 partibus
1347 4123 1607 4190 aedium,
1636 4122 1774 4190 518,
1803 4122 1941 4190 519,
1970 4122 2108 4190 520,
2136 4122 2274 4190 521,
2303 4122 2440 4180 522.

483 4266 737 4324 Gratioli
761 4268 904 4334 Pet,
929 4269 1024 4324 De
1042 4266 1388 4340 praeclaris
1410 4266 1753 4324 Mediolani
1776 4267 2095 4340 aedificiis,
2122 4267 2304 4324 4240.

483 4411 764 4468 Gravelle
791 4411 938 4481 (de),
963 4410 1214 4468 Re’cueil
1236 4411 1311 4468 de
1328 4413 1567 4484 pierres
1591 4413 1889 4484 antiques,
1917 4411 2097 4468 2873.

483 4553 764 4611 Graziani
790 4553 949 4621 Gio.,
974 4556 1370 4617 Descrizione
1395 4553 1558 4611 della
1584 4555 1727 4611 città
1752 4554 1815 4611 di
1842 4554 2108 4621 Ceneda,
2134 4553 2315 4611 4186.

483 4697 690 4755 Grevii
714 4699 744 4755 ]
752 4746 761 4755 .
791 4698 970 4755 Geor.
999 4706 1057 4755 et
1081 4697 1394 4765 Gronovii,
1425 4698 1765 4755 Thesaurus
1789 4700 1997 4771 antiq.,
2024 4698 2204 4755 2488.

483 4841 773 4916 Grignani
798 4842 968 4909 Lud.,
994 4844 1255 4915 Eseguie
1280 4841 1381 4899 del
1404 4842 1565 4899 card.
1597 4842 1677 4899 da
1700 4844 1934 4915 Bagno,
1969 4842 2142 4900 1449.

504 4985 799 5043 Grimaldi
823 4987 1025 5053 Dom.,
1050 4985 1194 5043 Dell
1207 4987 1544 5043 ’economia
1570 4985 1806 5043 olearia
1831 4988 2054 5053 antica,
2089 4985 2262 5043 1665.

483 5128 796 5186 Grimaldo
821 5130 909 5186 Fr.
937 5130 1042 5196 M.,
1072 5131 1167 5186 De
1194 5128 1429 5196 lumine,
1462 5128 1772 5186 coloribus
1798 5140 1856 5186 et
1880 5129 2049 5196 iride,
2084 5129 2216 5186 137.

483 5272 727 5347 Grippis
755 5273 902 5343 (de),
927 5275 1022 5330 De
1047 5275 1472 5346 superstitione
1499 5284 1557 5330 et
1579 5272 1834 5330 vinculis
1858 5273 2295 5340 demoniorum,
2322 5273 2503 5330 4710.

483 5416 741 5474 Grisone
765 5417 926 5484 Fed.,
956 5416 1057 5474 Gli
1081 5417 1282 5474 ordini
1305 5416 1406 5474 del
1429 5416 1772 5484 cavalcare,
1799 5416 1980 5474 4608.

483 5560 740 5617 Grobert
762 5561 825 5627 I.,
850 5562 1241 5633 Description
1266 5560 1374 5617 des
1391 5560 1728 5633 piramides
1752 5560 1827 5617 de
1855 5560 2061 5627 Ghize,
2089 5559 2269 5617 2523.

483 5703 834 5761 Grohmann
857 5705 887 5761 ]
895 5752 904 5761 .
934 5704 1028 5771 G.,
1053 5703 1304 5761 Re’cueil
1326 5704 1401 5761 de
1426 5704 1699 5761 desseins
1725 5715 1856 5771 etc.,
1885 5703 2023 5761 523.

483 5847 778 5905 Gronovii
802 5847 977 5915 Frid.,
1002 5850 1070 5905 In
1095 5847 1331 5921 aliquot
1351 5847 1534 5905 Plinii
1559 5847 1655 5905 lib.
1687 5859 1888 5915 notae,
1917 5848 2095 5905 3232.

483 5991 778 6049 Gronovii
802 5993 945 6059 Jac.,
970 5994 1065 6049 De
1091 5994 1327 6065 origine
1350 5991 1607 6059 Romuli,
1637 5991 1815 6049 3752.

483 6135 733 6209 Groppo
757 6135 916 6202 Ant.,
941 6137 1268 6198 Dissertaz.
1303 6137 1361 6192 in
1386 6137 1636 6192 materie
1661 6135 1703 6192 d
1715 6135 2043 6202 ’antichità,
2073 6135 2250 6192 3233.

483 6279 677 6336 Grose
701 6280 811 6346 Fr.,
833 6280 1237 6352 Antiquarian
1265 6290 1591 6352 repertory,
1626 6278 1799 6336 1666.

483 6423 677 6480 Grose
701 6424 811 6490 Fr.,
837 6425 1154 6496 Principes
1178 6423 1253 6480 de
1279 6425 1639 6490 caricature,
1669 6422 1806 6480 326.

2171 6657 2347 6694 WWW.
2358 6637 2734 6710 memofonte.
2748 6639 2791 6694 it
