4958 7017
1981 864 2366 922 Fondazione
2390 864 2775 922 Memofonte
2800 865 2976 922 onlus

1390 960 1600 1018 Studio
1624 979 1731 1035 per
1754 960 2226 1018 l’elaborazione
2250 960 2632 1018 informatica
2655 961 2813 1018 delle
2838 960 2991 1018 fonti
3018 960 3571 1018 storico—artistiche

705 1248 1076 1305 renderanno
1105 1247 1295 1305 anche
1320 1266 1450 1305 rara
1475 1247 1805 1305 l’edizione
1832 1247 1893 1305 di
1920 1248 2324 1322 quest’opera,
2354 1247 2465 1305 che
2493 1248 2646 1305 vede
2673 1248 2732 1305 la
2757 1248 2891 1305 luce
2917 1266 3024 1322 per
3049 1248 3107 1305 la
3130 1247 3325 1322 prima
3351 1248 3515 1305 volta
3540 1248 3741 1305 mercè
3768 1248 3824 1305 le
3851 1266 3991 1305 cure
4018 1248 4116 1305 del
4143 1247 4485 1305 dottissimo

707 1343 1089 1401 orientalista.
1117 1344 1165 1400 Il
1190 1344 1436 1401 volume
1461 1344 1494 1401 e
1519 1352 1838 1418 composto
1864 1344 1941 1401 da
1963 1344 2040 1401 43
2068 1343 2343 1418 foglietti.

476 1536 655 1593 3118.
682 1537 952 1593 JENKINS
978 1537 1327 1603 Tommaso,
1355 1536 1651 1610 Catalogo
1677 1535 1738 1593 di
1762 1535 2137 1593 monumenti
2165 1535 2348 1593 scritti
2373 1536 2471 1593 del
2499 1554 2607 1593 suo
2633 1554 2864 1603 museo,
2891 1537 3089 1593 Roma
3119 1536 3294 1603 1787,
3321 1535 3383 1592 in
3406 1536 3463 1603 4,
3489 1537 3577 1593 M.
3606 1536 3704 1603 23,
3731 1536 3828 1593 27.

708 1632 937 1703 Questo
963 1632 996 1689 e
1021 1632 1284 1689 l’elenco
1310 1632 1468 1689 delle
1491 1631 1767 1706 preziose
1791 1631 2097 1689 iscrizioni
2122 1632 2220 1689 del
2245 1650 2458 1689 museo
2484 1631 2545 1689 di
2570 1640 2783 1706 questo
2808 1631 3044 1706 insigne
3069 1632 3145 1689 ed
3170 1631 3585 1689 accortissimo
3609 1631 4023 1706 raccoglitore.

476 1823 655 1881 3119.
700 1824 1120 1880 INSCRIZIONE
1159 1822 1259 1897 pei
1301 1822 1732 1897 quinquennali
1775 1822 1836 1880 di
1878 1823 2193 1880 Clemente
2235 1824 2348 1879 XII
2390 1822 2661 1897 eseguita
2703 1823 2794 1880 sul
2836 1823 3082 1880 metodo
3125 1823 3283 1880 delle
3326 1822 3562 1880 famose
3603 1823 3804 1880 tavole
3846 1822 3907 1880 di
3948 1823 4250 1890 Narbona,
4295 1841 4411 1880 ove
4453 1823 4486 1880 è

707 1918 1130 1993 compendiata
1153 1919 1211 1976 la
1233 1918 1375 1976 Vita
1398 1919 1746 1993 d’Augusto
1772 1937 1805 1976 e
1830 1918 1928 1976 dei
1952 1918 2327 1976 monumenti
2352 1919 2450 1976 del
2475 1918 2739 1993 collegio
2765 1919 2860 1976 de’
2892 1918 3109 1976 fratelli
3134 1918 3360 1976 Arvali.
3388 1920 3487 1976 Un
3512 1918 3808 1993 foglietto,
3835 1920 3923 1976 M.
3952 1919 4049 1976 23.

476 2111 655 2168 3120.
712 2112 1203 2168 INSCRIPTIONES
1261 2110 1539 2185 antiquae
1591 2110 1880 2168 basilicae
1937 2110 2139 2168 Sancti
2192 2110 2361 2168 Pauli
2416 2111 2492 2168 ad
2545 2110 2709 2168 viam
2762 2110 3127 2178 Ostiensem,
3184 2112 3416 2168 Romae
3479 2110 3654 2178 1654,
3710 2110 3772 2167 in
3825 2110 3952 2178 fol.,
4010 2110 4489 2168 Christianorum

706 2206 1127 2281 inscriptiones
1152 2207 1293 2274 487,
1320 2206 1711 2264 Ethnicorum
1742 2207 1875 2274 174,
1904 2207 2171 2264 Graecae
2197 2206 2293 2274 56,
2321 2225 2438 2264 con
2461 2206 2647 2264 indici
2672 2225 2759 2264 ec.
2787 2208 2875 2264 M.
2907 2207 3001 2264 82.

476 2398 655 2455 3121.
694 2399 850 2455 LUPI
883 2397 1134 2455 Antonii
1169 2397 1420 2465 Mariae,
1458 2399 1526 2454 In
1561 2397 1747 2455 veteri
1783 2416 1998 2472 graeca
2031 2397 2422 2472 inscriptione
2460 2398 2718 2455 Severae
2754 2397 3008 2455 martiris
3045 2397 3418 2472 epitaphium
3450 2397 3748 2465 referenti,
3788 2397 4043 2472 aliisque
4079 2397 4486 2455 monumentis

706 2512 894 2568 nuper
917 2493 1185 2561 effossis,
1212 2493 1491 2551 Panormi
1523 2494 1698 2561 1734,
1724 2493 1786 2550 in
1809 2494 1866 2561 4,
1894 2493 1999 2568 fig.

711 2591 795 2647 Le
819 2590 1038 2657 tavole,
1066 2589 1177 2647 che
1204 2608 1461 2647 servono
1488 2608 1522 2647 a
1545 2590 1949 2664 quest’opera,
1979 2608 2129 2647 sono
2155 2589 2608 2664 copiosamente
2633 2589 2904 2664 disposte
2929 2589 3019 2647 fra
3041 2589 3084 2646 il
3108 2598 3261 2647 testo
3287 2608 3320 2647 e
3345 2608 3467 2647 non
3489 2589 3672 2664 pochi
3700 2608 3851 2647 sono
3876 2589 3896 2646 i
3921 2589 4296 2647 monumenti
4321 2589 4488 2664 quivi

706 2685 997 2743 illustrati.

476 2877 655 2934 3122.
690 2878 934 2934 LUPULI
964 2876 1289 2934 Michaelis
1322 2876 1707 2951 Archangeli,
1742 2878 1809 2933 In
1841 2876 2116 2934 mutilam
2147 2885 2413 2934 veterem
2444 2876 2951 2951 Corphiniensem
2980 2876 3453 2951 inscriptionem,
3490 2876 3975 2944 commentarius,
4010 2876 4271 2951 Neapoli
4311 2876 4485 2944 1786,

706 2972 768 3029 in
795 2973 848 3040 8,
876 2972 981 3047 fig.

476 3165 655 3222 3123.
708 3166 965 3221 MAFFEI
1016 3164 1241 3239 Scipio,
1294 3166 1584 3222 Museum
1633 3183 1983 3222 veronense.
2038 3166 2172 3222 Hoc
2224 3173 2314 3222 est
2364 3164 2741 3239 antiquarum
2789 3164 3251 3239 inscriptionum
3300 3173 3476 3239 atque
3529 3164 4006 3239 anaglyphorum
4055 3164 4337 3222 collectio
4389 3164 4487 3222 cui

706 3260 1062 3318 taurinensis
1089 3260 1445 3335 adjungitur,
1473 3269 1531 3318 et
1554 3260 2048 3328 vindobonensis,
2075 3262 2354 3318 Veronae
2386 3261 2561 3328 1749,
2588 3260 2650 3317 in
2674 3260 2802 3328 fol.,
2830 3260 2934 3335 fig.

706 3357 1009 3413 Immensa
1047 3356 1080 3413 e
1119 3356 1177 3413 la
1214 3355 1393 3430 copia
1430 3356 1588 3413 delle
1626 3355 1933 3413 iscrizioni
1970 3356 2232 3413 raccolte
2271 3374 2304 3413 e
2342 3355 2630 3413 illustrate
2669 3356 2747 3413 da
2784 3364 2996 3430 questo
3036 3355 3378 3413 dottissimo
3419 3356 3687 3413 letterato
3728 3374 3761 3413 e
3800 3355 4135 3413 distribuita
4171 3355 4234 3412 in
4272 3364 4485 3430 questo

707 3452 952 3509 volume
982 3453 1060 3526 [p.
1096 3452 1233 3521 102]
1263 3451 1324 3509 di
1349 3452 1498 3509 oltre
1523 3451 1643 3509 500
1666 3451 1884 3526 pagine
1909 3451 2187 3509 dedicato
2214 3470 2248 3509 a
2270 3452 2604 3509 Benedetto
2629 3453 2791 3509 XIV.
2819 3453 2903 3509 Le
2928 3451 3179 3526 copiose
3203 3452 3403 3509 tavole
3430 3470 3580 3509 sono
3605 3460 3751 3509 tutte
3776 3452 4073 3509 collocate
4098 3451 4188 3509 fra
4210 3451 4253 3508 il
4277 3460 4448 3509 testo.

476 3644 655 3701 3124.
701 3645 1104 3701 MALVASIAE
1146 3662 1275 3701 cav.
1322 3644 1520 3711 Caes.,
1565 3643 1743 3701 Aelia
1784 3643 1991 3701 Laelia
2032 3643 2263 3718 Crispis
2307 3662 2429 3701 non
2471 3652 2608 3701 nata
2647 3662 2982 3718 resurgens:
3031 3643 3332 3718 expositio
3376 3643 3606 3718 legalis.
3652 3645 3741 3701 Jo.
3787 3645 3936 3718 Bap.
3983 3644 4231 3701 Colbert
4272 3643 4485 3711 dicata,

706 3739 1022 3797 Bononiae
1054 3739 1229 3807 1683,
1256 3739 1318 3796 in
1341 3740 1397 3797 4.

703 3836 881 3893 Colla
903 3836 1105 3893 tavola
1128 3835 1644 3910 dell’enigmatica
1666 3835 1988 3893 iscrizione
2012 3835 2074 3892 in
2096 3835 2412 3910 principio.

476 4026 655 4084 3125.
687 4028 1090 4084 MALVASIAE
1119 4045 1247 4084 cav.
1281 4027 1478 4094 Caes.,
1509 4028 1730 4084 Nuova
1756 4026 2253 4101 interpretazione
2282 4027 2442 4084 della
2470 4026 2708 4084 famosa
2734 4026 3055 4084 iscrizione
3086 4029 3451 4100 enigmatica
3475 4026 3652 4084 Aelia
3679 4026 3890 4084 Laelia
3923 4028 4175 4100 Crispis,
4206 4027 4487 4101 Bologna

714 4122 889 4190 1760,
915 4122 977 4179 in
1000 4123 1057 4190 4,
1084 4124 1172 4180 M.
1203 4123 1297 4180 30.

713 4219 940 4290 Questa
990 4218 1377 4293 spiegazione
1428 4218 1712 4276 anonima
1761 4219 1794 4276 e
1844 4219 1992 4276 d’un
2041 4218 2448 4276 carmelitano:
2503 4237 2602 4276 ma
2650 4218 2823 4276 molti
2873 4218 3123 4276 letterati
3175 4218 3224 4276 si
3272 4237 3529 4293 ruppero
3579 4218 3622 4275 il
3671 4237 3823 4293 capo
3873 4218 3935 4275 in
3983 4237 4063 4276 un
4111 4218 4486 4276 indovinello

706 4314 1099 4389 immaginato
1123 4333 1230 4389 per
1251 4314 1559 4389 prendersi
1584 4314 1807 4389 giuoco
1833 4314 1894 4372 di
1919 4315 2066 4372 loro.

711 4410 894 4468 Unita
918 4429 952 4468 a
975 4419 1186 4485 questa
1208 4429 1283 4468 ne
1310 4429 1494 4485 segue
1518 4411 1793 4478 un’altra,
1823 4419 2114 4485 stampata
2135 4429 2281 4485 pure
2305 4411 2403 4468 nel
2435 4410 2585 4468 1761
2617 4411 2766 4468 d’un
2790 4410 2938 4468 frate
2963 4410 3106 4468 min.
3135 4419 3482 4468 osservante
3505 4410 3837 4478 riformato,
3864 4412 3952 4468 M.
3983 4411 4077 4468 30.

476 4601 655 4659 3126.
683 4603 1087 4659 MALVASIAE
1112 4602 1352 4669 Caesar,
1380 4603 1690 4659 Marmora
1714 4601 1970 4659 felsinea
1993 4601 2322 4659 innumeris
2348 4620 2471 4659 non
2498 4602 2697 4659 solum
2720 4601 3211 4676 inscriptionibus
3237 4601 3549 4676 hucusque
3574 4601 3833 4669 ineditis,
3864 4602 3970 4659 sed
3995 4601 4488 4659 doctissimorum

707 4697 1187 4772 expositionibus
1211 4698 1490 4755 roborata
1513 4706 1571 4755 et
1595 4706 1783 4765 aucta,
1810 4697 2126 4755 Bononiae
2158 4697 2333 4765 1690,
2359 4697 2421 4754 in
2444 4698 2501 4765 4,
2529 4697 2633 4772 fig.

706 4795 790 4851 Le
814 4794 1015 4851 tavole
1039 4793 1101 4850 in
1125 4794 1305 4868 legno
1331 4812 1364 4851 e
1388 4793 1450 4850 in
1472 4812 1637 4851 rame
1664 4812 1815 4851 sono
1842 4794 1894 4851 a’
1924 4793 2218 4868 rispettivi
2243 4793 2452 4868 luoghi
2477 4793 2567 4851 fra
2589 4793 2632 4850 il
2656 4802 2828 4851 testo.

476 4986 655 5043 3127.
683 4987 939 5043 MARINI
963 4986 1143 5043 Carlo
1169 4985 1437 5043 Antonio
1463 4985 1719 5043 Patrizio
1744 4987 1918 5053 Ven.,
1945 4986 2124 5043 Della
2148 4985 2335 5043 verità
2358 4985 2456 5043 dei
2482 4985 2629 5053 fatti,
2657 5004 2775 5043 con
2799 4985 2897 5043 cui
2925 4985 2974 5043 si
2999 4986 3032 5043 e
3057 4994 3412 5043 conservata
3435 4985 3730 5043 memoria
3753 4986 3913 5043 della
3935 4985 4256 5043 iscrizione
4281 4985 4488 5043 ch’era

708 5099 742 5138 a
767 5081 824 5138 S.
854 5080 1158 5138 Giovanni
1183 5080 1244 5138 di
1271 5081 1520 5138 Salvore
1543 5099 1753 5155 presso
1780 5099 1814 5138 a
1836 5080 2069 5148 Pirano,
2096 5080 2367 5138 Venezia
2397 5081 2571 5148 1794,
2598 5080 2660 5137 in
2683 5081 2739 5148 4,
2766 5082 2854 5138 M.
2883 5080 2980 5138 25.

707 5177 842 5234 Con
865 5185 950 5234 tre
974 5177 1174 5234 tavole
1198 5176 1261 5233 in
1283 5195 1447 5234 rame
1472 5176 1964 5251 diligentemente
1989 5176 2275 5251 eseguite.

476 5369 655 5426 3128.
692 5370 1073 5436 MARMORA,
1111 5368 1250 5426 vedi
1284 5368 1848 5436 Arundelianorum,
1884 5369 2233 5436 Zacharias,
2274 5368 2613 5436 Zabarella,
2660 5371 2920 5436 Vairani,
2961 5368 3062 5426 del
3094 5370 3363 5442 Signore,
3402 5368 3779 5436 Rivaaltella,
3820 5368 4169 5436 Paalovich,
4214 5368 4478 5436 Olivieri,

704 5464 1026 5532 Malvasia,
1062 5464 1429 5538 Caryophili,
1459 5465 1676 5538 Maﬂei
1700 5473 1810 5522 etc.

476 5656 655 5714 3129.
691 5657 1024 5713 MARSILIO
1056 5655 1297 5730 Aloysii
1330 5655 1705 5723 Ferdinandi,
1740 5655 2186 5730 Inscriptiones,
2222 5664 2630 5723 monumenta,
2666 5664 3016 5713 ornamenta
3047 5664 3157 5713 etc.
3195 5656 3270 5713 ad
3300 5655 3459 5730 ripas
3493 5655 3758 5713 Danubii
3790 5655 3853 5712 in
3885 5655 4193 5730 Hungaria
4223 5655 4483 5723 inventa,

706 5752 822 5809 tab.
853 5752 912 5809 31
937 5770 1274 5826 expressae,
1301 5751 1635 5819 Bononiae,
1662 5751 1724 5808 in
1749 5751 1854 5809 fol.

476 5944 655 6001 3130.
680 5946 910 6001 Manca
927 5963 1046 6017 per
1068 5963 1242 6001 error
1262 5943 1363 6001 del
1386 5946 1636 6017 copista.

476 6135 655 6192 3131.
682 6136 1020 6192 MIGLIORE
1044 6134 1335 6209 Cajetani,
1362 6134 1788 6209 Inscriptiones
1814 6143 1872 6192 et
1895 6134 2177 6192 carmina:
2207 6134 2395 6192 edidit
2418 6134 2718 6192 Antonius
2743 6136 2939 6202 Testa,
2966 6134 3264 6192 Ferrariae
3296 6135 3470 6202 1789,
3496 6134 3558 6191 in
3581 6135 3638 6202 4,
3665 6136 3753 6192 M.
3784 6135 3837 6192 3.

706 6230 1180 6288 Meriterebbero
1208 6231 1476 6288 d’essere
1501 6230 1606 6305 più
1633 6230 1985 6288 conosciute
2012 6231 2068 6288 le
2094 6231 2254 6288 belle
2280 6230 2587 6288 iscrizioni
2615 6230 2676 6288 di
2704 6239 2916 6305 questo
2944 6230 3286 6288 dottissimo
3317 6230 3602 6298 scrittore,
3632 6230 3745 6288 che
3772 6230 3934 6288 visse
3962 6230 4052 6288 fra
4078 6231 4138 6288 lo
4168 6231 4487 6305 splendore

707 6327 867 6384 della
893 6326 1131 6384 fortuna
1157 6345 1190 6384 e
1217 6327 1389 6384 trattò
1418 6327 1474 6384 le
1502 6327 1706 6384 lettere
1736 6345 1770 6384 a
1796 6326 1969 6401 guisa
1995 6326 2203 6384 d’ozio
2234 6345 2435 6394 soave,
2466 6326 2578 6384 che
2606 6327 2666 6384 lo
2695 6326 2990 6384 facevano
3017 6345 3233 6401 posare
3261 6327 3419 6384 dalle
3447 6345 3586 6384 cure
3614 6326 3675 6384 di
3705 6327 3888 6394 Stato,
3919 6327 3975 6384 le
4003 6326 4165 6401 quali
4193 6326 4277 6401 gli
4305 6345 4485 6384 erano

708 6422 957 6480 affidate
981 6423 1141 6480 nella
1164 6422 1479 6497 legazione
1504 6422 1565 6480 di
1589 6424 1845 6480 Ferrara.

2171 6657 2347 6694 WWW.
2358 6637 2734 6710 memofonte.
2748 6639 2766 6694 i
2770 6648 2791 6694 t
