4958 7017
1981 864 2366 922 Fondazione
2390 838 2775 922 Memofonte
2800 865 2976 922 onlus

1390 960 1600 1018 Studio
1624 979 1731 1035 per
1754 960 2226 1018 l’elaborazione
2250 960 2632 1018 informatica
2655 961 2813 1018 delle
2838 960 2991 1018 fonti
3018 960 3571 1018 storico—artistiche

476 1343 655 1401 3215.
691 1345 956 1401 DONATI
990 1343 1363 1411 Sebastiano,
1399 1343 1516 1401 Dei
1550 1343 1740 1401 dittici
1774 1343 1936 1418 degli
1971 1343 2210 1411 antichi,
2249 1343 2400 1401 sacri
2434 1362 2467 1401 e
2499 1343 2737 1418 profani
2771 1362 2888 1401 con
2920 1343 3366 1418 un’appendice
3400 1343 3461 1401 di
3496 1343 3694 1401 alcuni
3727 1343 4061 1418 necrologii
4095 1362 4128 1401 e
4162 1343 4486 1401 calendarii

707 1439 904 1497 finora
926 1458 1048 1497 non
1070 1439 1418 1514 pubblicati.
1447 1439 1610 1497 Libri
1634 1448 1737 1507 tre,
1764 1441 1965 1497 Lucca
1995 1439 2170 1507 1753,
2197 1439 2259 1496 in
2282 1440 2339 1507 4,
2367 1439 2471 1514 fig.

711 1537 795 1593 Le
819 1536 1020 1593 tavole
1047 1554 1197 1593 sono
1223 1535 1556 1593 distribuite
1582 1535 1637 1593 ai
1662 1535 1871 1610 luoghi
1896 1535 2059 1593 citati
2084 1536 2182 1593 del
2206 1544 2377 1593 testo.

710 1667 793 1671 —
815 1631 1209 1706 Aggiuntovi:
1238 1631 1499 1689 Bandini
1524 1632 1680 1706 Ang.
1709 1631 1942 1689 Mariae
1966 1631 2028 1688 in
2051 1632 2318 1689 tabulam
2341 1632 2668 1689 eburneam
2690 1631 3163 1699 observationes,
3190 1631 3524 1689 Florentiae
3556 1631 3730 1689 1746.

710 1762 793 1766 —
815 1726 1029 1784 Jacutii
1053 1726 1323 1784 Mathaei
1348 1726 1823 1784 Christianarum
1846 1726 2265 1801 antiquitatum
2290 1726 2639 1801 specimina,
2667 1728 2899 1784 Romae
2931 1726 3105 1784 1758.

711 1824 736 1879 I
760 1831 845 1880 tre
870 1822 1005 1880 libri
1030 1822 1210 1897 legati
1234 1822 1296 1879 in
1319 1841 1400 1880 un
1426 1823 1558 1880 solo
1584 1823 1847 1880 volume.

479 2016 557 2089 [p.
593 2015 729 2084 113]

476 2206 655 2264 3216.
686 2208 1105 2264 EICHSTAEDT
1132 2208 1312 2264 Henr.
1345 2207 1618 2274 Carolus,
1649 2208 1743 2264 De
1771 2206 2137 2281 imaginibus
2166 2225 2570 2274 romanorum,
2602 2206 3051 2264 dissertationes
3081 2207 3251 2264 duae.
3284 2206 3565 2264 Accessit
3592 2206 3782 2264 oratio
3812 2207 3887 2264 de
3914 2206 4086 2264 benis
4116 2206 4488 2264 Academiae

706 2301 998 2369 Jenensis,
1026 2310 1084 2359 et
1108 2301 1407 2359 Gabrielis
1433 2303 1638 2376 Henry
1663 2301 1862 2359 versio
1887 2301 2230 2376 utriusquae
2257 2301 2597 2376 scriptionis
2624 2301 2878 2369 Gallica,
2905 2301 3208 2376 Petropoli
3240 2301 3414 2369 1806,
3441 2301 3503 2358 in
3526 2302 3582 2359 4.

715 2397 1064 2455 Pubblicate
1097 2397 1159 2454 in
1193 2397 1517 2455 occasione
1552 2398 1712 2455 della
1744 2397 1974 2455 nascita
2006 2398 2104 2455 del
2141 2397 2527 2455 serenissimo
2562 2398 2749 2455 Paolo
2783 2398 2981 2455 Aless.
3020 2397 3376 2455 Costantino
3412 2397 3587 2472 figlio
3622 2398 3720 2455 del
3754 2397 4029 2472 Principe
4062 2397 4392 2455 Ereditario
4427 2397 4488 2455 di

709 2494 864 2551 Saxe
887 2493 1155 2551 Weimar
1178 2494 1276 2551 nel
1308 2493 1461 2551 1805
1490 2493 1532 2550 li
1557 2495 1592 2551 7
1619 2494 1983 2551 Novembre.

476 2686 655 2743 3217.
691 2687 987 2753 ERASME,
1023 2686 1213 2760 Eloge
1247 2686 1322 2743 de
1356 2686 1414 2743 la
1446 2685 1612 2753 folie,
1648 2685 1864 2743 traduit
1896 2686 1976 2743 du
2009 2685 2153 2743 latin
2184 2704 2291 2760 par
2323 2704 2428 2743 mr.
2468 2685 2869 2743 Guenneville
2904 2704 3051 2743 avec
3086 2686 3192 2743 des
3226 2694 3397 2743 notes
3432 2686 3508 2743 de
3543 2686 3771 2743 Gérard
3803 2685 4011 2753 Listre,
4048 2694 4106 2743 et
4138 2686 4225 2743 les
4260 2685 4486 2760 figures

707 2781 1058 2849 d’Holbein,
1086 2782 1473 2839 Amsterdam
1502 2782 1677 2849 1728,
1704 2781 1766 2838 in
1793 2782 1846 2849 8,
1874 2781 2150 2856 figurato.

476 2973 655 3030 3218.
682 2974 977 3030 FABRICH
1001 2972 1363 3030 Christofori
1388 2972 1569 3040 Carli,
1596 2972 1952 3030 Dissertatio
1977 2972 2343 3047 inauguralis
2369 2973 2444 3030 de
2467 2972 2672 3030 rostris
2697 2972 2833 3030 Fori
2856 2972 3107 3040 romani,
3135 2972 3381 3030 Altorfii
3413 2972 3588 3040 1745,
3615 2972 3677 3029 in
3700 2973 3757 3040 4,
3785 2972 3889 3047 fig.

702 3070 843 3126 Non
875 3068 1091 3126 sonovi
1123 3069 1266 3126 altre
1296 3069 1496 3126 tavole
1527 3068 1638 3126 che
1669 3069 1726 3126 le
1757 3068 2057 3143 medaglie
2089 3087 2123 3126 a
2152 3068 2249 3126 ciò
2279 3068 2526 3126 relative
2556 3068 2619 3125 in
2648 3087 2729 3126 un
2759 3068 3036 3143 foglietto
3068 3087 3101 3126 e
3132 3068 3222 3126 fra
3250 3068 3293 3125 il
3323 3077 3476 3126 testo
3508 3068 3811 3143 l’insegna
3840 3069 3990 3126 d’un
4018 3077 4210 3126 rostro
4242 3068 4303 3126 di
4333 3087 4486 3126 nave

706 3164 1016 3239 intagliato
1041 3164 1103 3221 in
1127 3165 1326 3239 legno.

476 3356 655 3414 3219.
685 3357 985 3413 FABRONI
1012 3355 1334 3423 Giovanni,
1364 3357 1501 3413 Due
1529 3355 1820 3413 memorie
1848 3356 1988 3413 lette
2015 3356 2175 3413 nella
2204 3355 2431 3413 società
2458 3355 2620 3430 degli
2649 3355 2899 3413 amatori
2927 3356 3087 3413 della
3115 3355 3310 3413 Storia
3335 3355 3528 3413 Patria
3553 3355 3894 3413 Fiorentina
3922 3374 3991 3413 su
4018 3356 4076 3413 la
4102 3355 4486 3413 derivazione

707 3470 740 3509 e
765 3452 994 3509 coltura
1017 3451 1179 3526 degli
1205 3451 1426 3509 antichi
1449 3451 1661 3526 popoli
1686 3451 1924 3509 d’Italia
1947 3470 1980 3509 e
2007 3452 2158 3509 sulle
2183 3451 2415 3526 epoche
2440 3452 2600 3509 della
2625 3451 2806 3509 storia
2829 3451 3150 3509 fiorentina
3174 3451 3302 3509 fino
3329 3452 3384 3509 al
3416 3452 3591 3519 1292,
3618 3451 3881 3519 Firenze,
3908 3451 3970 3508 in
3997 3452 4050 3519 8,
4085 3452 4259 3509 1803.

476 3644 655 3701 3220.
682 3645 816 3700 FEA
838 3644 1037 3711 Carlo,
1064 3643 1465 3701 Miscellanea
1489 3643 1821 3718 filologica,
1849 3643 2055 3701 critica
2078 3662 2111 3701 e
2137 3643 2483 3718 antiquaria,
2511 3645 2708 3701 Roma
2738 3644 2913 3711 1790,
2940 3643 3002 3700 in
3029 3644 3081 3701 8.

686 3741 955 3797 Vertono
1001 3748 1209 3814 queste
1252 3739 1750 3814 principalmente
1794 3739 2030 3797 intorno
2075 3739 2291 3807 Plinio;
2341 3740 2492 3797 sulle
2538 3739 2822 3797 antichità
2865 3739 2926 3797 di
2970 3741 3168 3797 Roma
3211 3739 3272 3797 di
3316 3739 3612 3797 Flaminio
3657 3741 3881 3807 Vacca,
3931 3758 4107 3797 sovra
4149 3758 4229 3797 un
4273 3739 4487 3797 codice

707 3835 1026 3910 Chigiano,
1057 3854 1126 3893 su
1152 3835 1350 3893 alcuni
1376 3835 1599 3893 estratti
1625 3836 1723 3893 dal
1749 3835 2046 3903 Ficoroni,
2075 3836 2173 3893 dal
2197 3835 2643 3903 Winkelmann,
2672 3836 2749 3893 da
2772 3835 2976 3893 Ulisse
3002 3836 3415 3903 Aldrovando,
3446 3836 3597 3893 sulle
3623 3835 4007 3893 escavazioni
4034 3835 4177 3893 fatte
4203 3835 4265 3892 in
4290 3837 4488 3893 Roma

707 3931 783 3988 ed
808 3930 937 3988 altri
964 3930 1146 3988 simili
1172 3930 1522 4005 argomenti.

476 4123 655 4180 3221.
682 4124 910 4180 FICINO
933 4122 1230 4190 Marsilio,
1258 4123 1624 4180 Commento
1652 4141 1829 4197 sopra
1851 4122 1894 4179 il
1919 4122 2182 4180 Convito
2208 4122 2269 4180 di
2293 4123 2558 4190 Platone,
2585 4122 2849 4190 Firenze,
2884 4122 3059 4190 1544,
3084 4141 3191 4197 per
3213 4122 3358 4180 Neri
3382 4123 3728 4190 Dortellata,
3755 4122 3817 4179 in
3844 4123 3897 4190 8,
3923 4141 4008 4197 pr.
4037 4122 4332 4180 edizione.

704 4219 933 4290 Questo
962 4218 1198 4276 libretto
1226 4219 1259 4276 è
1286 4218 1466 4276 citato
1495 4218 1585 4276 fra
1609 4218 1629 4275 i
1655 4218 1770 4276 rari
1797 4218 2236 4293 dall’Argelati,
2266 4219 2343 4276 da
2369 4218 2628 4276 Claudio
2655 4218 2951 4286 Tolomei,
2982 4219 3080 4276 dal
3106 4218 3440 4286 Fontanini,
3471 4219 3569 4276 dal
3596 4220 3763 4276 Zeno
3791 4237 3824 4276 e
3851 4219 3928 4276 da
3954 4218 4083 4276 altri
4110 4237 4143 4276 e
4170 4218 4232 4275 in
4258 4218 4486 4293 ispecie

707 4315 805 4372 dal
832 4314 1276 4372 Mazzucchelli
1302 4314 1522 4389 poiché
1549 4314 1611 4371 in
1638 4323 1849 4389 questa
1873 4314 2067 4389 prima
2093 4314 2371 4372 edizione
2399 4314 2459 4372 vi
2487 4315 2520 4372 e
2547 4333 2627 4372 un
2654 4314 2928 4372 discorso
2957 4315 3119 4372 dello
3150 4323 3508 4389 stampatore
3536 4314 3647 4372 che
3675 4314 3874 4372 vuolsi
3902 4323 4101 4372 esteso
4130 4315 4207 4372 da
4233 4314 4486 4372 Cosimo

706 4410 935 4468 Bartoli
965 4429 998 4468 e
1027 4410 1463 4485 un’ortografia
1490 4410 1553 4467 in
1581 4419 1729 4468 tutta
1757 4411 1991 4485 l’opera
2019 4410 2257 4468 diversa
2285 4411 2443 4468 dalle
2474 4411 2617 4468 altre
2647 4410 2928 4468 edizioni:
2963 4410 3241 4468 mostrasi
3270 4410 3332 4467 in
3361 4411 3564 4485 quello
3595 4411 3653 4468 la
3679 4410 4011 4485 pronuncia
4040 4410 4361 4468 fiorentina
4389 4411 4487 4468 col

706 4524 919 4563 mezzo
952 4505 1114 4580 degli
1148 4505 1378 4563 accenti
1411 4524 1444 4563 e
1476 4506 1636 4563 dalla
1664 4505 2014 4580 prefazione
2046 4506 2208 4563 dello
2243 4514 2435 4563 stesso
2467 4505 2747 4563 Marsilio
2781 4524 2815 4563 a
2844 4506 3151 4563 Bernardo
3184 4506 3282 4563 del
3313 4507 3476 4563 Nero
3509 4506 3585 4563 ed
3615 4505 3883 4563 Antonio
3915 4505 4171 4563 Manetti
4205 4505 4255 4563 si
4285 4505 4488 4563 ricava

707 4601 818 4659 che
848 4620 971 4659 non
1003 4602 1135 4659 solo
1167 4601 1288 4676 egli
1319 4601 1453 4659 fece
1485 4602 1543 4659 la
1572 4601 1850 4659 versione
1880 4601 1942 4658 in
1973 4601 2157 4659 latino
2189 4620 2222 4659 e
2252 4601 2295 4658 il
2327 4610 2628 4669 comento,
2662 4620 2762 4659 ma
2790 4620 2865 4659 ne
2896 4601 2962 4659 fu
2993 4601 3182 4659 anche
3213 4601 3256 4658 il
3286 4602 3607 4659 traduttore
3637 4601 3700 4658 in
3731 4601 3936 4676 lingua
3964 4601 4224 4659 italiana.
4258 4601 4486 4659 Vedasi

708 4697 896 4755 anche
923 4697 1346 4755 Giambullari.

476 4890 655 4947 3222.
726 4891 1053 4947 FOGGINIO
1119 4889 1274 4947 Petri
1341 4889 1661 4957 Francisci,
1732 4889 2217 4947 Commentarius
2285 4889 2348 4946 in
2414 4898 2473 4947 ta
2545 4891 2623 4964 [p.
2702 4890 2838 4959 114]
2910 4890 3117 4947 bulam
3183 4898 3449 4947 veterem
3516 4889 3925 4964 Capitolinam
3990 4889 4112 4946 Iliii
4180 4889 4488 4947 excidium

705 4994 1266 5060 repraesentantem,
1293 4985 1356 5042 in
1380 4985 1507 5053 fol.,
1535 4985 1662 5060 fig.,
1690 4987 1778 5043 M.
1810 4986 1904 5043 82.

712 5081 847 5138 Con
870 5099 989 5138 una
1013 5099 1157 5155 gran
1180 5081 1383 5138 tavola
1405 5080 1713 5155 intagliata
1736 5080 1798 5137 in
1820 5099 2001 5138 rame.
2031 5081 2205 5138 Grec.
2234 5099 2267 5138 e
2292 5081 2388 5138 lat.

476 5273 655 5330 3223.
689 5274 1059 5330 FONTANINI
1088 5272 1255 5340 Justi,
1289 5272 1513 5330 Discus
1547 5281 1860 5347 argenteus
1893 5272 2133 5330 votivus
2167 5281 2437 5330 veterum
2467 5272 2928 5330 christianorum
2957 5272 3236 5330 Perusiae
3266 5281 3551 5347 repertus,
3586 5281 3644 5330 et
3674 5272 4108 5330 commentario
4140 5272 4484 5340 illustratus,

706 5370 938 5426 Romae
970 5369 1145 5436 1717,
1172 5368 1234 5425 in
1257 5369 1314 5436 4,
1342 5368 1446 5443 fig.

703 5465 838 5522 Con
862 5464 1024 5522 varie
1048 5465 1249 5522 tavole
1274 5464 1364 5522 fra
1386 5464 1429 5521 il
1453 5473 1607 5522 testo
1634 5464 1689 5522 ai
1714 5464 1922 5539 luoghi
1947 5464 2128 5522 citati:
2157 5464 2464 5539 intagliate
2488 5464 2550 5521 in
2574 5465 2774 5539 legno,
2801 5483 2981 5522 meno
3006 5464 3049 5521 il
3074 5464 3245 5522 disco
3271 5464 3382 5522 che
3407 5465 3440 5522 e
3464 5464 3526 5521 in
3548 5483 3730 5522 rame.

476 5656 655 5713 3224.
682 5657 1052 5713 FONTANINI
1073 5655 1241 5723 Justi,
1268 5655 1626 5713 Dissertatio
1652 5656 1727 5713 de
1752 5656 1995 5713 Corona
2017 5657 2229 5713 Ferrea
2251 5656 2806 5730 Longobardorum,
2833 5657 3066 5713 Romae
3098 5656 3273 5723 1717,
3300 5655 3362 5712 in
3385 5656 3442 5723 4,
3469 5655 3574 5730 fig.

476 5847 655 5905 3225.
682 5849 1164 5905 FOSSOMBRONI
1185 5847 1464 5915 Vittorio,
1494 5847 1718 5922 Saggio
1746 5866 1923 5922 sopra
1945 5847 1988 5904 il
2013 5856 2179 5905 moto
2205 5847 2367 5922 degli
2393 5847 2637 5905 animali
2662 5866 2695 5905 e
2722 5866 2899 5922 sopra
2921 5847 2941 5904 i
2965 5847 3258 5922 trasporti,
3285 5848 3556 5905 Modena
3586 5847 3761 5915 1805,
3788 5847 3850 5904 in
3873 5848 3930 5915 4,
3957 5849 4045 5905 M.
4074 5847 4170 5905 65.

706 5943 1156 6001 Dissertazione
1195 5943 1552 6011 dottissima,
1594 5943 1705 6001 che
1747 5944 1958 6018 svolge
1997 5944 2183 6001 molte
2222 5943 2492 6001 intricate
2531 5943 2833 6018 questioni
2871 5943 2934 6000 in
2972 5952 3183 6018 questa
3220 5943 3468 6001 materia
3506 5962 3539 6001 e
3579 5952 3790 6001 atterra
3827 5944 4012 6001 molte
4051 5943 4325 6018 opinioni
4365 5944 4486 6001 mal

707 6039 969 6097 fondate.

476 6230 655 6288 3226.
684 6231 932 6288 GALLEI
957 6230 1228 6298 Servatii,
1255 6230 1723 6288 Dissertationes
1749 6231 1824 6288 de
1851 6230 2117 6305 Sybillis,
2145 6249 2351 6288 earum
2374 6230 2632 6288 oraculis
2658 6249 2800 6288 cum
2823 6230 3035 6305 figuris
3062 6230 3283 6298 aeneis,
3311 6230 3755 6288 Amstelodami
3787 6230 3962 6298 1688,
3989 6230 4051 6287 in
4074 6231 4112 6287 4
4138 6249 4242 6305 gr.,
4270 6230 4374 6305 fig.

708 6327 909 6401 Opera
943 6335 1139 6384 estesa
1174 6326 1330 6384 assai
1366 6326 1477 6384 che
1513 6326 1815 6384 esaurisce
1851 6327 2272 6401 l’argomento,
2311 6345 2428 6384 con
2463 6327 2519 6384 le
2554 6327 2755 6384 tavole
2791 6327 2949 6384 delle
2992 6327 3064 6383 12
3103 6326 3332 6394 Sibille,
3370 6327 3571 6401 quella
3605 6327 3703 6384 col
3738 6326 3993 6401 Tempio
4029 6326 4340 6384 Tiburtino
4377 6345 4410 6384 e
4445 6326 4488 6383 il

707 6422 1099 6497 frontespizio
1124 6422 1394 6480 istoriato
1420 6422 1481 6480 di
1505 6422 1766 6480 Romain
1790 6423 1865 6480 de
1890 6422 2166 6497 Hooghe.

2171 6657 2347 6694 WWW.
2358 6637 2734 6710 memofonte.
2748 6639 2791 6694 il
