4958 7017
1981 864 2366 922 Fondazione
2390 838 2775 922 Mernofonte
2800 865 2976 922 onlus

1390 960 1600 1018 Studio
1624 979 1731 1035 per
1754 960 2226 1018 l’elaborazione
2250 960 2632 1018 informatica
2655 961 2813 1018 delle
2838 960 2991 1018 fonti
3018 960 3571 1018 storico—artistiche

481 1247 764 1322 Agostini
789 1248 949 1315 Ant.,
974 1250 1256 1305 Discorsi
1279 1267 1465 1321 sopra
1492 1247 1546 1305 le
1571 1247 1892 1321 medaglie,
1920 1247 2101 1315 2725,
2128 1247 2309 1315 2726,
2337 1248 2517 1315 2727,
2545 1248 2725 1305 2728.

481 1391 806 1466 Agricolae
832 1392 1033 1459 Geor.,
1058 1394 1153 1449 De
1178 1394 1475 1449 mensuris
1501 1403 1559 1449 et
1573 1392 1783 1465 pond.,
1818 1391 1991 1449 1550.

481 1535 806 1610 Agricolae
832 1536 1033 1603 Geor.,
1058 1538 1153 1593 De
1181 1555 1243 1593 re
1268 1535 1593 1603 metallica,
1624 1535 1759 1593 875.

481 1679 806 1754 Agricolae
832 1680 1033 1747 Geor.,
1058 1682 1153 1737 De
1179 1691 1313 1737 ortu
1340 1691 1398 1737 et
1420 1682 1623 1737 causis
1647 1680 2199 1747 subterraneorurn,
2227 1680 2408 1738 2729.

481 1822 806 1897 Agricolae
831 1822 1178 1890 Cammillo,
1203 1825 1551 1886 Invenzioni
1574 1822 1675 1880 del
1697 1823 1879 1880 modo
1903 1823 1966 1880 di
1989 1825 2300 1896 navigare,
2335 1822 2507 1880 1552.

481 1966 806 2041 Agricolae
831 1966 1178 2034 Cammillo,
1209 1969 1474 2024 Trattato
1500 1967 1563 2024 di
1586 1969 1827 2030 scienza
1852 1967 2108 2034 d’arme,
2143 1966 2316 2024 1551.

481 2110 806 2185 Agricolae
831 2110 1178 2178 Cammillo,
1203 2110 1324 2168 Del
1348 2122 1653 2184 trasporto
1678 2110 1841 2168 della
1866 2110 2075 2184 guglia
2099 2111 2162 2168 di
2186 2112 2237 2168 S.
2268 2113 2492 2178 Pietro,
2521 2110 2699 2168 3568.

481 2254 806 2329 Agricolae
831 2254 1094 2322 Henrici,
1119 2257 1214 2312 De
1242 2255 1663 2312 incertitudine
1688 2257 2096 2322 scientiarum,
2124 2255 2179 2312 2.

481 2397 806 2472 Agricolae
830 2397 1025 2465 Livio,
1053 2399 1248 2471 Sopra
1275 2397 1334 2455 la
1359 2409 1577 2455 natura
1604 2417 1635 2455 e
1661 2397 2105 2471 complessione
2132 2418 2372 2465 umana,
2399 2398 2555 2454 2421
2587 2416 2620 2455 e
2645 2398 2825 2455 2422.

481 2541 833 2616 Aistingerii
857 2541 1069 2609 Mich.,
1094 2544 1189 2599 De
1216 2541 1391 2599 leone
1417 2541 1677 2615 belgico,
1712 2542 1885 2600 1979.

481 2685 806 2753 Akerbald,
831 2688 1157 2749 Iscrizione
1182 2705 1368 2759 sopra
1395 2706 1514 2743 una
1541 2685 1786 2753 lamina,
1815 2686 1993 2744 3089.

487 2974 565 3047 [p.
593 2972 658 3042 ii]

481 3260 690 3318 Allatii
715 3262 880 3328 Leo.,
902 3261 1478 3318 Animaclversiones
1505 3263 1563 3318 in
1575 3261 1737 3334 frag.
1771 3272 2056 3318 etruscar.
2088 3263 2384 3334 antiquit.,
2411 3260 2591 3318 2553.

481 3403 690 3461 Allatii
715 3405 880 3471 Leo.,
905 3406 1000 3461 De
1027 3403 1262 3477 templis
1286 3423 1667 3477 graecorum,
1695 3403 1875 3461 2643.

481 3547 792 3622 Albergati
816 3549 926 3615 Fr.,
957 3549 1259 3611 Orazione
1284 3547 1442 3605 delle
1468 3547 1625 3605 belle
1650 3550 1785 3615 arti,
1820 3547 1993 3605 1285.

481 3691 792 3766 Albergati
816 3693 926 3759 Fr.,
951 3691 1134 3749 Della
1152 3694 1401 3765 pittura,
1436 3691 1609 3749 1286.

481 3835 690 3893 Alberi
714 3837 940 3903 Frane,
965 3838 1263 3893 Discorso
1288 3835 1384 3893 sul
1406 3836 1682 3909 disegno,
1716 3836 1889 3893 1287.

481 3978 781 4036 Albericis
809 3979 956 4049 (de),
981 3981 1391 4036 Historiarurn
1416 3980 1467 4036 S.
1497 3981 1578 4036 M.
1615 3981 1671 4036 V.
1703 3979 1778 4036 de
1796 3978 2050 4052 populo,
2079 3978 2257 4037 3569.

481 4122 713 4180 Alberti
738 4123 945 4190 Andr.,
970 4125 1065 4180 De
1083 4125 1489 4196 perspectiva,
1520 4123 1656 4180 803.

481 4266 713 4324 Alberti
738 4266 960 4324 Leonis
985 4266 1310 4341 Baptistae,
1335 4269 1430 4324 De
1458 4286 1521 4324 re
1546 4267 1992 4340 aedificatoria,
2022 4267 2140 4324 370
2168 4266 2299 4324 sino
2326 4267 2381 4324 al
2408 4267 2544 4324 378.

481 4410 713 4468 Alberti
738 4410 960 4468 Leonis
985 4410 1310 4485 Baptistae,
1335 4413 1430 4468 De
1455 4430 1683 4478 amore,
1713 4411 1850 4469 379.

481 4553 713 4611 Alberti
738 4553 960 4611 Leonis
985 4553 1310 4628 Baptistae,
1340 4556 1398 4611 in
1423 4556 1651 4611 amoris
1678 4554 1963 4621 remealio,
1993 4554 2130 4611 380.

481 4697 713 4755 Alberti
738 4697 960 4755 Leonis
985 4697 1310 4772 Baptistae,
1335 4700 1430 4755 De
1456 4698 1730 4755 comodis
1754 4709 1936 4771 atque
1964 4698 2300 4755 incornoalis
2326 4697 2653 4765 literarurn,
2683 4698 2820 4755 381.

481 4841 713 4899 Alberti
738 4841 960 4899 Leonis
985 4841 1310 4916 Baptistae,
1341 4844 1537 4899 Trivia
1562 4844 1892 4909 senatoria,
1922 4842 2058 4899 382.

481 4985 713 5043 Alberti
738 4985 960 5043 Leonis
985 4985 1310 5060 Baptistae,
1335 4988 1597 5053 Mornus,
1627 4986 1764 5043 383.

481 5128 713 5186 Alberti
738 5128 960 5186 Leonis
985 5128 1310 5203 Baptistae,
1335 5131 1430 5186 De
1448 5131 1748 5202 principe,
1778 5129 1915 5186 384.

481 5272 713 5330 Alberti
738 5272 960 5330 Leonis
985 5272 1310 5347 Baptistae,
1335 5272 1608 5346 Dialogo
1633 5273 1708 5330 de
1730 5272 2108 5346 Repubblica
2135 5292 2242 5340 ec.,
2272 5272 2408 5330 385.

481 5416 713 5474 Alberti
738 5416 960 5474 Leonis
985 5416 1310 5491 Baptistae,
1335 5416 1807 5490 Hecatornpbila
1834 5436 1865 5474 e
1889 5417 2126 5490 deifira,
2156 5416 2293 5484 386,
2323 5417 2459 5474 387.

481 5559 713 5617 Alberti
738 5559 960 5617 Leonis
985 5559 1310 5634 Baptistae,
1335 5562 1421 5617 La
1439 5562 1688 5633 pittura,
1717 5559 1814 5627 66,
1843 5559 1939 5627 67,
1968 5559 2063 5617 68.

481 5703 713 5761 Alberti
738 5703 960 5761 Leonis
985 5703 1310 5778 Baptistae,
1341 5703 1636 5777 Opuscoli
1659 5703 1896 5771 morali,
1926 5704 2063 5761 388.

481 5847 713 5905 Alberti
739 5847 930 5915 Gius.,
955 5847 1138 5905 Della
1163 5850 1391 5905 misura
1416 5847 1574 5905 delle
1586 5848 1934 5921 fabbriche,
1964 5848 2100 5906 389.

481 5991 713 6049 Alberti
739 5991 930 6059 Gius.,
955 5994 1412 6055 Dissertazione
1437 5992 1537 6049 dei
1547 5991 1839 6065 funerali,
1874 5991 2047 6049 1553.

481 6134 713 6192 Alberti
738 6135 1030 6202 Leandro,
1055 6137 1451 6198 Descrizione
1476 6134 1600 6192 dell
1613 6134 1825 6202 ’Italia,
1852 6135 2032 6193 4129.

481 6278 713 6336 Alberti
737 6280 988 6346 Matteo,
1018 6279 1282 6336 Giuocbi
1307 6298 1338 6336 e
1350 6279 1512 6352 feste
1530 6278 1638 6352 pel
1658 6281 1837 6336 Duca
1861 6279 1924 6336 di
1945 6279 2318 6346 Brunswick,
2353 6278 2526 6336 1476.

481 6422 713 6480 Alberti
737 6424 1035 6490 Romano,
1066 6425 1331 6480 Trattato
1356 6422 1519 6480 della
1544 6422 1777 6480 nobiltà
1801 6422 1964 6480 della
1982 6425 2231 6496 pittura,
2259 6422 2355 6481 69.

2171 6657 2347 6694 WWW.
2358 6637 2734 6710 memofonte.
2748 6639 2791 6694 it
