4958 7017
1981 864 2366 922 Fondazione
2390 864 2775 922 Memofonte
2800 865 2976 922 onlus

1390 960 1600 1018 Studio
1624 979 1731 1035 per
1754 960 2226 1018 l’elaborazione
2250 960 2632 1018 informatica
2655 961 2813 1018 delle
2838 960 2991 1018 fonti
3018 960 3571 1018 storico—artistiche

701 1247 894 1305 Sardii
919 1247 1041 1305 vita
1064 1247 1518 1315 commentario,
1547 1256 1788 1305 auctore
1813 1247 2168 1305 Hieronimo
2193 1247 2412 1315 Ferrio,
2439 1249 2671 1305 Romae
2703 1247 2878 1315 1775,
2904 1247 2966 1304 in
2989 1248 3045 1305 4.

700 1344 901 1418 Opera
924 1343 1069 1401 fatta
1092 1362 1209 1401 con
1232 1362 1353 1401 uno
1381 1343 1578 1401 studio
1604 1362 1637 1401 e
1661 1362 1779 1401 una
1802 1343 1985 1401 fatica
2007 1343 2262 1411 infinita,
2290 1362 2323 1401 e
2346 1343 2564 1401 ridotta
2588 1344 2703 1401 alle
2726 1343 2831 1418 più
2855 1343 3054 1401 chiare
3079 1343 3550 1401 dimostrazioni.

473 1535 655 1593 4746.
709 1536 975 1593 SCHEDII
1020 1535 1206 1603 Eliae,
1257 1537 1351 1593 De
1398 1535 1533 1593 Diis
1582 1535 1901 1610 germanis,
1955 1535 2083 1593 sive
2131 1535 2348 1593 veteris
2398 1554 2837 1610 germanorum,
2889 1536 3203 1610 gallorum,
3252 1535 3680 1603 britannorum,
3732 1536 4127 1593 vandalorum
4171 1535 4483 1610 religione,

698 1631 1161 1699 Amstelodami,
1188 1631 1444 1699 Elzevir,
1479 1631 1654 1699 1648,
1680 1631 1742 1688 in
1769 1632 1821 1689 8.

700 1727 901 1801 Opera
927 1726 1266 1784 dottissima
1293 1745 1326 1784 e
1352 1726 1646 1801 preziosa:
1680 1727 1798 1784 alla
1824 1727 1963 1801 qual
1991 1726 2270 1784 edizione
2296 1727 2442 1801 però
2471 1726 2611 1784 vien
2636 1726 2918 1801 preferita
2944 1727 3002 1784 la
3026 1726 3358 1801 posteriore
3386 1727 3484 1784 del
3519 1727 3673 1784 1728
3702 1745 3809 1801 per
3834 1726 3854 1783 i
3882 1726 4210 1784 commenti
4239 1726 4300 1784 di
4328 1726 4425 1784 cui
4454 1727 4487 1784 è

698 1822 1003 1880 illustrata.

473 2015 655 2072 4747.
687 2015 968 2072 SIMEONI
989 2014 1317 2082 Gabriello,
1345 2016 1431 2072 La
1456 2014 1594 2082 vita,
1623 2033 1656 2072 e
1682 2014 2099 2072 metamorfosi
2125 2014 2422 2072 d’Ovidio
2449 2014 2726 2089 figurato,
2755 2033 2788 2072 e
2815 2014 3161 2072 abbreviato
3187 2014 3250 2071 in
3276 2014 3472 2072 forma
3497 2014 3940 2089 d’epigrammi,
3969 2033 4087 2072 con
4113 2015 4256 2072 altre
4284 2023 4486 2072 stanze

701 2129 878 2185 sopra
906 2110 989 2185 gli
1019 2110 1213 2168 effetti
1243 2111 1403 2168 della
1431 2111 1588 2178 luna,
1620 2110 1663 2167 il
1691 2110 1915 2168 ritratto
1946 2111 2132 2168 d’una
2161 2110 2408 2168 fontana
2436 2111 2829 2185 d’Auvergne
2859 2119 2969 2168 etc.
3004 2110 3196 2168 all’ill.
3232 2110 3340 2185 sig.
3379 2112 3457 2185 [p.
3493 2111 3634 2180 327]
3670 2110 3967 2168 duchessa
3995 2110 4056 2168 di
4085 2110 4484 2178 Valentinois,

698 2206 906 2274 Lione,
932 2225 1039 2281 per
1063 2206 1367 2264 Giovanni
1392 2206 1453 2264 di
1477 2208 1766 2274 Tournes,
1801 2206 1976 2274 1584,
2002 2206 2064 2263 in
2091 2207 2143 2264 8.

698 2301 991 2359 Edizione
1028 2301 1495 2376 elegantissima,
1536 2302 1592 2359 le
1629 2301 1728 2359 cui
1767 2310 1997 2376 stampe
2033 2301 2096 2358 in
2132 2302 2313 2376 legno
2350 2302 2430 2359 da
2466 2304 2624 2359 Petit
2655 2302 2936 2359 Bernard
2972 2320 3122 2359 sono
3161 2301 3318 2359 assai
3353 2302 3531 2369 belle,
3571 2301 3633 2358 in
3669 2320 3919 2359 numero
3957 2301 4018 2359 di
4055 2310 4170 2359 tav.
4219 2302 4331 2359 187
4371 2320 4488 2359 con

700 2397 981 2472 aggiunte
1015 2398 1070 2455 al
1104 2397 1229 2455 fine
1262 2397 1462 2455 d’altri
1495 2397 1857 2472 opuscoletti
1890 2398 2052 2455 dello
2088 2406 2279 2455 stesso
2316 2397 2587 2455 Simeoni
2620 2397 2778 2455 sulla
2811 2409 3030 2455 natura
3065 2398 3142 2455 ed
3173 2398 3358 2471 eﬁetti
3389 2397 3552 2455 della
3587 2397 3729 2455 lana
3762 2397 3920 2455 nelle
3954 2417 4097 2455 cose
4132 2417 4363 2455 umane.
4401 2400 4487 2455 La

685 2494 950 2567 fontana
998 2494 1061 2551 di
1105 2496 1302 2567 Roing
1353 2496 1411 2551 in
1463 2495 1747 2561 Overnia,
1798 2512 1831 2551 e
1879 2493 2214 2568 l’apologia
2261 2494 2539 2568 generale
2587 2494 2685 2551 del
2736 2493 3007 2551 Simeoni
3056 2502 3264 2551 contro
3312 2493 3443 2551 tutti
3491 2493 3511 2550 i
3559 2493 3954 2551 calunniatori
4002 2512 4035 2551 e
4082 2493 4487 2568 impugnatori

699 2590 1033 2664 dell’opere
1056 2598 1312 2664 passate,
1338 2589 1617 2664 presenti,
1645 2608 1678 2647 e
1704 2589 2002 2647 avvenire.

473 2782 655 2839 4748.
685 2782 903 2839 SPONII
925 2781 1154 2849 Jacobi,
1181 2783 1547 2856 Ignotorum,
1576 2790 1751 2856 atque
1776 2782 2172 2839 obscurorum
2195 2782 2574 2856 quorundam
2595 2783 2867 2839 Deorum
2891 2800 3043 2849 arae,
3070 2781 3348 2856 Lugduni
3380 2781 3556 2849 1676,
3583 2781 3645 2838 in
3676 2782 3766 2839 12.

473 2973 655 3031 4749.
688 2974 1042 3030 TEMPESTA
1071 2972 1358 3040 Antonio,
1392 2972 1973 3047 Metamorphoseon
2006 2972 2134 3030 sive
2165 2972 2761 3030 transformationum
2791 2972 3210 3030 ovidianarum
3240 2972 3375 3030 libri
3407 2972 3772 3047 quindecim,
3808 2972 4010 3030 aeneis
4044 2972 4256 3030 formis
4288 2972 4483 3040 incisi,

699 3077 757 3126 et
797 3068 859 3125 in
899 3068 1200 3143 pictorum
1241 3068 1727 3143 antiquitatisque
1772 3068 2179 3126 studiosorum
2220 3068 2472 3143 gratiam
2512 3087 2669 3126 nunc
2712 3068 2975 3143 primum
3015 3068 3506 3143 exquisitissimis
3552 3068 3887 3143 sumptibus
3932 3087 3966 3126 a
4006 3070 4179 3126 Petro
4222 3069 4297 3126 de
4338 3070 4368 3126 ]
4372 3069 4488 3126 ode

698 3164 1110 3239 Antuerpiano
1135 3164 1197 3221 in
1221 3165 1423 3222 lucem
1446 3164 1608 3232 editi,
1635 3164 1959 3222 Villelmus
1984 3164 2304 3222 Jansonius
2330 3164 2589 3232 excudit,
2617 3164 3085 3232 Amsterodami,
3112 3164 3174 3221 in
3197 3165 3235 3221 4
3259 3183 3422 3239 parv.
3451 3165 3571 3222 obl.

699 3261 834 3318 Con
857 3279 976 3318 una
998 3261 1201 3318 tavola
1224 3261 1446 3335 grande
1470 3260 1780 3335 intagliata
1802 3260 1864 3317 in
1886 3279 2068 3318 rame:
2098 3260 2529 3318 dissertazione
2554 3260 2909 3318 dottissima.

473 3451 655 3509 4750.
685 3453 970 3509 TIEPOLO
997 3470 1233 3526 monsg.
1266 3451 1589 3519 Giovanni,
1620 3453 1881 3509 Trattato
1910 3451 2326 3526 dell’imagine
2355 3452 2516 3509 della
2543 3451 2827 3509 Gloriosa
2852 3451 3117 3526 Vergine
3146 3451 3375 3526 dipinta
3402 3452 3479 3509 da
3507 3452 3564 3509 S.
3596 3453 3777 3519 Luca,
3808 3460 4162 3509 conservata
4189 3451 4289 3526 già
4315 3451 4487 3509 molti

701 3547 889 3605 secoli
913 3548 1073 3605 nella
1095 3548 1291 3605 Ducal
1316 3547 1541 3605 Chiesa
1564 3547 1625 3605 di
1652 3548 1709 3605 S.
1737 3549 1970 3615 Marco,
1997 3547 2268 3605 Venezia
2298 3547 2472 3615 1618,
2499 3547 2561 3604 in
2588 3548 2641 3615 8,
2669 3547 2773 3622 fig.

700 3644 901 3718 Opera
940 3643 1283 3701 miserabile
1325 3662 1358 3701 e
1402 3643 1844 3718 superstiziosa,
1891 3662 2071 3701 senza
2111 3643 2333 3711 critica,
2378 3662 2411 3701 e
2453 3643 2723 3701 distrutta
2763 3644 2921 3701 dalle
2963 3643 3379 3701 dissertazioni
3421 3643 3759 3701 dottissime
3801 3643 3862 3701 di
3901 3646 4241 3701 Domenico
4281 3646 4487 3701 Maria

696 3742 930 3797 Manni.
958 3739 1117 3797 Vedi
1141 3740 1301 3797 nella
1321 3739 1745 3813 Bibliograﬁa.

473 3930 655 3988 4751.
685 3932 784 3988 Du
808 3932 1088 3998 TILLIOT,
1117 3930 1451 3988 Mémoires
1478 3949 1631 4005 pour
1658 3930 1843 3988 servir
1869 3931 1903 3988 a
1928 3930 2225 3988 l’histoire
2252 3931 2327 3988 de
2354 3931 2412 3988 la
2437 3930 2558 3988 fète
2585 3931 2691 3988 des
2719 3930 2885 3998 foux,
2915 3930 3017 4005 qui
3047 3949 3110 3988 se
3138 3930 3343 3988 faisoit
3369 3930 3655 3988 autrefois
3683 3931 3831 3988 dans
3857 3930 4155 4005 plusieurs
4183 3930 4424 4005 ég1ises,
4455 3949 4489 3988 a

698 4028 1013 4084 Lausanne
1045 4027 1220 4094 1741,
1247 4026 1309 4083 in
1332 4027 1389 4094 4,
1417 4026 1521 4101 fig.

698 4123 815 4180 Nel
848 4122 1241 4197 frontespizio
1275 4123 1308 4180 e
1340 4122 1383 4179 il
1416 4122 1800 4197 medaglione
1833 4122 2305 4180 coll’iscrizione
2337 4122 2653 4180 staltoram
2686 4142 2970 4180 nameras
3004 4134 3094 4180 est
3126 4123 3410 4196 infinitas.
3446 4124 3628 4197 Dopo
3662 4123 3719 4180 la
3750 4122 3966 4180 dedica
3998 4141 4032 4180 a
4062 4124 4150 4180 M.
4185 4122 4489 4180 Bouchier

701 4237 971 4293 seguono
1001 4219 1057 4276 le
1093 4219 1165 4275 12
1194 4219 1412 4286 tavole,
1443 4218 1570 4276 indi
1598 4218 1641 4275 il
1670 4227 1824 4276 testo
1853 4218 1915 4275 in
1950 4219 2064 4275 112
2092 4218 2332 4293 pagine;
2364 4219 2721 4276 nell’ottavo
2751 4219 2996 4276 volume
3025 4219 3183 4276 delle
3212 4218 3555 4276 ceremonie
3582 4218 3867 4293 religiose
3897 4218 4114 4276 furono
4142 4218 4486 4293 ristampate

699 4323 907 4389 queste
932 4314 1224 4372 memorie
1249 4314 1360 4372 che
1388 4333 1538 4372 sono
1566 4314 1870 4389 singolari,
1898 4333 1931 4372 e
1955 4314 2537 4372 interessantissime.

473 4505 655 4563 4752.
701 4507 1128 4563 TRAVERSARI
1171 4506 1384 4563 abbate
1429 4505 1739 4580 Giuseppe
1783 4505 1977 4580 Luigi,
2024 4505 2474 4563 Dissertazione
2521 4505 2899 4580 sull’origine
2943 4505 3293 4563 dell’antica
3334 4505 3612 4563 idolatria
3654 4524 3687 4563 e
3733 4506 3886 4563 sulla
3929 4505 4125 4563 forma
4168 4505 4266 4563 dei
4308 4505 4487 4580 primi

701 4601 1022 4669 simulacri,
1049 4603 1284 4659 Faenza
1314 4602 1489 4669 1788,
1516 4601 1578 4658 in
1605 4602 1657 4659 8.

473 4793 655 4851 4753.
681 4795 978 4851 TRITONII
1001 4793 1270 4861 Antonii,
1297 4793 1685 4868 Mythologia
1707 4793 1810 4851 ubi
1835 4793 2099 4868 epitome
2123 4793 2186 4850 in
2211 4793 2418 4851 Ovidii
2443 4793 2845 4868 Metamorph.
2874 4793 2975 4851 lib.
3004 4812 3113 4861 ec.,
3140 4793 3456 4851 Bononiae
3488 4793 3662 4861 1560,
3689 4793 3751 4850 in
3778 4794 3831 4861 8,
3858 4795 3946 4851 M.
3976 4793 4050 4851 63
4079 4812 4112 4851 e
4136 4794 4233 4851 44.

473 4985 655 5043 4754.
688 4987 886 5043 VARO
916 4985 1006 5043 fra
1034 4987 1387 5053 Francesco,
1420 4987 1675 5043 Estratto
1707 4986 1805 5043 del
1835 4994 2067 5043 trattato
2099 4985 2259 5043 circa
2287 4985 2330 5042 il
2366 4987 2444 5060 [p.
2480 4986 2622 5055 328]
2659 4986 2839 5053 culto,
2873 4985 3108 5053 offerte,
3140 4985 3253 5053 riti,
3287 5004 3320 5043 e
3351 4985 3693 5043 ceremonie
3724 4985 3836 5043 che
3865 4985 4172 5060 praticano
4203 4985 4223 5042 i
4254 4985 4486 5043 chinesi

699 5099 808 5148 ec.,
835 5080 897 5137 in
921 5080 1182 5138 Colonia
1212 5081 1387 5148 1700,
1414 5080 1476 5137 in
1507 5081 1597 5138 12.

473 5272 655 5330 4755.
682 5274 1106 5330 VAVASSORIS
1128 5272 1448 5340 Francisci,
1476 5274 1570 5330 De
1595 5272 1791 5330 forma
1814 5272 2037 5330 Christi
2062 5272 2229 5340 liber,
2256 5272 2516 5340 Parisiis,
2544 5272 2881 5347 Cramoisy,
2916 5272 3091 5340 1649,
3118 5272 3180 5329 in
3207 5273 3259 5330 8.

473 5464 655 5522 4756.
714 5466 1034 5522 VERDERII
1088 5464 1357 5532 Antonii,
1416 5464 1724 5522 Pantheon
1780 5464 2162 5539 antiquorum
2216 5464 2508 5522 exhibens
2564 5464 2861 5539 imagines
2917 5466 3190 5522 Deorum
3244 5464 3395 5522 olim
3450 5483 3484 5522 a
3538 5464 3862 5522 Vincentio
3920 5464 4230 5522 Chartario
4286 5464 4486 5522 italice

699 5559 1059 5634 expositum,
1088 5578 1245 5617 nunc
1274 5560 1349 5617 ad
1374 5578 1700 5617 comunem
1725 5559 2000 5617 omnium
2024 5559 2342 5617 utilitatem
2366 5559 2551 5617 latino
2580 5578 2856 5617 sermone
2882 5578 3253 5634 expressum,
3281 5559 3695 5617 Rottemburci
3722 5560 3797 5617 ad
3821 5559 4107 5617 Tubarim
4137 5559 4312 5627 1683,
4340 5559 4402 5616 in
4430 5560 4483 5627 8,

699 5655 826 5730 fig.,
854 5674 971 5713 con
998 5656 1072 5713 88
1099 5656 1299 5713 tavole
1323 5655 1385 5712 in
1407 5674 1571 5713 rame
1598 5655 2030 5730 spaventevoli.

473 5847 655 5905 4757.
683 5849 978 5905 VETTORI
1000 5849 1352 5915 Francesco,
1379 5848 1497 5905 Del
1522 5848 1683 5905 culto
1709 5847 1770 5905 di
1796 5847 2027 5915 Cibele,
2055 5847 2486 5905 dissertazione
2512 5866 2628 5905 ove
2655 5847 2943 5905 s’illustra
2966 5866 3084 5905 una
3110 5856 3383 5905 statuetta
3406 5848 3504 5905 del
3532 5866 3640 5905 suo
3666 5866 3898 5915 museo,
3926 5849 4123 5905 Roma
4153 5847 4328 5915 1753,
4356 5847 4483 5922 fig.,

698 5943 760 6000 in
783 5944 840 6011 4,
867 5945 955 6001 M.
991 5944 1081 6002 19.

699 6040 834 6097 Con
857 6058 976 6097 una
998 6040 1201 6097 tavola
1224 6040 1446 6114 grande
1470 6039 1780 6114 intagliata
1802 6039 1864 6096 in
1886 6058 2067 6097 rame.
2095 6039 2545 6097 Dissertazione
2570 6039 2926 6097 dottissima.

473 6230 655 6288 4758.
701 6232 1162 6298 WARBURTON,
1209 6230 1658 6288 Dissertazione
1705 6231 1858 6288 sulla
1900 6230 2262 6288 iniziazione
2308 6231 2360 6288 a’
2412 6230 2640 6288 misteri
2685 6230 2957 6298 eleusini,
3005 6249 3232 6288 ovvero
3277 6249 3479 6288 nuova
3525 6230 3911 6305 spiegazione
3956 6231 4054 6288 del
4099 6230 4252 6288 libro
4297 6232 4382 6288 VI
4427 6230 4488 6288 di

698 6326 957 6401 Virgilio
983 6345 1092 6394 ec.,
1119 6326 1390 6384 Venezia
1420 6327 1595 6394 1793,
1622 6326 1684 6383 in
1711 6327 1764 6394 8,
1791 6328 1879 6384 M.
1909 6326 2004 6384 67.

2171 6657 2347 6694 WWW.
2358 6637 2734 6710 memofonte.
2748 6639 2791 6694 it
