4958 7017
1981 864 2366 922 Fondazione
2390 864 2775 922 Memofonte
2800 865 2976 922 onlus

1390 960 1600 1018 Studio
1624 979 1731 1035 per
1754 960 2226 1018 l’elaborazione
2250 960 2632 1018 informatica
2655 961 2813 1018 delle
2838 960 2991 1018 fonti
3018 960 3571 1018 storico—artistiche

709 1247 1144 1305 sull’assertiva
1172 1248 1309 1305 data
1337 1248 1435 1305 dal
1464 1247 1687 1305 Maffei
1716 1248 1876 1305 nella
1906 1266 2013 1305 sua
2040 1249 2284 1305 Verona
2311 1247 2602 1305 illustrata
2630 1266 2663 1305 e
2695 1247 2744 1305 si
2772 1247 2995 1322 riporta
3024 1248 3079 1305 al
3095 1248 3207 1321 fac
3236 1247 3430 1305 simile
3461 1247 3572 1305 che
3601 1247 3644 1304 il
3676 1247 3767 1322 sig
3796 1247 4025 1305 Dibdin
4053 1247 4130 1305 ha
4158 1248 4297 1305 dato
4327 1248 4488 1305 nella

709 1343 1126 1418 Spenceriana.

475 1539 640 1608 682.
674 1541 1038 1608 VASCONI
1059 1539 1366 1629 Filippo,
1401 1539 1656 1608 Studiò
1687 1539 2221 1608 d’architettura
2250 1539 2488 1621 civile,
2522 1541 2778 1621 Roma,
2811 1539 2885 1607 in
2914 1539 3067 1621 fol.,
3103 1540 3521 1608 senz’anno.

706 1652 847 1708 Non
871 1650 1149 1708 contiene
1174 1650 1285 1708 che
1317 1651 1388 1709 19
1413 1659 1583 1725 porte
1608 1659 1811 1708 ornate
1836 1650 1897 1708 di
1920 1651 2172 1708 barbaro
2198 1659 2390 1725 gusto.

475 1865 640 1934 683.
677 1867 1001 1934 VEGETII
1026 1865 1255 1934 Flavii
1288 1865 1568 1947 Renati,
1604 1867 1716 1934 De
1747 1887 1821 1934 re
1854 1865 2144 1934 militari
2177 1865 2299 1934 lib.
2337 1867 2457 1934 IV.
2496 1865 2795 1934 correcti
2830 1887 2870 1934 a
2902 1865 3362 1934 Godescalco
3397 1865 3829 1934 Stewechio:
3871 1876 4327 1934 accesserunt
4360 1887 4487 1934 sex

706 1980 841 2049 Jul.
884 1980 1202 2049 Frontini
1245 1991 1799 2070 stratagematon
1838 1980 1960 2049 lib.
2005 1982 2151 2062 IV.,
2194 1980 2544 2049 Aelianus
2586 1980 2676 2049 de
2716 1980 3149 2049 instruendis
3192 1980 3509 2062 aciebus;
3551 1980 3936 2049 Modestus
3978 1980 4067 2049 de
4106 1980 4484 2049 vocabulis

706 2095 807 2164 rei
837 2095 1187 2164 militaris.
1222 2095 1771 2164 Castrametatio
1801 2097 2012 2164 Rom.
2047 2117 2136 2164 ex
2166 2095 2472 2177 Polibio,
2506 2106 2575 2164 et
2604 2095 2744 2164 alia
2771 2117 2900 2177 ec.,
2933 2095 3160 2185 Lugd.
3195 2097 3375 2177 Bat,
3408 2095 3734 2177 Plantin.,
3776 2095 3984 2177 1592,
4017 2095 4091 2163 in
4124 2096 4186 2164 8.

589 2253 688 2258 —
729 2210 1185 2300 Aggiugnesi
1231 2232 1271 2279 a
1312 2221 1590 2300 questo:
1641 2210 2128 2279 Godescalchi
2174 2210 2561 2279 Stewechii
2606 2210 3165 2279 commentarius
3212 2210 3301 2279 ad
3342 2210 3571 2279 Flavii
3615 2210 3904 2300 Vegetii
3948 2210 4204 2279 Renati
4249 2210 4338 2279 de
4381 2212 4488 2279 Re

707 2325 997 2394 militari
1027 2325 1271 2394 libros.
1304 2325 1585 2394 Eodem
1613 2325 1779 2394 loco
1810 2336 1879 2394 et
1908 2347 2095 2394 anno
2125 2325 2252 2415 fig.

706 2438 773 2493 In
812 2445 1024 2511 questo
1067 2437 1333 2494 secondo
1374 2436 1527 2494 libro
1570 2455 1720 2494 sono
1761 2437 1946 2494 molte
1984 2437 2144 2494 belle
2184 2436 2378 2511 figure
2417 2436 2724 2511 intagliate
2764 2436 2826 2493 in
2865 2437 3045 2511 legno
3085 2436 3327 2494 inserite
3367 2436 3457 2494 fra
3494 2436 3537 2493 il
3576 2445 3748 2494 testo.
3791 2438 3875 2494 Le
3915 2437 4031 2494 due
4071 2455 4253 2511 opere
4293 2437 4487 2511 legate

708 2531 966 2589 assieme
991 2531 1268 2589 formano
1293 2550 1374 2589 un
1399 2532 1644 2589 volume
1669 2531 1730 2589 di
1755 2531 1915 2589 circa
1938 2532 2059 2590 900
2082 2531 2301 2606 pagine
2326 2550 2641 2606 comprese
2666 2532 2722 2589 le
2747 2532 2947 2589 tavole
2972 2532 3130 2589 delle
3155 2531 3400 2589 materie
3425 2550 3458 2589 e
3482 2531 3502 2588 i
3525 2531 3961 2606 prolegomeni.

471 2746 636 2815 684.
702 2748 1030 2815 VEGETU
1085 2746 1364 2828 Renati,
1429 2748 1541 2815 De
1601 2768 1676 2815 re
1737 2746 2027 2815 militari
2089 2757 2410 2836 quatuor.
2476 2746 2858 2815 Accedunt
2916 2746 3235 2815 Frontini
3298 2746 3387 2815 de
3451 2746 4009 2836 Stratagematis.
4074 2746 4331 2828 Eliani,
4398 2746 4487 2815 de

707 2861 1140 2930 instruendis
1182 2861 1495 2930 aciebus.
1538 2861 1863 2930 Modesti
1903 2861 1992 2930 de
2030 2861 2408 2930 vocabulis
2447 2861 2549 2930 rei
2588 2861 2938 2930 militaris.
2982 2863 3161 2930 Item
3197 2861 3516 2951 picturae
3553 2861 3862 2930 bellicae
3902 2872 4192 2930 centum
4229 2861 4486 2951 viginti

706 2976 982 3066 passim
1010 2976 1321 3066 Vegetio
1353 2976 1695 3058 adiectae,
1729 2976 1990 3045 Parisis
2030 2976 2238 3058 1553,
2271 2976 2345 3044 in
2374 2976 2501 3045 fol.
2535 2976 2661 3066 fig.

706 3089 790 3145 Le
814 3088 1015 3145 tavole
1039 3087 1345 3162 intagliate
1369 3087 1432 3144 in
1456 3088 1636 3162 legno
1664 3106 1815 3145 sono
1840 3087 2081 3145 inserite
2107 3087 2197 3145 fra
2219 3087 2262 3144 il
2286 3096 2457 3145 testo.

467 3283 632 3352 685.
668 3283 1245 3352 VEGETIIF1avii
1278 3294 1347 3352 et
1375 3283 1545 3352 Iulii
1576 3283 1916 3365 Frontini,
1950 3285 2106 3352 Nec
2138 3305 2284 3352 non
2317 3283 2457 3352 alia
2487 3294 2811 3352 veterum
2844 3283 3105 3373 scripta
3135 3283 3225 3352 de
3255 3305 3329 3352 re
3360 3283 3673 3365 militari,
3708 3283 3934 3373 Lugd.
3971 3285 4125 3352 Bat.
4170 3283 4378 3365 1644,
4413 3283 4487 3351 in

716 3399 823 3467 12.

587 3553 979 3633 VIGNOLA,
1007 3551 1196 3620 Vedi
1223 3554 1559 3627 Barozio.

473 3783 566 3871 [p.
609 3781 772 3864 126]

471 4011 636 4080 686.
681 4013 1155 4080 VINGBOONS
1198 4011 1549 4101 Philippe,
1594 4012 1920 4080 Oeuvres
1963 4011 2514 4080 d’architecture
2555 4022 2941 4080 contenant
2979 4011 3084 4080 les
3127 4011 3454 4080 desseins
3498 4011 3624 4080 des
3665 4011 4089 4101 principaux
4128 4011 4485 4080 bàtimens

708 4126 884 4195 dans
915 4126 983 4195 le
1013 4126 1293 4195 dernier
1322 4126 1940 4216 agrandissement
1968 4126 2057 4195 de
2086 4126 2156 4195 la
2183 4126 2357 4195 ville
2387 4126 2953 4208 d’Amsterdam,
2987 4127 3031 4194 2
3061 4126 3205 4195 vol.
3238 4126 3360 4195 rel.
3394 4126 3468 4194 in
3506 4127 3534 4194 1
3571 4137 3771 4208 tom.,
3806 4127 3846 4195 à
3873 4126 3943 4195 la
3970 4128 4176 4216 Haye
4214 4126 4421 4195 1786.

708 4238 909 4312 Opera
955 4237 1016 4295 di
1064 4246 1238 4312 gusto
1286 4237 1533 4295 infelice
1581 4256 1698 4295 con
1746 4238 1825 4295 74
1873 4238 2073 4295 tavole
2120 4237 2182 4294 in
2227 4256 2408 4295 rame.
2461 4238 2691 4309 Questo
2741 4237 2894 4295 libro
2942 4237 3108 4295 unito
3158 4256 3192 4295 a
3238 4238 3441 4312 quello
3490 4237 3551 4295 di
3598 4237 3794 4295 Pietro
3842 4239 3985 4295 Post
4029 4256 4298 4312 possono
4347 4238 4487 4295 dare

706 4334 1111 4408 un’adeguata
1133 4333 1271 4391 idea
1294 4333 1456 4408 degli
1481 4333 1690 4391 edifici
1716 4333 1989 4391 olandesi
2013 4333 2075 4390 in
2100 4334 2395 4408 generale.

471 4529 636 4598 687.
678 4531 935 4598 VIOLA
966 4529 1222 4598 Zanini
1259 4529 1644 4619 padovano
1681 4529 1939 4619 pittore
1977 4551 2016 4598 e
2055 4529 2447 4611 architetto,
2489 4529 3166 4611 Dell’architettura,
3207 4529 3402 4598 Libri
3441 4529 3601 4611 due,
3642 4529 3953 4611 Padova,
3993 4551 4244 4619 presso
4281 4531 4482 4598 Fran.

707 4644 1057 4726 Bolzetta,
1099 4644 1307 4726 1639,
1340 4644 1414 4712 in
1442 4645 1510 4726 4,
1543 4644 1669 4734 fig.
1703 4644 1935 4734 prima
1963 4644 2317 4713 edizione.

708 4756 937 4827 Questo
973 4755 1126 4813 libro
1160 4755 1393 4830 ripieno
1429 4755 1490 4813 di
1525 4755 1734 4813 ottime
1768 4755 2014 4813 nozioni
2048 4755 2110 4812 in
2144 4755 2288 4830 ogni
2322 4755 2527 4823 teoria,
2565 4774 2598 4813 e
2632 4755 2694 4812 in
2729 4755 2872 4830 ogni
2905 4755 3132 4830 pratica
3165 4756 3438 4813 dell’arte
3473 4756 3506 4813 e
3543 4755 3745 4813 scritto
3781 4756 3858 4813 da
3890 4774 3970 4813 un
4005 4764 4208 4813 autore
4243 4755 4354 4813 che
4389 4774 4489 4813 era

706 4850 942 4908 nudrito
968 4851 1063 4908 de’
1095 4850 1360 4925 migliori
1383 4850 1680 4925 principii.
1708 4852 1881 4908 Tutte
1906 4851 1962 4908 le
1986 4851 2186 4908 tavole
2211 4850 2637 4925 copiosissime
2664 4869 2815 4908 sono
2840 4850 3146 4925 intagliate
3170 4850 3233 4907 in
3257 4851 3437 4925 legno
3463 4869 3496 4908 e
3521 4850 3827 4925 frapposte
3853 4851 3908 4908 al
3932 4859 4103 4908 testo.

479 5065 644 5134 688.
689 5067 946 5134 VIOLA
980 5065 1259 5147 Zanini,
1303 5067 1406 5134 La
1447 5076 1694 5134 stessa.
1738 5065 2212 5155 Aggiuntovi:
2259 5065 2311 5133 il
2351 5065 2573 5134 modo
2615 5065 2687 5134 di
2728 5065 2967 5134 levare
3007 5065 3059 5133 il
3099 5065 3305 5134 fumo
3348 5065 3469 5134 alli
3512 5065 3778 5134 camini
3822 5066 3881 5134 sì
3922 5065 4100 5147 fatti,
4145 5087 4356 5134 come
4397 5065 4488 5134 da

707 5180 901 5262 farsi,
935 5180 1026 5249 da
1052 5180 1345 5249 Andrea
1371 5180 1746 5249 Minorelli
1775 5180 2004 5270 perito
2033 5180 2379 5270 pubblico
2410 5180 2601 5249 della
2629 5180 2798 5249 città
2826 5180 2898 5249 di
2928 5180 3239 5262 Padova,
3272 5180 3438 5249 Pad.
3481 5180 3689 5262 1677,
3722 5180 3796 5248 in
3824 5181 3892 5262 4,
3925 5180 4051 5270 fig.

706 5293 790 5349 Le
814 5292 1015 5349 tavole
1040 5291 1101 5349 di
1126 5300 1336 5366 questa
1357 5291 1644 5366 ristampa
1669 5310 1820 5349 sono
1846 5292 1902 5349 le
1927 5291 2260 5349 medesime
2285 5291 2396 5349 che
2421 5292 2581 5349 nella
2602 5291 2796 5366 prima
2819 5291 3115 5359 edizione,
3144 5291 3428 5366 aggiunta
3453 5292 3710 5349 soltanto
3735 5310 3853 5349 una
3875 5292 4078 5349 tavola
4101 5291 4162 5349 di
4187 5291 4426 5349 caolini.

475 5487 640 5557 689.
687 5489 919 5556 VINCI
955 5487 1244 5556 Giovan
1287 5487 1610 5569 Battista,
1658 5487 1928 5577 Saggio
1972 5487 2044 5556 di
2089 5487 2541 5556 architettura
2582 5487 2799 5556 civile
2842 5509 2981 5556 con
3025 5487 3280 5556 alcune
3324 5487 3742 5577 cognizioni
3786 5487 4080 5556 comuni
4125 5509 4165 5556 a
4204 5498 4379 5556 tutte
4421 5487 4488 5556 le

705 5602 897 5671 belle
928 5602 1076 5684 arti,
1109 5604 1346 5671 Roma
1382 5602 1590 5684 1795,
1623 5602 1697 5670 in
1730 5603 1793 5684 8,
1825 5604 1931 5671 M.
1969 5603 2081 5671 87.

593 5760 692 5765 —
720 5719 1123 5786 VISENTINI
1150 5717 1496 5799 Antonio,
1529 5717 1718 5786 Vedi
1751 5717 2122 5787 Gallacini
2152 5720 2269 5786 cui
2298 5741 2387 5787 va
2419 5720 2639 5786 unito.

479 5928 644 5998 690.
712 5930 1062 5997 VITTORE
1120 5928 1487 5997 Bernardo
1551 5928 1897 6010 Antonio,
1965 5928 2343 5997 Istruzioni
2408 5928 2824 5997 elementari
2887 5950 3014 6018 per
3075 5928 3427 5997 indirizzo
3492 5928 3605 5997 de’
3679 5928 3972 6018 giovani
4039 5928 4182 5997 allo
4249 5928 4486 5997 studio

708 6043 1343 6112 dell’architettura
1371 6043 1609 6125 civile,
1642 6043 1787 6112 vol.
1820 6044 1888 6125 4,
1921 6043 2073 6133 fig.,
2106 6045 2406 6133 Lugano
2445 6043 2631 6112 1760
2664 6065 2704 6112 a
2741 6043 2949 6125 1766,
2982 6043 3056 6111 in
3084 6044 3151 6112 4.

706 6155 754 6211 Il
782 6154 978 6229 primo
1009 6155 1255 6212 volume
1285 6154 1563 6212 contiene
1594 6155 1650 6212 le
1679 6154 1991 6212 istruzioni
2021 6154 2369 6212 elementari
2399 6154 2594 6212 divise
2624 6154 2686 6211 in
2716 6163 2801 6212 tre
2831 6154 2983 6212 libri.
3016 6155 3064 6211 Il
3096 6155 3362 6212 secondo
3393 6155 3426 6212 e
3457 6154 3715 6212 formato
3747 6155 3824 6212 da
3859 6155 3973 6212 100
4003 6155 4203 6212 tavole
4232 6154 4294 6211 in
4322 6173 4486 6212 rame

705 6249 952 6307 relative
986 6268 1020 6307 a
1051 6250 1190 6324 quel
1222 6258 1407 6307 tomo.
1443 6250 1491 6306 Il
1523 6258 1686 6307 terzo
1719 6249 1996 6307 contiene
2029 6250 2085 6307 le
2117 6249 2429 6307 istruzioni
2462 6249 2698 6307 diverse
2729 6268 2836 6324 per
2867 6249 3226 6307 l’architetto
3260 6249 3440 6307 civile
3473 6249 3668 6307 divise
3700 6249 3763 6306 in
3795 6250 3911 6307 due
3944 6249 4096 6307 libri.
4132 6250 4180 6306 Il
4213 6258 4421 6324 quarto
4455 6250 4488 6307 e

707 6345 965 6403 formato
1000 6346 1077 6403 da
1116 6346 1224 6402 111
1264 6346 1464 6403 tavole
1498 6345 1559 6403 di
1593 6345 1819 6420 doppia
1851 6346 2186 6420 grandezza
2216 6345 2464 6403 relative
2499 6346 2554 6403 al
2589 6346 2835 6403 volume
2868 6354 3049 6403 terzo.
3087 6347 3173 6403 La
3203 6345 3397 6420 prima
3428 6354 3593 6420 parte
3627 6346 3963 6420 dell’opera
3995 6346 4028 6403 e
4062 6345 4338 6403 dedicata
4371 6346 4488 6403 alla

706 6442 945 6499 Maestà
968 6441 1029 6499 di
1053 6441 1195 6509 Dio;
1223 6442 1281 6499 la
1306 6442 1570 6499 seconda
1594 6442 1711 6499 alla
1734 6441 1998 6516 Vergine
2022 6441 2236 6499 Maria:
2266 6460 2450 6516 opera
2472 6441 2788 6516 indigesta,
2816 6441 3187 6516 farraginosa
3210 6460 3243 6499 e
3268 6441 3329 6499 di
3352 6441 3622 6516 pessimo
3648 6450 3842 6516 gusto.

2171 6657 2347 6694 WWW.
2358 6637 2734 6710 memofonte.
2748 6639 2791 6694 il
