4958 7017
1981 864 2366 922 Fondazione
2390 838 2775 922 Memofonte
2800 865 2976 922 onlus

1390 960 1600 1018 Studio
1624 979 1731 1035 per
1754 960 2226 1018 l’elaborazione
2250 960 2632 1018 informatica
2655 961 2813 1018 delle
2838 960 2991 1018 fonti
3018 960 3571 1018 storico—artistiche

710 1294 809 1299 —
851 1251 1308 1341 Aggiugnesi
1353 1251 1548 1320 nello
1596 1262 1828 1320 stesso
1873 1251 2079 1320 libro:
2130 1253 2232 1320 La
2276 1252 2698 1320 Caravanne
2744 1251 2839 1320 du
2885 1251 3135 1320 Sultan
3181 1252 3221 1320 à
3263 1251 3333 1320 la
3374 1253 3714 1341 Mecque,
3762 1251 4191 1320 Mascarade
4234 1262 4487 1341 turque

713 1366 996 1435 donnée
1032 1367 1072 1435 à
1104 1368 1339 1435 Rome
1372 1388 1498 1456 par
1530 1366 1635 1435 les
1670 1366 2215 1456 pensionnaires
2252 1366 2341 1435 de
2375 1366 2838 1435 l’Academie
2873 1366 2962 1435 de
2995 1368 3263 1435 France
3299 1388 3387 1435 au
3422 1366 3784 1435 Carnoval
3819 1366 3908 1435 de
3942 1366 4231 1435 l’année
4274 1367 4482 1448 1748,

713 1482 973 1571 gravée
1004 1503 1093 1550 en
1124 1482 1217 1550 32
1246 1481 1591 1571 planches
1621 1503 1748 1571 par
1774 1481 2044 1571 Joseph
2073 1481 2263 1550 Vien
2291 1481 2565 1571 peintre
2595 1481 2684 1550 de
2714 1481 3195 1550 l’Academie.

471 1693 686 1761 2104.
742 1694 854 1761 De
908 1693 1240 1761 SANCTIS
1294 1692 1433 1761 Ab.
1490 1692 1946 1774 Dominicus,
2002 1692 2610 1761 Columnensium
2660 1694 3045 1761 Procerum
3096 1692 3451 1782 imagines
3506 1703 3575 1761 et
3624 1692 4019 1761 memoriae
4071 1692 4482 1774 nonnullae,

712 1809 991 1876 Romae
1029 1807 1237 1889 1675,
1270 1807 1344 1875 in
1372 1808 1440 1889 4,
1473 1807 1599 1897 fig.

714 1919 878 1976 Sono
903 1918 965 1975 in
989 1927 1202 1993 questo
1228 1919 1473 1976 volume
1499 1918 1575 1976 57
1601 1918 1807 1976 ritratti
1832 1918 1943 1976 che
1970 1937 2033 1976 se
2058 1937 2180 1976 non
2205 1918 2440 1976 fossero
2465 1918 2614 1976 uniti
2640 1919 2756 1976 alle
2781 1918 3072 1976 memorie
3099 1918 3361 1976 storielle
3386 1937 3508 1976 non
3533 1919 3862 1976 avrebbero
3889 1919 4064 1976 alcun
4086 1918 4314 1993 pregio.

471 2114 686 2183 2105.
723 2115 1378 2196 SCHELLEMBERG,
1407 2114 1725 2183 Histoire
1758 2115 2000 2183 sacrée
2031 2114 2126 2183 du
2156 2114 2374 2183 vieux
2406 2125 2475 2183 et
2502 2136 2836 2183 nouveau
2866 2115 3299 2196 Testament,
3335 2115 3596 2204 gravée
3627 2136 3716 2183 en
3745 2114 3942 2183 taille
3973 2114 4227 2196 douce,
4261 2114 4405 2183 vol.
4441 2115 4485 2182 2

712 2229 786 2297 in
814 2230 882 2311 4,
917 2229 1139 2317 legati
1171 2232 1241 2298 in
1273 2253 1433 2298 una.
1470 2230 1539 2297 A
1568 2229 2032 2298 Vinterthour
2068 2230 2508 2299 1774—1779.

712 2340 1016 2398 Ciascuno
1042 2340 1140 2398 dei
1165 2341 1281 2398 due
1306 2340 1538 2398 volumi
1563 2340 1841 2398 contiene
1867 2340 1945 2398 60
1970 2341 2170 2398 tavole
2195 2359 2312 2398 con
2335 2359 2454 2398 una
2475 2340 2836 2398 brevissima
2858 2340 3239 2398 indicazione
3264 2341 3362 2398 del
3389 2349 3682 2415 soggetto.

471 2535 686 2604 2106.
737 2536 1315 2604 SCHEUCHZERII
1351 2537 1553 2604 Joan.
1601 2535 1875 2617 Jacobi,
1923 2535 2231 2625 Physica
2276 2557 2476 2604 sacra
2519 2535 2852 2604 iconibus
2900 2535 3141 2604 aeneis
3187 2535 3536 2604 illustrata
3577 2546 4001 2625 procurante
4047 2546 4116 2604 et
4161 2546 4486 2625 sumptus

715 2650 1213 2740 suppeditante
1241 2652 1442 2719 Joan.
1475 2650 1768 2719 Andrea
1795 2650 2078 2732 Pteffel,
2111 2650 2255 2719 vol.
2288 2651 2356 2732 4,
2388 2651 2718 2740 Auguste
2748 2650 3300 2719 Vindelicorum
3337 2651 3515 2719 1731
3555 2650 3644 2719 ad
3681 2650 3890 2732 1735,
3923 2650 3997 2718 in
4026 2650 4153 2719 fol.
4187 2650 4313 2740 fig.

713 2762 914 2836 Opera
938 2762 1036 2819 nel
1065 2780 1173 2819 suo
1201 2780 1419 2836 genere
1446 2761 1702 2819 classica
1728 2780 1761 2819 e
1788 2761 2281 2819 laboriosissima.
2313 2762 2541 2833 Questa
2566 2762 2599 2819 e
2626 2762 2684 2819 la
2707 2761 2901 2836 prima
2926 2761 3204 2819 edizione
3233 2770 3525 2836 stampata
3550 2770 4057 2836 contemporanea
4083 2762 4200 2819 alla
4224 2762 4484 2829 tedesca,

712 2858 872 2915 colla
920 2858 1050 2915 sola
1096 2857 1320 2915 varietà
1366 2858 1526 2915 della
1573 2857 1851 2915 versione
1899 2858 1997 2915 del
2044 2866 2215 2915 testo.
2267 2857 2563 2915 Contiene
2610 2857 2807 2915 infatti
2854 2857 2952 2915 nei
2999 2858 3037 2914 4
3087 2858 3206 2915 vol.
3258 2857 3379 2915 750
3427 2858 3627 2915 tavole
3674 2857 3736 2914 in
3782 2876 3946 2915 rame
3994 2857 4406 2915 freschissime
4454 2876 4487 2915 e

712 2954 1096 3028 l’esemplare
1121 2954 1154 3011 e
1178 2953 1240 3010 in
1265 2953 1365 3011 Vit.
1394 2954 1621 3011 dorato.

475 3150 690 3218 2107.
726 3150 952 3218 SERIE
976 3149 1444 3239 cronologica
1473 3149 1589 3218 dei
1618 3171 1692 3218 re
1722 3149 1794 3218 di
1823 3149 2122 3218 Francia
2150 3149 2241 3218 da
2268 3149 2720 3218 Faramondo
2753 3149 2912 3218 sino
2944 3149 3033 3218 ad
3060 3149 3322 3218 Enrico
3353 3151 3448 3217 III
3477 3149 3551 3217 in
3579 3150 3647 3231 4,
3681 3149 3775 3218 62
3804 3149 4072 3231 ritratti,
4105 3149 4448 3218 Venezia.

713 3260 925 3332 Questi
964 3279 1001 3318 o
1043 3279 1193 3318 sono
1232 3260 1525 3335 intagliati
1564 3261 1641 3318 da
1677 3262 1738 3318 F.
1780 3262 2026 3328 Franco,
2068 3279 2105 3318 o
2143 3260 2431 3335 piuttosto
2471 3261 2548 3318 da
2586 3261 2802 3318 alcuno
2842 3260 2953 3318 che
2992 3261 3052 3318 lo
3091 3260 3168 3318 ha
3203 3261 3548 3335 preceduto:
3595 3260 3644 3318 si
3682 3269 3853 3318 trova
3889 3261 4047 3318 nelle
4084 3260 4281 3335 poche
4318 3260 4487 3335 righe

711 3355 1017 3430 intagliate
1052 3374 1086 3413 a
1117 3355 1282 3430 piedi
1316 3355 1377 3413 di
1411 3355 1658 3413 ciascun
1689 3355 1914 3413 ritratto
1949 3356 2007 3413 la
2040 3355 2162 3413 vita
2193 3355 2256 3412 in
2289 3355 2549 3413 iscorcio
2584 3355 2682 3413 dei
2715 3355 3078 3430 personaggi
3117 3357 3195 3430 [p.
3235 3355 3377 3425 363]
3417 3374 3450 3413 e
3486 3355 3535 3413 si
3567 3355 3885 3413 riconosce
3919 3356 4163 3430 l’epoca
4194 3355 4257 3412 in
4290 3355 4388 3413 cui
4423 3355 4488 3413 fu

712 3451 885 3509 finita
908 3452 966 3509 la
991 3451 1160 3519 serie,
1188 3460 1415 3509 mentre
1439 3451 1502 3508 in
1526 3452 1729 3526 quello
1756 3451 2042 3509 d’Enrico
2067 3453 2148 3508 III
2175 3470 2325 3509 sono
2351 3460 2559 3526 queste
2582 3452 2789 3526 parole
2814 3471 2925 3509 ove
2950 3454 3043 3509 sin
3068 3452 3110 3509 d
3122 3452 3305 3519 ’h0ra,
3338 3452 3449 3509 che
3473 3454 3668 3509 siamo
3693 3451 3793 3509 del
3818 3452 3981 3509 1588
4005 3453 4036 3509 è
4062 3454 4239 3525 quasi
4264 3471 4346 3509 ec.

483 3648 698 3716 2108.
734 3648 1123 3716 STEPHANI
1146 3647 1235 3716 de
1265 3649 1532 3729 Laune,
1564 3647 1823 3737 Figura
1850 3647 2215 3716 mensium
2244 3669 2412 3716 cum
2439 3647 2823 3737 privilegio
2852 3647 3065 3737 regis,
3098 3647 3172 3715 in
3201 3647 3328 3716 fol.
3363 3647 3506 3716 obl.

714 3759 878 3816 Sono
913 3759 979 3815 11
1012 3759 1212 3816 tavole
1240 3758 1301 3816 di
1328 3767 1541 3833 questo
1570 3758 2023 3816 accuratissimo
2050 3758 2445 3833 intagliatore,
2475 3777 2591 3816 ove
2619 3777 2893 3833 espresse
2919 3758 2939 3815 i
2967 3758 3172 3816 dodici
3199 3758 3352 3816 mesi
3379 3759 3689 3816 dell’anno
3718 3777 3835 3816 con
3860 3758 3880 3815 i
3905 3758 4200 3833 rispettivi
4230 3758 4487 3833 soggetti

713 3854 1039 3929 allegorici.
1071 3854 1336 3912 Ciascun
1366 3863 1641 3929 soggetto
1670 3855 1703 3912 e
1732 3863 2083 3912 contornato
2112 3854 2210 3912 dai
2240 3854 2484 3912 simboli
2512 3854 2989 3929 graziosamente
3016 3854 3346 3912 intrecciati
3374 3855 3450 3912 ed
3476 3854 3539 3911 in
3565 3873 3684 3912 una
3710 3854 4018 3912 cartellina
4047 3863 4135 3912 sta
4160 3873 4241 3912 un
4268 3854 4486 3912 distico

710 3950 979 4008 relativo.
1007 3952 1093 4008 La
1116 3969 1318 4008 marca
1343 3951 1400 4008 S.
1431 3950 1480 4008 si
1504 3959 1674 4008 trova
1697 3951 1795 4008 nel
1818 3950 2032 4025 primo.
2060 3951 2473 4025 L’esemplare
2498 3951 2531 4008 e
2556 3950 2617 4008 di
2640 3950 2977 4008 bellissima
3000 3950 3490 4008 conservazione.

467 4146 682 4215 2109.
721 4146 1248 4227 STOCKMANN,
1279 4145 1532 4214 Istoria
1563 4145 1680 4214 del
1712 4145 2039 4214 Vecchio
2073 4167 2112 4214 e
2143 4147 2411 4214 Nuovo
2444 4147 2927 4227 Testamento,
2963 4145 3332 4235 intagliata
3362 4145 3436 4213 in
3477 4146 3613 4214 100
3645 4145 3886 4214 tavole
3919 4145 4010 4214 da
4041 4145 4378 4227 Klauber,
4414 4145 4487 4213 in

712 4260 839 4329 fol.
874 4260 1117 4329 oblon.

713 4372 942 4443 Questo
969 4372 1002 4429 e
1028 4390 1109 4429 un
1137 4371 1347 4446 saggio
1374 4371 1472 4429 dei
1496 4371 1602 4446 più
1625 4371 1878 4446 parlanti
1904 4372 2316 4429 dell’estremo
2343 4371 2589 4429 confine
2615 4371 2727 4429 che
2753 4380 3078 4429 toccarono
3105 4372 3161 4429 le
3188 4371 3294 4429 arti
3319 4372 3480 4429 nella
3502 4371 3770 4446 pessima
3795 4371 4101 4429 direzione
4127 4390 4160 4429 e
4186 4372 4284 4429 nel
4311 4380 4486 4446 gusto

712 4467 886 4525 falso.
918 4468 1148 4539 Questo
1175 4467 1551 4542 intagliatore
1578 4468 1923 4542 d’Augusta
1949 4467 2086 4525 Gio.
2116 4469 2186 4525 B.
2218 4468 2483 4525 Klauber
2508 4468 2661 4525 ebbe
2687 4486 2767 4525 un
2793 4467 2968 4542 figlio
2996 4467 3107 4525 che
3132 4467 3389 4525 recatosi
3415 4467 3478 4524 in
3503 4467 3752 4525 Francia
3779 4467 3828 4525 si
3855 4467 4073 4525 dedicò
4102 4468 4157 4525 al
4184 4486 4401 4542 genere
4428 4467 4488 4525 di

712 4563 855 4621 ville
880 4582 913 4621 e
940 4572 1107 4621 stava
1130 4563 1543 4638 occupandosi
1568 4563 1970 4638 dell’intaglio
1996 4564 2094 4621 del
2120 4563 2442 4621 Gabinetto
2468 4563 2529 4621 di
2556 4563 2790 4631 Stosch,
2818 4582 2923 4621 ora
2945 4564 3131 4621 Reale
3156 4563 3217 4621 di
3241 4563 3505 4621 Berlino.

471 4760 686 4828 2110.
745 4760 1180 4828 STRADANO
1229 4761 1448 4841 Ioan,
1505 4759 1948 4828 Venationes
2003 4759 2336 4841 ferarum,
2395 4759 2661 4841 avium,
2716 4759 3031 4849 piscium
3083 4770 3214 4828 etc.
3272 4759 3600 4849 depictae
3654 4770 3723 4828 et
3774 4759 4007 4828 editae
4062 4781 4102 4828 a
4152 4759 4487 4849 Philippo

713 4874 1042 4956 Gallaeo;
1076 4874 1415 4943 Carmine
1444 4874 1835 4943 illustratae
1866 4896 1906 4943 a
1934 4874 2256 4943 Killiano
2286 4874 2614 4943 Duffleo:
2650 4874 2724 4942 in
2753 4874 2880 4943 fol.
2915 4874 3058 4943 obl.
3091 4874 3230 4943 tab.
3273 4875 3430 4943 104.

475 5085 690 5153 2111.
726 5085 1048 5153 STRADA
1071 5084 1416 5166 Famiani,
1450 5086 1562 5153 De
1591 5084 1803 5153 Bello
1833 5084 2160 5174 Belgico,
2193 5086 2473 5153 Romae
2511 5084 2697 5153 1632
2728 5106 2767 5153 e
2795 5085 2913 5166 47,
2946 5084 3090 5153 vol.
3125 5085 3191 5166 2,
3224 5084 3298 5152 in
3327 5084 3454 5153 fol.
3488 5084 3614 5174 fig.

711 5197 795 5253 Le
823 5196 1023 5253 tavole
1052 5195 1113 5253 di
1142 5204 1354 5270 questo
1384 5196 1629 5253 volume
1659 5195 1877 5253 furono
1907 5214 2024 5253 con
2051 5196 2238 5253 molta
2265 5195 2466 5270 grazia
2492 5195 2800 5270 intagliate
2829 5196 2906 5253 da
2934 5195 3283 5270 Guglielmo
3312 5197 3489 5263 Baur,
3521 5196 3598 5253 da
3623 5197 3768 5253 Jean
3795 5195 3949 5253 Miel
3978 5214 4011 5253 e
4040 5196 4117 5253 da
4145 5195 4274 5253 altri
4301 5195 4488 5253 buoni

711 5291 975 5359 incisori,
1013 5291 1245 5349 motivo
1279 5310 1386 5366 per
1419 5291 1516 5349 cui
1551 5300 1763 5366 questa
1795 5291 2092 5349 incisione
2127 5292 2281 5349 deve
2314 5291 2419 5366 più
2454 5291 2667 5366 d’ogni
2703 5292 2849 5349 altra
2880 5291 3169 5366 pregiarsi
3204 5292 3464 5349 essendo
3500 5292 3558 5349 la
3589 5291 3799 5366 prima.
3837 5274 3885 5348 É
3922 5291 4221 5366 singolare
4256 5310 4432 5349 come
4467 5291 4487 5348 i

710 5387 971 5462 biografi
1008 5388 1083 5445 de
1119 5389 1278 5445 Bure
1315 5406 1348 5445 e
1383 5389 1608 5445 Brunet
1644 5387 1967 5462 assegnino
2005 5387 2453 5462 l’impressione
2490 5388 2588 5445 del
2623 5387 2818 5462 primo
2857 5388 3102 5445 volume
3140 5388 3407 5445 all’anno
3452 5387 3608 5445 1640
3644 5396 3871 5445 mentre
3907 5387 3969 5444 in
4003 5387 4108 5462 più
4144 5387 4353 5462 luoghi
4390 5388 4488 5445 del

711 5492 915 5541 nostro
942 5484 1275 5558 esemplare
1303 5483 1352 5541 si
1379 5483 1631 5541 verifica
1654 5483 1697 5540 il
1730 5483 1904 5541 1632.
1932 5484 1980 5540 Il
2005 5492 2168 5541 terzo
2194 5484 2438 5541 volume
2464 5502 2586 5541 non
2612 5483 2677 5541 fu
2704 5492 2998 5558 stampato
3023 5502 3130 5558 per
3153 5483 3476 5558 maneggio
3503 5484 3663 5541 della
3687 5492 3851 5541 corte
3877 5483 3938 5541 di
3966 5484 4222 5558 Spagna,
4252 5484 4486 5541 avendo

712 5580 772 5637 lo
800 5579 1020 5637 storico
1045 5579 1107 5636 in
1131 5580 1334 5654 quello
1360 5588 1601 5654 esposte
1625 5588 1836 5654 troppe
1861 5579 2064 5647 verità,
2092 5579 2203 5637 che
2227 5598 2349 5637 non
2373 5598 2711 5637 onorarono
2737 5580 2795 5637 la
2818 5579 3111 5637 memoria
3134 5579 3195 5637 di
3219 5579 3456 5654 Filippo
3481 5581 3551 5637 II.

475 5775 690 5843 2112.
728 5776 828 5843 Le
863 5775 1129 5843 SUEUR
1155 5774 1534 5856 Eustache,
1571 5776 1674 5843 La
1705 5774 1843 5843 vie.
1881 5776 2125 5843 Bruno
2159 5774 2541 5843 fondateur
2573 5774 2662 5843 de
2695 5774 2962 5843 l’ordre
2996 5774 3122 5843 des
3158 5774 3576 5856 Chartreux,
3612 5774 3853 5864 peinte
3888 5775 3928 5843 à
3959 5774 4029 5843 la
4060 5774 4487 5843 Chartreuse

713 5889 802 5958 de
831 5889 1048 5958 Paris:
1085 5890 1346 5979 gravée
1374 5911 1500 5979 par
1527 5889 1867 5978 Francois
1899 5889 2314 5971 Chauveau,
2347 5889 2564 5971 Paris,
2597 5889 2671 5957 in
2700 5889 2955 5979 foglio.

712 6000 1008 6058 Contiene
1036 6001 1115 6057 22
1143 6009 1258 6058 tav.
1289 6000 1596 6075 intagliate
1624 6000 1686 6057 in
1713 6019 1894 6058 rame.
1925 6001 1973 6057 Il
2001 6001 2547 6075 depauperamento
2577 6019 2611 6058 a
2637 6000 2735 6058 cui
2765 6000 3133 6075 soggiacque
3162 6001 3220 6058 la
3247 6000 3512 6058 Galleria
3538 6001 3636 6058 del
3664 6002 3901 6058 Louvre
3929 6001 4027 6058 nel
4062 6000 4215 6058 1815
4247 6001 4487 6058 collocò

712 6096 906 6171 questi
931 6097 1010 6153 22
1036 6096 1245 6171 quadri
1271 6115 1305 6154 a
1326 6096 1653 6171 ricuoprire
1677 6096 1697 6153 i
1721 6096 1859 6154 vani
1882 6096 2112 6154 rimasti
2139 6115 2208 6154 su
2232 6097 2431 6171 quelle
2454 6096 2659 6171 pareti.

471 6293 686 6361 2113.
721 6294 1139 6361 TEMPESTA
1162 6293 1355 6374 Ant.,
1390 6292 1446 6360 Il
1476 6292 1711 6382 primo
1743 6314 1782 6361 e
1812 6292 1864 6360 il
1897 6292 2216 6361 secondo
2247 6292 2431 6361 libro
2463 6292 2652 6361 delle
2683 6293 2832 6361 C&C
2870 6294 2963 6382 [p.
3000 6292 3170 6375 364]
3209 6303 3308 6361 Cie
3333 6303 3639 6378 intagliate
3663 6322 3770 6378 per
3794 6322 3974 6361 mano
4001 6303 4062 6361 di
4087 6304 4225 6361 Ant.
4254 6305 4485 6378 Temp.,

711 6405 924 6471 Roma,
950 6422 1160 6478 presso
1186 6404 1429 6461 Andrea
1451 6403 1768 6471 Vaccario,
1803 6403 1976 6462 1598.

2171 6657 2347 6694 WWW.
2358 6637 2734 6710 memofonte.
2748 6639 2791 6694 il
