4958 7017
1981 864 2366 922 Fondazione
2390 838 2775 922 Memofonte
2800 865 2976 922 onlus

1390 960 1600 1018 Studio
1624 979 1731 1035 per
1754 960 2226 1018 l’elaborazione
2250 960 2632 1018 informatica
2655 961 2813 1018 delle
2838 960 2991 1018 fonti
3018 960 3571 1018 storico—artistiche

473 1248 655 1305 4440.
686 1249 904 1315 REMY,
935 1248 1267 1322 Catalogue
1293 1247 1573 1305 raisonné
1601 1248 1707 1305 des
1736 1248 2033 1315 tableaux,
2064 1247 2355 1315 desseins,
2391 1249 2469 1322 [p.
2501 1247 2645 1317 296]
2679 1256 2977 1322 estampes
3006 1256 3116 1305 etc.
3149 1248 3319 1322 après
3348 1248 3529 1305 décés
3558 1248 3633 1305 de
3660 1249 3748 1305 M.
3779 1247 3992 1315 Julien,
4022 1247 4185 1305 Paris
4221 1247 4396 1315 1767,
4426 1247 4487 1304 in

702 1344 755 1411 8,
782 1363 932 1401 avec
948 1346 1103 1417 prix.

473 1536 655 1593 4441.
682 1537 901 1603 REMY,
929 1536 1261 1610 Catalogue
1284 1535 1564 1593 raisonné
1589 1536 1695 1593 des
1720 1536 2000 1593 tableaux
2024 1554 2282 1610 groupes
2308 1544 2366 1593 et
2390 1535 2616 1610 figures
2642 1536 2717 1593 de
2740 1536 2965 1593 bronze
2990 1536 3070 1593 du
3094 1535 3350 1593 Caibent
3373 1536 3453 1593 du
3477 1537 3565 1593 M.
3595 1535 3871 1610 Gaignat,
3898 1535 4061 1593 Paris
4094 1535 4268 1603 1767,
4295 1535 4357 1592 in
4388 1536 4478 1593 12.

2231 1727 2728 1784 MDCCLXVIII

473 1823 655 1880 4442.
682 1824 961 1880 BOWLES
987 1822 1159 1890 John,
1187 1823 1521 1897 Catalogue
1546 1822 1641 1880 for
1663 1822 1761 1880 the
1786 1841 1956 1897 years
1989 1822 2143 1880 1768
2171 1822 2243 1880 of
2260 1822 2483 1880 usefull
2510 1823 2626 1880 and
2650 1831 2880 1880 correct
2902 1841 3091 1897 maps,
3119 1823 3392 1890 London,
3419 1822 3482 1879 in
3509 1823 3561 1880 8.

473 2015 655 2072 4443.
694 2016 912 2082 REMY,
951 2015 1283 2089 Catalogue
1318 2014 1598 2072 raisonné
1635 2015 1741 2072 des
1777 2015 2074 2082 tableaux,
2111 2014 2414 2089 peintures
2452 2033 2486 2072 a
2521 2014 2812 2089 gouache,
2849 2015 2957 2072 bas
2992 2014 3198 2072 reliefs
3235 2023 3345 2072 etc.
3385 2015 3465 2072 du
3502 2014 3758 2072 Cabinet
3792 2015 3867 2072 de
3902 2016 3990 2072 M.
4030 2015 4285 2082 Marval,
4323 2014 4486 2072 Paris

706 2110 881 2178 1768,
908 2129 983 2168 en
1014 2111 1105 2178 12,
1133 2113 1466 2184 coiprezzi.

2259 2302 2700 2359 MDCCLXIX

473 2398 655 2455 4444.
685 2399 903 2465 REMY,
933 2398 1266 2472 Catalogue
1291 2397 1571 2455 raisonné
1599 2398 1705 2455 des
1732 2398 2029 2465 tableaux,
2060 2397 2305 2472 figures,
2335 2406 2393 2455 et
2417 2398 2622 2455 bustes
2650 2406 2760 2455 etc.
2791 2398 2872 2455 du
2899 2397 3155 2455 Cabinet
3181 2398 3256 2455 de
3282 2399 3370 2455 M.
3401 2398 3476 2455 de
3504 2398 3562 2455 la
3587 2397 3736 2455 Live
3763 2398 3838 2455 de
3864 2398 4083 2472 Joully,
4112 2397 4275 2455 Paris
4310 2397 4485 2465 1769,

698 2493 760 2550 in
791 2494 882 2561 12,
910 2496 1244 2567 coiprezzi.

473 2685 655 2743 4445.
683 2687 902 2753 REMY,
931 2686 1263 2760 Catalogue
1287 2685 1567 2743 raisonné
1593 2686 1699 2743 des
1725 2686 2022 2753 tableaux,
2049 2686 2324 2753 bronzes,
2352 2694 2533 2743 terres
2560 2685 2749 2743 cuites
2776 2694 2886 2743 etc.
2916 2686 2996 2743 du
3021 2685 3277 2743 Cabinet
3301 2686 3376 2743 de
3401 2687 3489 2743 M.
3519 2686 3750 2760 Cayux,
3778 2685 3941 2743 Paris
3975 2685 4149 2753 1769,
4177 2685 4239 2742 in
4271 2686 4362 2753 12,
4391 2688 4489 2743 coi

691 2784 910 2855 prezzi.

2273 2973 2686 3030 MDCCLXX

473 3068 655 3126 4446.
684 3069 1023 3136 CHEREAU,
1051 3068 1386 3126 Marchand
1411 3069 1799 3143 d’estampes,
1828 3069 2143 3143 catalogue
2169 3069 2275 3126 des
2302 3077 2603 3143 estampes
2628 3077 3026 3143 provenantes
3053 3069 3159 3126 des
3187 3068 3366 3126 fonds
3393 3069 3499 3126 des
3525 3068 3771 3143 plaches
3798 3069 3873 3126 de
3900 3069 4128 3126 Gerard
4152 3069 4484 3136 d’Audran,

698 3164 911 3239 Poilly,
938 3165 1263 3232 Bernanrd,
1290 3164 1582 3239 Lépicier,
1609 3164 1772 3222 Paris
1805 3165 1980 3232 1770,
2007 3164 2069 3221 in
2092 3165 2148 3222 4.

473 3356 655 3413 4447.
682 3357 1007 3423 JOMBERT,
1035 3356 1367 3430 Catalogue
1392 3356 1467 3413 de
1492 3356 1796 3413 l’oeuvres
1822 3356 1897 3413 de
1921 3355 2171 3413 Nicolas
2197 3355 2435 3413 Cochin
2459 3355 2579 3423 fils,
2606 3355 2769 3413 Paris
2802 3356 2976 3423 1770,
3003 3355 3065 3412 in
3092 3356 3144 3413 8.

473 3548 655 3605 4448.
682 3549 901 3615 REMY,
929 3548 1261 3622 Catalogue
1286 3548 1392 3605 des
1417 3548 1714 3615 tableaux,
1742 3547 2034 3615 desseins,
2062 3556 2362 3622 estampes
2388 3556 2499 3605 etc.
2529 3548 2671 3622 apès
2697 3548 2772 3605 de
2797 3548 2972 3605 cécés
2998 3548 3073 3605 de
3097 3549 3185 3605 M.
3212 3547 3555 3615 Boudouin,
3582 3547 3745 3605 Paris
3778 3548 3952 3615 1770,
3979 3547 4041 3604 in
4068 3548 4120 3605 8.

473 3740 655 3798 4449.
682 3741 901 3807 REMY,
929 3740 1261 3814 Catalogue
1284 3739 1564 3797 raisonné
1589 3740 1669 3797 du
1693 3739 1950 3797 Cabinet
1973 3740 2079 3797 des
2105 3740 2300 3814 objets
2326 3739 2571 3797 curieux
2595 3740 2670 3797 de
2694 3741 2782 3797 M.
2811 3740 2886 3797 de
2910 3740 3373 3814 Bourlamaque,
3400 3739 3563 3797 Paris
3596 3740 3771 3807 1770,
3798 3739 3860 3796 in
3891 3740 3981 3797 12.

473 3930 655 3988 4450.
693 3932 912 3998 REMY,
951 3931 1283 4005 Catalogue
1317 3930 1597 3988 raisonné
1633 3931 1739 3988 des
1775 3931 2055 3988 tableaux
2090 3931 2196 3988 des
2233 3930 2585 3988 differentes
2622 3931 2825 3988 écoles
2862 3931 2942 3988 du
2977 3930 3234 3988 Cabinet
3268 3931 3343 3988 de
3378 3932 3466 3988 M.
3506 3931 3581 3988 de
3617 3931 3675 3988 la
3708 3930 3856 3988 Live
3892 3931 3967 3988 de
4002 3931 4285 3998 Jouelles,
4323 3930 4486 3988 Paris

706 4027 881 4094 1770,
907 4026 969 4083 in
996 4027 1049 4094 8,
1077 4029 1411 4100 coiprezzi.

2259 4219 2700 4276 MDCCLXXI

473 4314 655 4372 4451.
684 4316 1090 4382 HEINECHEN,
1118 4315 1259 4372 Idee
1285 4315 1562 4389 générale
1588 4315 1773 4372 d’une
1799 4314 2124 4372 collection
2149 4315 2473 4389 complette
2500 4315 2869 4389 d’estampes
2897 4333 3043 4372 avec
3069 4333 3186 4372 une
3212 4314 3593 4372 dissértation
3620 4333 3717 4372 sur
3741 4314 4024 4389 l’origine
4050 4315 4156 4372 des
4183 4315 4483 4389 gravùres,

700 4429 734 4468 a
756 4410 1006 4485 Leipzig
1038 4411 1213 4478 1771,
1240 4410 1302 4467 in
1329 4411 1382 4478 8,
1410 4410 1514 4485 fig.

698 4505 879 4563 Libro
905 4506 1270 4563 dottarnente
1295 4505 1568 4580 eseguito
1594 4524 1711 4563 con
1736 4505 1907 4563 molti
1918 4506 2030 4579 fac
2054 4505 2248 4563 simile
2274 4505 2335 4563 di
2359 4505 2643 4563 incisioni
2667 4505 2730 4562 in
2755 4505 2991 4563 diverse
3016 4505 3297 4563 maniere.

473 4697 655 4755 4452.
692 4699 911 4765 REMY,
948 4698 1280 4772 Catalogue
1313 4697 1593 4755 raisonné
1628 4698 1734 4755 des
1769 4698 2066 4765 tableaux,
2104 4697 2395 4765 desseins,
2438 4699 2516 4772 [p.
2555 4698 2698 4767 297]
2739 4706 3056 4772 estampes,
3092 4698 3367 4765 bronzes,
3405 4706 3515 4755 etc.
3554 4698 3634 4755 du
3668 4697 3924 4755 Cabinet
3957 4698 4032 4755 de
4066 4699 4154 4755 M.
4192 4697 4484 4765 Bouchet,

697 4793 955 4868 premier
976 4793 1206 4868 peintre
1231 4794 1311 4851 du
1333 4812 1459 4868 roy,
1486 4793 1649 4851 Paris
1682 4794 1857 4861 1771,
1884 4793 1946 4850 in
1977 4794 2067 4851 12.

2245 4986 2714 5043 MDCCLXXII

473 5080 655 5138 4453.
686 5082 988 5148 JOULAIN,
1021 5081 1354 5155 Catalogue
1384 5081 1490 5138 des
1521 5081 1800 5138 tableaux
1830 5081 1864 5138 a
1892 5080 2122 5148 l’huile,
2155 5080 2405 5155 guache,
2438 5089 2496 5138 et
2522 5081 2774 5155 pastelle
2804 5081 2884 5138 du
2913 5080 3169 5138 Cabinet
3197 5081 3272 5138 de
3301 5082 3389 5138 M.
3423 5080 3692 5155 Huquier
3720 5081 3988 5155 gràveur,
4020 5080 4183 5138 Paris
4221 5081 4395 5148 1772,
4427 5080 4489 5137 in

706 5177 797 5244 12,
825 5179 1158 5250 coiprezzi.

473 5368 655 5426 4454.
682 5370 991 5426 JOMBERT
1014 5368 1262 5426 Charles
1288 5368 1571 5436 Antoine,
1598 5351 1770 5426 Éssai
1795 5369 1945 5426 d’un
1969 5369 2284 5443 catalogue
2309 5369 2384 5426 de
2409 5369 2682 5426 l’oeuvre
2707 5351 3027 5426 d’Étienne
3052 5369 3127 5426 de
3152 5369 3210 5426 la
3232 5369 3423 5436 Belle,
3450 5368 3612 5426 Paris
3645 5369 3820 5436 1772,
3847 5368 3909 5425 in
3936 5369 3988 5426 8.

2231 5560 2728 5617 MDCCLXXIII

473 5655 655 5713 4455.
682 5657 916 5713 BASAN
921 5704 932 5723 ,
961 5656 1294 5730 Catalogue
1319 5656 1506 5713 d’une
1530 5656 1646 5713 très
1670 5656 1830 5713 belle
1855 5655 2180 5713 collection
2204 5656 2279 5713 de
2303 5656 2582 5713 tableaux
2604 5656 2967 5713 rassemblés
2991 5674 3098 5730 par
3120 5674 3200 5713 un
3225 5655 3442 5723 artiste,
3469 5655 3632 5713 Paris
3665 5656 3839 5723 1773,
3866 5655 3928 5712 in
3955 5656 4007 5713 8.

473 5847 655 5905 4456.
683 5848 1097 5905 CATALOGUE
1121 5848 1306 5905 d’une
1329 5847 1495 5905 riche
1520 5847 1845 5905 collection
1869 5848 1944 5905 de
1968 5848 2264 5915 tableaux,
2292 5848 2372 5905 du
2396 5847 2653 5905 Cabinet
2676 5848 2751 5905 de
2775 5849 2863 5905 M.
2891 5849 3271 5922 Lempereur,
3298 5847 3461 5905 Paris
3494 5848 3668 5915 1773,
3695 5847 3757 5904 in
3784 5848 3837 5915 8,
3864 5867 4014 5905 avec
4030 5850 4185 5921 prix.

473 6039 655 6097 4457.
703 6040 1117 6097 CATALOGUE
1161 6040 1346 6097 d’une
1389 6039 1554 6097 riche
1599 6039 1924 6097 collection
1968 6040 2043 6097 de
2088 6039 2402 6114 coquilles,
2448 6040 2723 6107 bronzes,
2771 6039 3082 6097 mineraux
3126 6048 3236 6097 etc.
3283 6048 3615 6114 provenant
3658 6040 3733 6097 de
3778 6040 3836 6097 la
3881 6039 4232 6097 succession
4276 6040 4351 6097 de
4395 6041 4483 6097 M.

698 6134 1068 6209 Jacquenirn,
1095 6134 1258 6192 Paris
1291 6135 1466 6202 1773,
1493 6134 1555 6191 in
1586 6135 1676 6192 12.

473 6326 655 6384 4458.
682 6328 901 6394 REMY,
929 6327 1261 6401 Catalogue
1286 6327 1392 6384 des
1417 6327 1714 6394 tableaux,
1740 6327 2015 6394 bronzes,
2043 6335 2101 6384 et
2124 6327 2387 6384 marbres
2413 6327 2493 6384 du
2518 6326 2774 6384 Cabinet
2797 6327 2872 6384 de
2896 6328 2984 6384 M.
3018 6327 3151 6394 ***,
3178 6326 3341 6384 Paris
3374 6327 3548 6394 1773,
3575 6326 3637 6383 in
3664 6327 3716 6384 8.

2171 6657 2347 6694 WWW.
2358 6637 2734 6710 memofonte.
2748 6639 2766 6694 i
2770 6648 2791 6694 t
