4958 7017
1981 864 2366 922 Fondazione
2390 864 2775 922 Memofonte
2800 865 2976 922 onlus

1390 960 1600 1018 Studio
1624 979 1731 1035 per
1754 960 2226 1018 l’elaborazione
2250 960 2632 1018 informatica
2655 961 2813 1018 delle
2838 960 2991 1018 fonti
3018 960 3571 1018 storico—artistiche

481 1247 792 1305 Jablonski
816 1247 1002 1315 Pauli,
1027 1250 1122 1305 De
1145 1250 1472 1305 Memnone
1497 1267 1878 1321 graecorum,
1906 1247 2086 1305 2525.

481 1391 695 1449 Jacutii
719 1393 889 1459 Mat.,
914 1394 1009 1449 De
1035 1411 1215 1449 cruce
1238 1394 1456 1465 Magni
1482 1393 1823 1449 Costantini
1848 1403 1979 1459 etc.,
2009 1391 2187 1449 3246.

481 1535 695 1593 Jacutii
719 1537 889 1603 Mat.,
920 1536 1404 1593 Christianarum
1428 1538 1852 1609 antiquitatum
1876 1538 2229 1609 specimina,
2258 1536 2436 1593 3247.

481 1679 695 1737 Jacutii
719 1681 889 1747 Mat.,
920 1681 1431 1737 Commentarium
1458 1682 1517 1737 in
1544 1679 1775 1737 titulum
1797 1682 2082 1737 Bonusae
2109 1691 2167 1737 et
2186 1682 2430 1747 Menne,
2459 1679 2637 1737 3245.

481 1822 721 1897 Jaquier
743 1824 853 1890 Fr.,
879 1822 1174 1880 Elementi
1197 1823 1260 1880 di
1275 1825 1672 1896 prospettiva,
1703 1823 1839 1880 840.

481 1968 770 2041 Jagernan
795 1967 1009 2034 Gand,
1034 1966 1155 2024 Del
1178 1967 1341 2024 buon
1366 1978 1542 2040 gusto
1567 1966 1725 2024 nelle
1750 1969 1885 2034 arti,
1920 1966 2093 2024 1060.

481 2112 717 2178 Jansen,
743 2095 923 2168 Éssai
946 2130 1053 2168 sur
1075 2110 1361 2184 l’origine
1386 2111 1461 2168 de
1488 2110 1547 2168 la
1572 2130 1832 2184 gravure
1859 2130 1932 2168 en
1958 2111 2110 2178 bois,
2138 2110 2276 2168 263.

479 2257 709 2322 Icones,
742 2274 993 2328 operum
1017 2255 1494 2322 misericordiae,
1521 2255 1701 2312 2047.

479 2398 626 2455 Idea
651 2397 752 2455 del
766 2398 1028 2471 perfetto
1046 2400 1290 2471 pittore,
1325 2398 1456 2455 142.

481 2543 716 2599 Jeaurat
741 2542 899 2609 Seb.,
930 2543 1129 2599 Traité
1150 2542 1225 2599 de
1243 2543 1644 2615 perspective,
1675 2542 1811 2599 841.

481 2685 726 2743 Jenkins
751 2687 944 2753 Tom.,
975 2685 1278 2759 Catalogo
1303 2686 1405 2743 de’
1431 2688 1799 2743 monumenti
1822 2685 1923 2743 del
1945 2705 2056 2743 suo
2081 2705 2309 2753 museo,
2339 2686 2516 2743 3118.

481 2830 630 2903 Igny
657 2829 758 2899 (de
785 2829 872 2899 S.)
898 2830 1082 2896 Jean,
1108 2828 1388 2886 Ele’mens
1412 2829 1487 2886 de
1504 2831 1896 2902 portraiture,
1926 2829 2063 2887 329.

481 2972 671 3030 Ikenii
697 2973 898 3040 Conr.,
920 2974 1325 3046 Antiquitates
1350 2973 1698 3040 hebraicae,
1733 2973 1906 3030 1878.

479 3116 806 3174 Illustrium
819 3116 1378 3190 jureconsultorum
1405 3119 1719 3190 imagines,
1747 3117 1927 3174 2048.

479 3260 806 3318 Illustrium
823 3260 1333 3334 philosophorum
1359 3261 1611 3334 eﬂ”igies,
1639 3261 1820 3319 2049.

479 3406 784 3477 Imagines
809 3405 1166 3461 Sanctorum
1190 3406 1507 3461 Francisci
1532 3415 1663 3471 etc.,
1691 3403 1871 3461 2050.

479 3550 784 3621 Imagines
813 3550 1040 3605 Veteris
1064 3567 1140 3605 ac
1161 3550 1319 3605 Novi
1346 3550 1723 3615 Testamenti,
1751 3547 1931 3605 2051.

481 3691 769 3766 Indagine
796 3692 923 3762 (ab)
949 3693 1059 3759 Io.,
1090 3692 1526 3759 Chiromantia,
1554 3692 1734 3749 2444.

481 3835 769 3910 Indagine
796 3836 923 3906 (ab)
949 3837 1059 3903 Io.,
1084 3836 1568 3893 Introductiones
1592 3835 2149 3909 apotelesmaticae,
2177 3835 2358 3903 2445,
2385 3835 2565 3893 2446.

479 3979 867 4042 Indicazione
891 3981 1239 4052 antiquaria
1264 3978 1427 4036 della
1457 3978 1609 4036 Villa
1629 3978 1872 4046 Albani,
1902 3978 2079 4036 3756.

479 4123 686 4180 Indice
711 4122 875 4196 degli
901 4125 1183 4196 impronti
1206 4123 1269 4180 di
1292 4122 1593 4196 medaglie
1621 4122 1938 4196 imperiali,
1966 4123 2147 4181 2889.

479 4267 686 4324 Indice
711 4266 869 4324 delle
894 4278 1126 4340 stampe
1150 4266 1313 4324 della
1342 4266 1737 4340 Calcograﬁa
1762 4267 1864 4324 de’
1887 4269 2084 4334 Rossi,
2111 4267 2292 4324 4403.

481 4410 796 4485 Ingegneri
822 4410 981 4478 Gio.,
1008 4413 1060 4467 F
1062 4413 1361 4468 isonomia
1386 4410 1684 4478 naturale,
1712 4411 1892 4468 2447.

481 4553 806 4628 Inghirami
831 4553 1039 4621 Curtii,
1065 4556 1456 4611 Etruscarum
1481 4556 1923 4627 antiquitatum,
1950 4553 2130 4612 2590.

481 4697 806 4772 Inghirami
830 4699 1018 4765 Fran,
1043 4700 1423 4755 Monumenti
1448 4698 1712 4755 etruschi
1735 4698 1777 4755 d
1789 4699 2046 4755 ’etrusco
2071 4717 2267 4765 nome,
2295 4697 2475 4756 2591.

481 4841 806 4916 Inghirami
830 4843 1018 4909 Fran,
1049 4843 1478 4905 Osservazioni
1502 4841 1827 4899 sull’Italia
1852 4841 1953 4899 del
1973 4841 2207 4909 Micali,
2235 4841 2415 4899 2605.

479 4988 764 5059 Ingresso
792 4988 850 5043 in
873 4986 1116 5043 Dresda
1141 4986 1204 5043 di
1227 4986 1390 5043 deità
1408 5005 1656 5059 pagane
1684 4986 1907 5059 (festa),
1942 4986 2116 5044 1492.

479 5131 913 5202 Inscriptiones
938 5128 1234 5186 basilicae
1260 5130 1311 5186 S.
1342 5128 1537 5196 Pauli,
1567 5129 1745 5186 3120.

479 5275 812 5346 Insignium
836 5272 1072 5346 aliquot
1094 5275 1358 5330 virorum
1385 5275 1609 5340 icones,
1637 5272 1817 5330 2052.

481 5416 737 5474 Interian
761 5417 836 5474 de
861 5417 935 5491 Aj
946 5417 1056 5484 ala,
1082 5419 1292 5474 Pictor
1313 5417 1680 5474 christianus
1706 5417 1992 5484 eruditus,
2027 5416 2158 5474 146.

481 5559 778 5617 Invernizi
802 5559 972 5627 Phil.,
997 5562 1092 5617 De
1104 5560 1363 5633 froenis,
1398 5559 1572 5617 1677.

481 5703 735 5761 Joecher
758 5703 995 5771 Christ,
1020 5706 1297 5761 Biantem
1314 5706 1675 5777 prienoeum
1702 5706 1760 5761 in
1785 5724 2045 5771 nummo,
2073 5704 2253 5761 2888.

481 5848 764 5915 Jornbert,
786 5848 1203 5905 Architecture
1228 5848 1535 5915 moderne,
1564 5847 1702 5905 531.

481 5992 764 6059 Jornbert,
795 5991 986 6049 Catal.
1018 5992 1093 6049 de
1120 5991 1425 6049 l’oeuvres
1449 5992 1523 6049 de
1552 5992 1804 6059 Cochin,
1831 5992 2012 6049 4447.

481 6135 764 6202 Jornbert,
795 6134 986 6192 Catal.
1018 6135 1093 6192 de
1120 6134 1392 6192 l’oeuvre
1417 6135 1492 6192 de
1517 6135 1647 6192 Seb.
1681 6134 1735 6192 le
1764 6134 1959 6202 Clerc,
1986 6134 2167 6192 4461.

481 6279 764 6346 Jornbert,
795 6278 986 6336 Catal.
1018 6279 1093 6336 de
1120 6278 1392 6336 l’oeuvre
1417 6263 1736 6336 d’Étienne
1761 6279 1836 6336 de
1863 6278 1922 6336 la
1944 6278 2137 6346 Bella,
2164 6278 2345 6336 4454.

481 6424 662 6480 Jones
687 6422 877 6497 Inigo,
908 6424 1108 6496 Opere
1133 6423 1617 6490 d’architettura,
1646 6422 1783 6480 533.

2171 6657 2347 6694 WWW.
2358 6637 2734 6710 memofonte.
2748 6639 2791 6694 it
