4958 7017
1981 864 2366 922 Fondazione
2390 864 2775 922 Memofonte
2800 865 2976 922 onlus

1390 960 1600 1018 Studio
1624 979 1731 1035 per
1754 960 2226 1018 l’elaborazione
2250 960 2632 1018 informatica
2655 961 2813 1018 delle
2838 960 2991 1018 fonti
3018 960 3571 1018 storico—artistiche

699 1247 804 1322 fig.

701 1344 865 1401 Sono
901 1344 973 1400 12
1002 1343 1154 1418 fogli
1181 1343 1405 1418 piegati
1433 1343 1495 1400 in
1523 1343 1769 1418 doppio,
1800 1362 2118 1418 compreso
2146 1343 2189 1400 il
2218 1343 2630 1418 frontespizio,
2660 1343 2952 1418 intagliati
2980 1343 3042 1400 in
3068 1362 3232 1401 rame
3260 1344 3337 1401 da
3364 1343 3648 1401 Geremia
3673 1343 3886 1401 Wolff.
3919 1344 4120 1418 Opera
4146 1343 4207 1401 di
4233 1344 4486 1401 barbaro

699 1448 893 1514 gusto,
920 1439 982 1496 in
1006 1439 1150 1514 ogni
1177 1458 1284 1497 sua
1305 1448 1487 1514 parte.

473 1632 655 1689 4121.
704 1633 1004 1689 WALKER
1052 1631 1314 1689 Scottish
1363 1632 1642 1706 Scenery.
1693 1633 1944 1706 Twenty
1992 1631 2200 1699 views,
2251 1632 2554 1706 engraved
2599 1632 2680 1706 by
2725 1633 2819 1689 W.
2870 1633 3069 1706 Byrne
3117 1631 3277 1689 from
3320 1631 3581 1706 pictures
3628 1632 3709 1706 by
3755 1633 3785 1689 I
3793 1680 3802 1689 .
3852 1631 4097 1689 Walker
4143 1631 4286 1689 with
4331 1631 4493 1689 brief

699 1726 1083 1801 description,
1110 1727 1366 1784 London
1397 1727 1572 1794 1807,
1599 1726 1661 1783 in
1685 1726 1791 1784 fol.
1812 1746 1931 1800 per
1953 1738 2242 1784 traverso.

698 1805 746 1879 É
782 1823 1013 1897 d’uopo
1051 1823 1371 1880 accordare
1408 1823 1873 1880 assolutamente
1910 1822 2030 1897 agli
2065 1822 2284 1897 inglesi
2320 1841 2400 1880 un
2433 1822 2690 1897 primato
2729 1823 2996 1880 assoluto
3032 1822 3094 1879 in
3129 1822 3324 1897 questi
3359 1822 3569 1897 intagli
3605 1822 3666 1880 di
3703 1823 3920 1880 vedute
3954 1822 4336 1897 pittoresche,
4375 1822 4486 1880 che

699 1919 862 1993 dopo
897 1918 940 1975 il
973 1918 1182 1976 bulino
1218 1918 1279 1976 di
1312 1919 1558 1976 Woolet
1590 1918 1789 1976 hanno
1825 1918 2167 1993 migliorato
2205 1937 2440 1993 sempre
2473 1918 2595 1993 più,
2633 1918 2980 1993 giugnendo
3017 1919 3385 1976 all’estremo
3421 1919 3519 1976 del
3554 1927 3750 1993 gusto,
3788 1937 3963 1976 come
3996 1919 4118 1993 può
4155 1918 4391 1976 vedersi
4425 1918 4488 1975 in

698 2023 842 2072 tutte
867 2023 1076 2089 queste
1101 2033 1300 2089 opere.

479 2208 557 2281 [p.
586 2206 729 2276 259]

473 2398 655 2455 4122.
695 2399 951 2455 WAXEL
989 2398 1116 2468 (de)
1156 2399 1341 2465 Leon,
1382 2397 1633 2455 Recueil
1672 2398 1747 2455 de
1786 2398 2077 2472 quelques
2118 2397 2435 2472 antiquités
2474 2398 2711 2455 trovées
2753 2416 2850 2455 sur
2887 2398 2975 2455 les
3013 2398 3196 2455 bords
3236 2398 3311 2455 de
3350 2398 3408 2455 la
3444 2399 3581 2455 Mer
3617 2397 3822 2465 Noire,
3863 2397 4068 2455 Berlin
4113 2398 4288 2465 1803,
4329 2397 4391 2454 in
4428 2398 4485 2465 4,

698 2494 944 2551 tedesco
970 2512 1003 2551 e
1028 2493 1317 2551 francese.

698 2589 778 2647 Vi
805 2608 955 2647 sono
981 2590 1054 2646 21
1085 2590 1285 2647 tavole
1310 2608 1629 2664 compreso
1654 2589 1697 2646 il
1722 2589 2133 2664 frontespizio,
2161 2608 2194 2647 e
2218 2608 2337 2647 una
2358 2589 2599 2664 piccola
2622 2598 2782 2647 carta
2805 2590 2903 2647 del
2927 2591 3065 2647 Mar
3087 2591 3250 2647 Nero
3275 2590 3373 2647 nel
3396 2589 3712 2664 principio.

473 2782 655 2839 4123.
681 2783 924 2839 WOLFE
948 2800 981 2839 e
1007 2782 1319 2839 GANDON.
1347 2781 1507 2839 Vedi
1536 2784 1833 2839 Vitruvius
1855 2784 2260 2839 Britannicus.

473 2973 655 3030 4124.
698 2974 927 3030 WORM
969 2972 1107 3030 Olai
1148 2974 1244 3040 D.,
1288 2972 1661 3030 Danicorum
1700 2981 2230 3030 monumentorum
2270 2972 2371 3030 lib.
2416 2974 2501 3030 VI
2543 2991 2576 3030 e
2620 2972 2829 3047 spissis
2873 2972 3291 3047 antiquitatum
3330 2972 3590 3030 tenebris
3633 2981 3691 3030 et
3730 2972 3792 3029 in
3832 2972 4029 3030 Dania
4070 2991 4138 3030 ac
4180 2972 4489 3047 Norvegia

699 3068 1036 3126 extantibus
1060 3068 1371 3126 ruderibus
1397 3068 1564 3136 eruti,
1592 3068 1851 3126 Hafniae
1883 3068 2058 3136 1643,
2085 3068 2147 3125 in
2171 3068 2298 3136 fol.,
2326 3068 2430 3143 fig.

698 3165 746 3221 Il
779 3164 1171 3239 frontespizio
1205 3165 1238 3222 e
1270 3164 1581 3239 intagliato
1615 3165 1692 3222 da
1726 3164 1938 3222 Simon
1970 3165 2068 3222 dal
2100 3166 2286 3222 Passo
2318 3164 2486 3239 regio
2522 3165 2781 3222 scultore
2813 3164 2875 3221 in
2906 3164 3285 3222 Danimarca.
3322 3166 3406 3222 Le
3439 3183 3759 3222 numerose
3791 3165 3991 3222 tavole
4023 3164 4086 3221 in
4118 3165 4299 3239 legno
4335 3183 4485 3222 sono

699 3261 996 3318 collocate
1040 3260 1130 3318 fra
1171 3260 1214 3317 il
1257 3269 1428 3318 testo.
1478 3260 1541 3318 Si
1585 3260 1816 3318 osservi
1858 3261 2004 3335 però
2051 3279 2284 3335 sempre
2328 3260 2439 3318 che
2484 3261 2601 3318 alla
2641 3279 2698 3335 p.
2748 3260 2864 3318 345
2910 3279 3032 3318 non
3075 3260 3315 3318 manchi
3359 3261 3417 3318 la
3458 3261 3661 3318 tavola
3703 3261 3819 3318 due
3861 3260 4026 3335 piedi
4070 3261 4251 3335 lunga
4293 3279 4409 3318 ove
4453 3261 4486 3318 è

697 3364 1143 3430 rappresentato
1183 3355 1226 3412 il
1266 3355 1506 3413 famoso
1547 3374 1733 3413 corno
1774 3356 1950 3413 d’oro
1990 3364 2222 3413 trovato
2263 3356 2340 3413 da
2377 3374 2495 3413 una
2533 3355 2822 3413 fanciulla
2858 3374 2965 3430 per
3003 3374 3146 3413 caso
3185 3374 3395 3430 presso
3435 3374 3516 3413 un
3556 3356 3759 3413 albero
3799 3356 3897 3413 nel
3944 3355 4118 3414 1639.
4161 3357 4228 3412 In
4267 3355 4391 3413 fine
4432 3356 4487 3413 al

699 3452 962 3519 volume,
990 3451 1101 3509 che
1124 3451 1354 3509 ritiensi
1377 3470 1484 3526 per
1505 3470 1637 3509 raro
1665 3451 2092 3526 specialmente
2116 3451 2178 3508 in
2201 3451 2387 3519 Italia,
2414 3451 2638 3509 trovasi
2664 3451 2853 3509 anche
2878 3452 3113 3526 l’opera
3138 3460 3423 3526 seguente
3448 3452 3610 3509 dello
3638 3460 3829 3509 stesso
3856 3460 4076 3509 autore.

473 3643 655 3701 4125.
681 3645 910 3701 WORM
936 3643 1074 3701 Olai
1098 3645 1194 3711 D.,
1221 3645 1459 3718 Regum
1481 3643 1713 3701 Daniae
1740 3643 1923 3701 series
1949 3644 2172 3718 duplex
2196 3652 2254 3701 et
2277 3643 2539 3701 limitum
2561 3643 2713 3701 inter
2735 3643 2997 3701 Daniam
3020 3652 3078 3701 et
3103 3643 3386 3701 Sveciam
3409 3643 3752 3718 descriptio,
3780 3643 4038 3701 Hafniae
4070 3643 4245 3711 1640,
4272 3643 4334 3700 in
4358 3643 4398 3701 f.

473 3835 655 3893 4126.
684 3837 965 3893 WRIGHT
986 3835 1269 3903 Thomas,
1300 3835 1636 3893 Louthiana
1663 3854 1731 3893 or
1758 3854 1832 3893 an
1858 3835 2263 3893 introduction
2290 3844 2351 3893 to
2379 3835 2477 3893 the
2507 3835 2847 3910 antiquities
2876 3835 2949 3893 of
2969 3836 3203 3893 Ireland
3229 3835 3292 3892 in
3319 3836 3598 3910 upwards
3627 3835 3699 3893 of
3719 3835 3924 3910 ninety
3953 3835 4141 3893 views
4172 3836 4288 3893 and
4313 3836 4486 3910 plans

697 3930 1106 4005 representing
1132 3930 1276 3988 with
1298 3949 1517 4005 proper
1540 3930 1974 4005 explanations,
2001 3930 2099 3988 the
2122 3930 2416 4005 principal
2439 3930 2622 3998 ruins,
2650 3930 2987 3988 curiosities
3013 3939 3123 3988 etc.
3151 3930 3213 3987 in
3236 3930 3335 3988 the
3360 3939 3583 4005 county
3608 3930 3680 3988 of
3698 3930 3911 3998 Louth,
3939 3931 4195 3988 London
4226 3930 4400 3988 1758.

700 4027 901 4101 Opera
926 4026 1122 4084 divisa
1146 4026 1209 4083 in
1237 4027 1269 4084 3
1298 4026 1449 4101 parti
1476 4045 1593 4084 con
1618 4026 1787 4084 brevi
1813 4026 2226 4094 illustrazioni,
2256 4045 2289 4084 e
2316 4045 2434 4084 con
2461 4026 2539 4084 66
2566 4027 2767 4084 tavole
2793 4026 3099 4101 intagliate
3126 4026 3189 4083 in
3213 4045 3395 4094 rame,
3425 4045 3547 4084 non
3574 4045 3892 4101 compresa
3916 4045 4034 4084 una
4059 4027 4261 4084 tavola
4288 4026 4486 4084 avanti

698 4122 741 4179 il
766 4122 1178 4197 frontespizio:
1209 4122 1659 4180 accuratissima
1682 4122 1979 4190 edizione,
2007 4141 2182 4180 come
2207 4123 2267 4180 lo
2295 4141 2446 4180 sono
2471 4131 2615 4180 tutte
2640 4123 2696 4180 le
2721 4122 3046 4197 intraprese
3069 4141 3176 4197 per
3199 4141 3340 4180 cura
3363 4123 3461 4180 del
3488 4122 3691 4197 signor
3714 4124 4043 4180 Tommaso
4068 4124 4268 4197 Payne
4293 4141 4380 4180 ec.

473 4315 655 4372 4127.
682 4316 985 4372 XIMENES
1007 4315 1261 4382 Andres,
1288 4314 1689 4389 Descripcion
1713 4315 1811 4372 del
1835 4315 1984 4372 Real
2008 4316 2360 4372 Monastero
2386 4315 2461 4372 de
2488 4315 2545 4372 S.
2573 4316 2846 4372 Lorenzo
2872 4315 2947 4372 de
2972 4314 3309 4382 l’Escorial,
3336 4314 3580 4372 Madrid
3611 4314 3785 4382 1764,
3812 4314 3874 4371 in
3898 4314 4003 4372 fol.
4030 4314 4169 4389 pic.,
4197 4314 4301 4389 fig.

699 4411 834 4468 Con
865 4411 935 4468 18
963 4410 1171 4485 grandi
1195 4411 1395 4468 tavole
1419 4410 1727 4485 intagliate
1751 4410 1813 4467 in
1835 4429 2017 4468 rame:
2047 4410 2348 4468 l’edificio
2374 4411 2407 4468 è
2433 4411 2973 4485 ampollosamente
2998 4429 3031 4468 e
3056 4410 3487 4468 minutamente
3511 4410 3822 4468 illustrato.

473 4602 655 4659 4128.
682 4603 1001 4659 ZAMBONI
1018 4602 1395 4669 Baldassare,
1422 4601 1724 4659 Memorie
1748 4601 1984 4659 intorno
2011 4602 2126 4659 alle
2149 4601 2476 4676 pubbliche
2499 4601 2604 4676 più
2627 4601 2850 4676 insigni
2876 4601 3186 4659 fabbriche
3211 4601 3272 4659 di
3296 4601 3561 4669 Brescia,
3588 4601 3837 4659 Brescia
3867 4602 4041 4669 1778,
4068 4601 4130 4658 in
4154 4601 4281 4669 fol.,
4309 4601 4413 4676 fig.

699 4698 834 4755 Con
858 4697 1062 4755 undici
1087 4698 1287 4755 tavole
1312 4697 1618 4772 intagliate
1643 4697 1705 4754 in
1728 4716 1910 4765 rame,
1938 4716 1971 4755 e
1996 4698 2182 4755 molte
2208 4697 2471 4772 vignette
2497 4716 2613 4755 ove
2640 4716 2791 4755 sono
2818 4697 2947 4755 altri
2972 4697 3365 4755 monumenti.
3395 4698 3596 4772 Opera
3617 4698 3736 4755 ben
3761 4697 3922 4765 fatta,
3950 4716 3983 4755 e
4008 4697 4346 4765 utilissima,
4374 4697 4486 4755 che

697 4794 988 4868 potrebbe
1014 4793 1234 4851 servire
1259 4793 1320 4851 di
1345 4793 1636 4868 esempio,
1666 4793 2094 4868 specialmente
2117 4812 2224 4868 per
2246 4793 2289 4850 il
2313 4802 2466 4851 testo
2493 4812 2527 4851 a
2550 4794 2736 4851 molte
2760 4793 3154 4851 illustrazioni
3179 4793 3290 4851 che
3315 4812 3611 4851 mancano
3635 4812 3743 4868 per
3766 4793 3907 4851 città
3930 4793 4234 4868 cospicue.

2171 6657 2347 6694 WWW.
2358 6637 2734 6710 memofonte.
2748 6639 2791 6694 il
