4958 7017
1981 864 2366 922 Fondazione
2390 841 2775 922 Mernofonte
2800 865 2976 922 onlus

1390 960 1600 1018 Studio
1624 979 1731 1035 per
1754 960 2226 1018 l’elaborazione
2250 960 2632 1018 informatica
2655 961 2813 1018 delle
2838 960 2991 1018 fonti
3018 960 3571 1018 storico—artistiche

708 1248 909 1322 Opera
942 1247 1281 1305 dottissima
1315 1266 1348 1305 e
1383 1247 1849 1322 diligentissima
1882 1247 2079 1305 divisa
2112 1247 2174 1304 in
2209 1248 2245 1306 9
2280 1247 2449 1322 parti,
2486 1248 2841 1305 nell’ottava
2874 1248 3032 1305 delle
3067 1247 3230 1322 quali
3267 1247 3317 1305 si
3351 1256 3521 1305 tratta
3554 1248 3712 1305 delle
3746 1247 4133 1322 proporzioni
4168 1248 4266 1305 del
4301 1266 4487 1322 corpo

706 1362 946 1401 umano.
990 1345 1074 1401 Le
1115 1344 1315 1401 tavole
1356 1343 1783 1418 copiosissime
1826 1362 1976 1401 sono
2017 1352 2162 1401 tutte
2204 1343 2510 1418 frapposte
2552 1344 2607 1401 al
2647 1352 2818 1401 testo.
2862 1344 3145 1401 L’autore
3186 1362 3366 1401 meno
3408 1344 3672 1401 curando
3714 1343 3797 1418 gli
3839 1343 3968 1401 altri
4009 1343 4121 1401 che
4162 1344 4485 1401 l’avevano

705 1440 1050 1514 preceduto,
1080 1439 1191 1497 che
1217 1439 1237 1496 i
1264 1439 1772 1514 contemporanei,
1804 1439 1853 1497 si
1878 1439 2155 1514 professa
2180 1439 2490 1514 obbligato
2519 1458 2553 1497 a
2577 1458 2657 1497 un
2683 1448 2845 1497 certo
2874 1439 3114 1497 Giovan
3139 1440 3459 1497 Zamberto
3486 1439 3838 1497 Veneziano
3864 1439 4093 1514 pratico
4119 1439 4486 1514 prospettico

707 1536 784 1593 da
807 1535 904 1593 cui
929 1535 1091 1593 disse
1117 1554 1257 1593 aver
1279 1535 1591 1610 imparato,
1619 1554 1718 1593 ma
1742 1535 1853 1593 che
1878 1536 2067 1593 molto
2093 1535 2177 1610 gli
2202 1536 2373 1593 costò
2400 1554 2434 1593 a
2455 1535 2680 1593 ridurre
2706 1554 2740 1593 a
2763 1535 2943 1593 facile
2968 1535 3468 1593 comunicazione
3494 1535 4042 1610 gl’insegnamenti.

474 1751 636 1819 810.
683 1752 1037 1819 BAROZZI
1071 1752 1373 1819 Jacomo
1417 1750 1509 1819 da
1549 1750 1888 1840 Vignola,
1934 1752 2035 1819 Le
2079 1750 2218 1819 due
2260 1750 2507 1840 regole
2550 1750 2741 1819 della
2780 1750 3224 1840 prospettiva
3263 1750 3534 1840 pratica
3575 1750 3691 1819 coi
3736 1750 4207 1819 commentari
4251 1750 4369 1819 del
4411 1752 4483 1819 P.

707 1865 946 1947 Danti,
979 1867 1216 1934 Roma
1252 1865 1460 1947 1583,
1493 1865 1567 1933 in
1596 1865 1723 1934 fol.
1757 1865 1883 1955 fig.
1917 1865 2154 1934 Prima
2182 1865 2536 1934 edizione.

593 2023 692 2028 —
720 1982 822 2049 La
852 1991 1081 2049 stessa
1108 1980 1182 2048 in
1211 1982 1448 2049 Roma
1484 1980 1662 2049 1611
1700 1980 1774 2048 in
1803 1980 1930 2049 fol.
1964 1980 2090 2070 fig.
2123 1980 2542 2070 Esemplare
2572 1980 2646 2048 in
2675 2002 2846 2049 mar.
2881 1980 3029 2049 dor.

706 2092 881 2149 Bella
902 2091 1188 2166 ristampa
1211 2092 1369 2149 colle
1394 2091 1728 2149 medesime
1752 2092 1969 2149 tavole.

478 2306 640 2374 811.
691 2307 1045 2374 BAROZZI
1083 2307 1385 2374 Jacomo
1433 2305 1524 2374 da
1568 2305 1907 2395 Vignola,
1957 2307 2060 2374 La
2107 2316 2354 2387 stessa,
2404 2307 2642 2374 Roma
2695 2305 2903 2387 1644,
2953 2305 3080 2374 fol.
3131 2305 3257 2395 fig.
3309 2305 3563 2374 ottima
3606 2305 3949 2395 ristampa
3994 2327 4033 2374 e
4077 2305 4486 2374 bellissimo

708 2420 1107 2510 esemplare
1136 2420 1210 2488 in
1239 2442 1411 2489 mar.
1446 2420 1594 2489 dor.

708 2532 937 2603 Questo
965 2532 998 2589 e
1025 2531 1068 2588 il
1096 2531 1339 2606 miglior
1364 2531 1537 2599 libro,
1567 2531 1678 2589 che
1706 2532 1783 2589 da
1807 2531 1910 2589 noi
1939 2531 1988 2589 si
2016 2550 2282 2589 conosca
2306 2550 2413 2606 per
2440 2531 2623 2589 simili
2650 2531 3022 2589 instituzioni
3050 2550 3083 2589 e
3108 2532 3291 2589 rende
3318 2550 3399 2589 un
3425 2540 3606 2589 conto
3634 2531 4008 2606 giustissimo
4036 2532 4194 2589 delle
4222 2531 4487 2606 migliori

707 2646 889 2702 opere
925 2627 1287 2702 precedenti.
1330 2627 1732 2685 Grandissimi
1769 2628 1928 2685 nelle
1965 2627 2230 2685 teoriche
2269 2646 2302 2685 e
2340 2628 2498 2685 nelle
2535 2627 2801 2702 pratiche
2840 2627 3057 2685 furono
3096 2628 3351 2685 l’autore
3389 2646 3422 2685 e
3460 2627 3503 2684 il
3542 2636 4032 2685 commentatore.
4073 2629 4159 2685 La
4194 2627 4388 2702 prima
4425 2627 4486 2685 di

707 2732 915 2798 queste
941 2723 1140 2781 edizio
1172 2725 1250 2798 [p.
1286 2723 1422 2793 151]
1453 2723 1514 2780 ni
1538 2723 1874 2781 bellissima
1896 2742 2003 2798 per
2027 2724 2085 2781 la
2108 2732 2208 2781 tua
2231 2723 2545 2781 nitidezza.
2574 2725 2658 2781 Le
2683 2724 2884 2781 tavole
2912 2742 3062 2781 sono
3087 2742 3297 2798 presso
3324 2723 3435 2781 che
3460 2732 3604 2781 tutte
3629 2723 3692 2780 in
3717 2724 3896 2798 legno
3924 2723 4014 2781 fra
4037 2723 4080 2780 il
4105 2732 4277 2791 testo,
4305 2742 4485 2781 meno

708 2820 919 2877 alcune
965 2819 1162 2894 poche
1208 2819 1269 2877 io
1315 2838 1497 2877 rame.
1547 2820 1595 2876 Il
1643 2819 2036 2894 frontespizio
2084 2820 2117 2877 e
2165 2819 2423 2894 figurato
2471 2820 2569 2877 col
2614 2819 2839 2877 ritratto
2887 2820 3244 2877 dell’autore
3290 2819 3352 2876 in
3399 2838 3612 2877 mezzo
3661 2820 3736 2877 ad
3781 2838 3862 2877 un
3906 2820 4006 2877 bel
4053 2820 4377 2877 colonnato
4424 2819 4487 2876 in

705 2915 1090 2990 prospettiva.

482 3131 644 3199 812.
678 3132 1051 3212 BAROZZI,
1084 3130 1363 3220 Regole
1398 3130 1590 3199 della
1621 3130 2064 3220 prospettiva
2095 3130 2365 3220 pratica
2399 3152 2539 3199 con
2573 3130 2596 3198 i
2632 3130 3103 3199 commentari
3139 3130 3211 3199 di
3247 3130 3541 3220 Ignazio
3576 3130 3815 3212 Danti,
3853 3130 4197 3212 Venezia,
4234 3152 4485 3220 presso

707 3245 941 3314 Pietro
971 3245 1348 3335 Battaglia,
1390 3246 1598 3327 1743,
1631 3245 1705 3313 in
1735 3245 1862 3314 fol.
1896 3245 2022 3335 fig.

708 3356 931 3427 Quarta
964 3355 1242 3413 edizione
1277 3355 1769 3430 diligentemente
1804 3355 2159 3430 migliorata.
2197 3357 2283 3413 La
2317 3355 2541 3413 varietà
2572 3355 3093 3430 particolarmente
3128 3355 3393 3413 consiste
3427 3356 3586 3413 nelle
3620 3356 3822 3413 tavole
3857 3355 3968 3413 che
4002 3364 4147 3413 tutte
4180 3355 4377 3413 rifatte
4412 3356 4489 3413 da

708 3451 961 3526 Giorgio
993 3451 1225 3509 Fossati
1259 3470 1410 3509 sono
1442 3451 1504 3508 in
1533 3470 1715 3519 rame,
1750 3460 1977 3509 mentre
2009 3452 2067 3509 la
2097 3451 2373 3526 maggior
2401 3460 2566 3526 parte
2597 3452 2755 3509 nelle
2786 3460 2871 3509 tre
2901 3451 3245 3526 precedenti
3277 3451 3541 3509 edizioni
3573 3470 3753 3509 erano
3785 3451 3847 3508 in
3878 3452 4075 3526 legno.
4110 3453 4177 3508 In
4208 3452 4486 3526 generale

706 3556 868 3605 tanto
892 3548 992 3622 pel
1016 3547 1142 3622 tipi,
1170 3556 1391 3622 quanto
1415 3566 1522 3622 per
1545 3547 1628 3622 gli
1652 3547 1861 3622 intagli
1886 3548 1919 3605 e
1944 3548 2021 3605 da
2042 3547 2323 3622 posporsi
2349 3548 2464 3605 alle
2490 3547 2724 3605 antiche
2750 3547 3031 3605 edizioni.

482 3763 644 3831 813.
712 3764 1085 3844 BAROZZI,
1152 3764 1255 3831 La
1315 3762 1759 3852 prospettiva
1819 3762 2089 3852 pratica
2151 3762 2508 3831 delineata
2570 3762 2644 3830 in
2706 3762 2947 3831 tavole
3012 3784 3052 3831 a
3113 3784 3366 3831 norma
3428 3762 3619 3831 della
3683 3762 3999 3831 seconda
4059 3762 4307 3852 regola
4369 3762 4486 3831 del

707 3877 1135 3959 medesimo,
1168 3877 1504 3967 Bologna
1540 3878 1749 3959 1744,
1782 3877 1856 3945 in
1884 3878 1952 3959 4,
1986 3899 2083 3967 gr.
2117 3877 2244 3967 fig.

707 3989 823 4046 Col
848 3988 1241 4063 frontespizio
1267 3988 1525 4063 figurato
1551 4007 1584 4046 e
1610 3988 1688 4046 66
1713 3989 1913 4046 tavole
1937 3988 1999 4045 in
2021 4007 2204 4056 rame,
2232 3988 2510 4046 edizione
2535 3988 2596 4046 di
2621 3989 2884 4046 comodo
2908 4007 3015 4063 per
3038 3989 3096 4046 la
3119 3988 3423 4063 gioventù.

474 4204 636 4272 814.
674 4205 944 4272 BOETII
970 4203 1200 4272 Anitii
1233 4203 1524 4272 Manilii
1560 4203 1830 4285 Severi,
1866 4203 2311 4285 Aritmetice,
2349 4205 2437 4272 V.
2478 4203 2802 4272 all’artic.
2837 4206 3253 4291 Margarita
3285 4203 3832 4291 Philosophica,
3869 4203 4487 4272 nell’Erudizione

707 4318 945 4400 Varia,
979 4340 1118 4387 con
1149 4318 1265 4387 cui
1296 4319 1335 4387 è
1364 4318 1625 4408 legato.

478 4529 640 4598 815.
674 4531 1045 4598 BORDONI
1067 4530 1182 4611 A.,
1215 4530 1352 4598 De’
1391 4529 1719 4598 contorni
1750 4529 1939 4598 delle
1969 4529 2219 4598 ombre
2249 4529 2625 4598 ordinarie.
2659 4531 2992 4611 Trattato,
3024 4529 3309 4598 Milano
3348 4529 3557 4611 1816,
3590 4529 3664 4597 in
3692 4530 3760 4611 4,
3794 4551 3891 4619 gr.
3925 4529 4052 4619 fig.

707 4641 842 4698 Con
884 4641 954 4698 18
993 4640 1201 4715 grandi
1236 4641 1453 4698 tavole.
1494 4641 1695 4715 Opera
1727 4649 1957 4698 trattata
1991 4659 2108 4698 con
2142 4649 2288 4698 tutta
2322 4641 2380 4698 la
2412 4640 2760 4715 profondità
2794 4641 2954 4698 della
2990 4640 3230 4698 scienza
3264 4640 3645 4698 matematica
3679 4659 3712 4698 e
3747 4649 3962 4715 troppo
3998 4640 4256 4698 difficile
4290 4659 4397 4715 per
4431 4641 4487 4698 le

705 4735 971 4810 pratiche
995 4735 1334 4793 necessarie
1360 4735 1479 4810 agli
1505 4735 1707 4793 artisti.

482 4931 644 5000 816.
686 4933 942 5000 BOSSE
973 4931 1268 5013 Abram,
1309 4931 1545 5000 Traité
1583 4931 1709 5000 des
1747 4931 2109 5021 pratiques
2150 4931 2625 5021 géometrales
2665 4942 2734 5000 et
2768 4931 3257 5021 perspectives
3298 4931 3724 5021 enseignées
3764 4931 3940 5000 dans
3979 4931 4486 5000 l’Accademie

707 5046 985 5136 Royale
1015 5046 1105 5115 de
1134 5046 1204 5115 la
1230 5046 1555 5136 peinture
1585 5057 1654 5115 et
1684 5046 2065 5136 sculpture,
2098 5046 2292 5115 Paris
2332 5046 2540 5128 1665,
2573 5046 2700 5136 fig.
2735 5046 2809 5114 in
2842 5047 2904 5115 8.

704 5158 905 5232 Opera
944 5157 1106 5215 ricca
1147 5157 1208 5215 di
1252 5157 1328 5215 67
1373 5158 1573 5215 tavole
1616 5157 1677 5215 di
1719 5158 1883 5215 bello
1926 5157 2195 5232 intaglio,
2241 5176 2417 5215 come
2461 5158 2521 5215 lo
2567 5176 2717 5215 sono
2761 5157 2892 5215 tutti
2934 5157 2954 5214 i
2998 5157 3230 5215 volumi
3273 5157 3334 5215 di
3377 5166 3590 5232 questo
3635 5158 3871 5215 valente
3915 5157 4131 5215 artista.
4178 5157 4401 5215 Avanti
4443 5157 4486 5214 il

707 5253 1099 5328 frontespizio
1128 5253 1216 5311 sia
1239 5253 1283 5310 il
1307 5253 1646 5311 bellissimo
1672 5253 1845 5311 titolo
1872 5253 2149 5328 figurato,
2178 5272 2211 5311 e
2236 5253 2298 5310 in
2322 5272 2403 5311 un
2426 5272 2627 5328 panno
2654 5253 2885 5328 leggasi
2910 5253 3221 5328 intagliato
3245 5256 3480 5328 Legons
3505 5254 3775 5311 données
3800 5254 3955 5311 dans
3982 5253 4002 5311 l
4015 5254 4393 5311 ’Accadernie
4417 5256 4480 5311 R.

706 5350 781 5407 de
799 5352 1080 5423 peinture
1107 5361 1165 5407 et
1186 5349 1395 5423 scalpi.
1419 5369 1543 5423 par
1558 5351 1624 5407 A.
1654 5352 1863 5407 Basse.

478 5545 640 5613 817.
687 5546 943 5613 BOSSE
977 5544 1273 5626 Abram,
1318 5544 1648 5613 Manière
1689 5544 2124 5613 universelle
2167 5544 2256 5613 de
2297 5546 2403 5613 M.
2450 5546 2860 5634 Desargues
2903 5566 3085 5634 pour
3124 5544 3484 5634 pratiquer
3524 5544 3594 5613 la
3633 5544 4074 5634 prospettive
4115 5566 4241 5634 par
4280 5544 4485 5634 petit-

706 5659 896 5749 pied,
930 5681 1219 5728 comme
1248 5659 1316 5728 le
1347 5659 1763 5749 géometral,
1796 5659 1990 5728 Paris
2030 5659 2238 5741 1648,
2272 5681 2361 5728 en
2394 5660 2457 5741 8,
2490 5659 2616 5749 fig.

708 5771 909 5845 Opera
941 5770 1097 5828 assai
1130 5770 1373 5828 distinta
1405 5770 1602 5828 divisa
1632 5770 1695 5827 in
1728 5771 1844 5828 due
1875 5771 2044 5845 parti,
2080 5771 2178 5828 col
2209 5771 2309 5828 bel
2340 5770 2564 5828 ritratto
2598 5770 2659 5828 di
2692 5772 2780 5828 M.
2816 5770 3074 5828 Larcher
3103 5770 3443 5845 presidente
3476 5771 3636 5828 della
3668 5771 3924 5828 Camera
3955 5770 4053 5828 dei
4087 5770 4286 5838 Conti,
4322 5770 4420 5828 cui
4453 5771 4486 5828 e

707 5866 983 5924 dedicata
1006 5866 1352 5934 l’edizione,
1380 5885 1413 5924 e
1438 5885 1555 5924 con
1586 5866 1697 5924 155
1724 5867 1924 5924 tavole
1948 5866 2010 5923 in
2032 5885 2214 5924 rame.
2242 5867 2590 5941 Esemplare
2615 5867 2713 5924 del
2738 5868 2965 5924 Tuano.

482 6082 644 6150 818.
678 6083 934 6150 BOSSE
956 6081 1252 6163 Abram,
1284 6083 1372 6150 Et
1398 6083 1505 6150 M.
1540 6081 1635 6150 du
1664 6083 2003 6171 Boccage
2032 6083 2327 6163 Lettres,
2360 6081 2555 6150 Paris
2595 6081 2803 6163 1668,
2836 6081 2910 6149 in
2943 6082 3005 6150 8.

708 6193 937 6264 Questo
970 6193 1003 6250 e
1034 6211 1115 6250 un
1146 6193 1525 6267 opuscoletto
1558 6192 1619 6250 di
1653 6193 1781 6250 sole
1813 6193 1889 6250 23
1923 6192 2142 6267 pagine
2173 6192 2235 6249 in
2266 6192 2535 6250 caratteri
2567 6192 2974 6260 minutissimi,
3009 6211 3125 6250 ove
3159 6211 3310 6250 sono
3343 6192 3602 6250 discussi
3633 6201 3720 6250 tra
3751 6192 3945 6267 questi
3977 6193 4093 6250 due
4123 6192 4487 6267 personaggi

708 6288 906 6346 alcuni
932 6288 1264 6363 argomenti
1288 6288 1665 6346 interessanti
1691 6288 1752 6346 di
1775 6289 1935 6346 belle
1961 6288 2084 6346 arti.

2171 6657 2347 6694 WWW.
2358 6637 2734 6710 memofonte.
2748 6639 2791 6694 il
