4958 7017
1981 864 2366 922 Fondazione
2390 864 2775 922 Memofonte
2800 865 2976 922 onlus

1390 960 1600 1018 Studio
1624 979 1731 1035 per
1754 960 2226 1018 l’elaborazione
2250 960 2632 1018 informatica
2655 961 2813 1018 delle
2838 960 2991 1018 fonti
3018 960 3571 1018 storico—artistiche

707 1262 1191 1320 nuovamente
1221 1251 1506 1320 tradotti
1539 1251 1730 1320 dalla
1759 1251 2006 1341 lingua
2035 1251 2255 1320 latina
2284 1251 2477 1320 nella
2506 1251 2892 1320 italianada
2920 1253 3026 1320 M.
3063 1251 3429 1320 Giovanni
3461 1251 3684 1320 Paolo
3717 1251 4049 1320 Gallucci
4084 1251 4482 1333 salodiano,

708 1366 798 1435 ed
841 1366 1262 1435 accresciuti
1306 1366 1423 1435 del
1465 1366 1716 1456 quinto
1760 1366 1944 1435 libro
1988 1366 2121 1435 che
2163 1377 2367 1435 tratta
2408 1366 3048 1456 dell’espressione
3091 1366 3285 1456 degli
3331 1366 3563 1435 affetti
3607 1366 4056 1448 dell’animo,
4103 1377 4486 1456 composto

708 1481 825 1550 dal
853 1481 1259 1563 traduttore,
1292 1481 1618 1550 Venezia
1654 1481 1863 1563 1591,
1895 1503 2021 1571 per
2048 1481 2459 1550 Domenico
2489 1481 2835 1563 Nicolini,
2868 1481 2942 1549 in
2971 1481 3098 1550 fol.
3132 1481 3258 1571 fig.

639 1639 689 1644 —
715 1598 1185 1678 ESEGRENIO,
1218 1596 1385 1665 vedi
1420 1596 1855 1666 Colombina
1886 1620 1985 1665 ec.

476 1827 640 1895 322.
673 1826 1647 1908 EUSTACHIIBarth010m€Ì,
1680 1826 1997 1895 Tabulae
2028 1826 2477 1895 anatomicae
2508 1826 2741 1895 editae
2772 1848 2812 1895 a
2838 1828 2945 1895 Io.
2978 1826 3215 1895 Maria
3242 1826 3605 1908 Lancisio,
3638 1826 3965 1895 Venetiis
4005 1826 4213 1908 1769,
4246 1826 4320 1894 in
4349 1826 4476 1895 fol.

702 1939 786 1995 Le
820 1937 1086 2012 pessime
1121 1938 1322 1995 tavole
1358 1937 1419 1995 di
1455 1938 1843 2012 quest’opera
1876 1956 1998 1995 non
2035 1956 2185 1995 sono
2222 1938 2299 1995 da
2333 1937 2679 2005 osservarsi,
2718 1956 2818 1995 ma
2854 1937 2903 1995 si
2939 1938 2972 1995 e
3009 1937 3156 1995 fatto
3193 1946 3373 1995 conto
3410 1938 3568 1995 delle
3604 1937 4034 1995 dichiarazioni
4070 1937 4182 1995 che
4216 1956 4486 2012 possono

706 2033 999 2091 illustrare
1024 2034 1389 2091 dottamente
1414 2052 1447 2091 e
1470 2033 1972 2108 profondamente
1997 2034 2053 2091 le
2079 2034 2222 2091 altre
2247 2052 2429 2108 opere
2455 2033 2833 2091 anatomiche
2856 2052 2963 2108 per
2985 2052 3096 2091 uso
3122 2034 3220 2091 del
3245 2033 3517 2108 disegno.

476 2249 640 2317 323.
695 2250 1135 2317 FACILLIMA
1185 2248 1569 2317 methodus
1623 2248 2033 2317 delineandi
2086 2270 2340 2317 omnes
2392 2248 2689 2317 humani
2742 2248 3062 2338 corporis
3114 2259 3371 2338 partes,
3426 2248 3500 2316 in
3552 2248 3705 2330 fol.,
3761 2270 3850 2317 ex
3902 2248 4485 2338 Tipographoeio

707 2363 1291 2432 Remondiniano
1321 2374 1603 2432 veneto.

708 2475 935 2546 Questa
958 2475 991 2532 e
1016 2474 1405 2532 un’edizione
1430 2475 1588 2532 delle
1616 2483 1804 2532 stesse
1828 2475 2029 2532 tavole
2054 2474 2165 2532 che
2189 2474 2454 2532 trovansi
2479 2474 2981 2549 nell’Esegrenio;
3009 2493 3109 2532 ma
3132 2475 3341 2549 logore
3367 2474 3540 2532 assai.

476 2690 640 2758 324.
679 2691 1035 2758 FIDANZA
1069 2689 1314 2771 Paolo,
1353 2691 1566 2758 Teste
1604 2689 1824 2758 scelte
1860 2689 1932 2758 di
1967 2689 2401 2779 personaggi
2437 2689 2695 2758 illustri
2731 2689 2805 2757 in
2840 2689 3085 2758 lettere
3121 2711 3160 2758 e
3195 2689 3269 2757 in
3306 2689 3504 2771 armi,
3544 2700 3793 2758 cavate
3830 2689 3948 2779 già
3982 2689 4404 2758 dall’antico
4441 2711 4485 2758 o

708 2804 1241 2894 dall’originale
1271 2826 1310 2873 e
1340 2804 1613 2894 dipinte
1642 2804 1761 2873 nel
1790 2804 2145 2873 Vaticano
2176 2804 2268 2873 da
2295 2804 2651 2886 Rafaello,
2684 2806 2921 2873 Roma
2949 2804 3066 2873 dal
3104 2804 3290 2873 1756
3322 2804 3388 2873 al
3426 2804 3634 2886 1766,
3668 2804 3712 2873 6
3742 2804 3886 2873 vol.
3919 2804 4197 2894 rilegati
4227 2804 4301 2872 in
4331 2805 4396 2873 2.

716 2916 1118 2990 Contengono
1161 2915 1223 2972 in
1264 2924 1412 2973 tutto
1463 2916 1577 2972 144
1620 2916 1820 2973 tavole
1863 2915 1924 2973 di
1966 2915 2373 2973 un’incisione
2416 2916 2771 2990 grossolana
2812 2934 2845 2973 e
2888 2915 3123 2983 cattiva,
3167 2915 3336 2990 prive
3379 2915 3440 2973 di
3483 2924 3657 2990 gusto
3702 2915 3913 2973 affatto
3957 2916 4033 2973 ed
4075 2915 4342 2990 eseguite
4383 2934 4490 2990 per

709 3011 1132 3086 speculazione
1157 3011 1413 3079 libraria,
1440 3030 1539 3069 ma
1560 3012 1706 3086 però
1731 3030 1853 3069 non
1879 3030 2060 3069 senza
2082 3030 2201 3069 una
2224 3011 2479 3086 qualche
2502 3011 2955 3069 reminescenza
2978 3012 3076 3069 del
3101 3020 3384 3069 carattere
3409 3012 3783 3069 dell’autore.

476 3225 640 3294 325.
676 3226 963 3294 GENGA
992 3225 1459 3307 Bernardino,
1492 3225 1885 3294 Anatomia
1912 3247 2038 3315 per
2065 3247 2200 3294 uso
2232 3247 2271 3294 e
2301 3225 2765 3315 intelligenza
2794 3225 2911 3294 del
2942 3225 3247 3315 disegno
3279 3225 3468 3294 colle
3501 3225 3948 3315 spiegazioni
3980 3225 4070 3294 ed
4099 3225 4339 3294 indice
4370 3225 4487 3294 del

706 3340 1017 3409 Lancisi.
1061 3340 1481 3409 Pubblicata
1517 3362 1643 3430 per
1679 3362 1814 3409 uso
1855 3340 2483 3409 dell’Accademia
2521 3340 2593 3409 di
2632 3340 2930 3409 Francia
2967 3340 3041 3408 in
3080 3342 3336 3422 Roma,
3378 3362 3504 3430 per
3541 3342 3756 3409 Dom.
3800 3341 3936 3409 De’
3984 3340 4224 3422 Rossi,
4276 3340 4484 3422 1691,

708 3477 926 3545 opera
996 3455 1616 3545 splendidamente
1686 3455 2029 3545 eseguita:
2107 3455 2528 3545 aggiuntovi
2602 3456 2640 3524 8
2712 3455 2952 3524 tavole
3022 3455 3094 3524 di
3166 3455 3448 3524 antiche
3520 3466 3746 3524 statue
3815 3455 4182 3545 intagliate
4252 3455 4343 3524 da
4412 3456 4482 3524 S.

707 3570 1142 3639 Thomassin
1177 3570 1267 3639 ed
1302 3570 1473 3639 altre
1508 3581 1787 3660 quattro
1823 3570 1914 3639 da
1947 3570 2164 3639 Carlo
2200 3570 2526 3660 Gregori.
2566 3572 2644 3638 In
2679 3570 2852 3639 fine:
2893 3570 3105 3639 Livre
3140 3570 3229 3639 de
3265 3570 3586 3639 diverses
3622 3570 3894 3660 figures
3932 3570 4485 3660 accademiques

708 3685 1078 3754 dessinées
1110 3685 1397 3775 d’après
1428 3685 1702 3754 naturel
1731 3707 1857 3775 par
1883 3685 2113 3754 Edme
2143 3685 2627 3754 Bouchardon
2659 3685 3021 3775 sculpteur
3049 3685 3144 3754 du
3172 3685 3301 3767 roi,
3334 3685 3528 3754 Paris
3568 3686 3776 3754 1738.

714 3797 878 3854 Sono
904 3796 1098 3871 questi
1130 3797 1202 3853 12
1228 3796 1464 3871 disegni
1489 3797 1587 3854 del
1611 3797 1775 3854 nudo
1800 3796 2091 3871 intagliati
2115 3796 2178 3853 in
2203 3797 2425 3871 grande
2451 3797 2754 3871 all’acqua
2777 3796 2930 3854 forte
2955 3797 3032 3854 da
3055 3796 3277 3854 diversi
3301 3796 3548 3854 incisori
3573 3815 3690 3854 con
3713 3797 3903 3854 molto
3927 3797 4027 3854 bel
4052 3797 4237 3871 garbo

481 4013 574 4101 [p.
609 4011 730 4094 571

476 4241 640 4310 326.
684 4242 954 4310 GROSE
991 4241 1353 4330 Francois,
1395 4241 1762 4331 Principes
1803 4241 1892 4310 de
1932 4241 2320 4310 caricature
2362 4241 2587 4310 suivis
2628 4241 2806 4310 d’un
2845 4241 3033 4310 essai
3075 4263 3192 4310 sur
3229 4241 3299 4310 la
3334 4241 3659 4331 peinture
3698 4241 4058 4331 comique,
4099 4241 4360 4310 traduit
4397 4263 4487 4310 en

707 4356 1017 4445 francais
1050 4378 1226 4425 avec
1257 4356 1383 4425 des
1416 4356 1977 4446 augmentation,
2010 4356 2204 4425 Paris
2244 4357 2452 4438 1802,
2485 4356 2559 4424 in
2592 4357 2655 4438 8,
2688 4356 2814 4446 fig.

711 4467 1004 4525 Edizione
1056 4468 1533 4542 elegantemente
1583 4467 1931 4542 pubblicata
1981 4468 2058 4525 da
2107 4468 2429 4525 Renouard
2480 4486 2513 4525 e
2567 4467 2878 4525 arricchita
2928 4486 3046 4525 con
3097 4468 3174 4525 28
3228 4468 3429 4525 tavole
3481 4467 3912 4535 curiosissime,
3968 4468 4117 4525 oltre
4168 4467 4211 4524 il
4262 4467 4486 4525 ritratto

707 4564 1064 4621 dell’autore
1088 4563 1320 4638 inglese
1344 4563 1407 4620 in
1429 4563 1746 4638 principio.

476 4779 640 4847 327.
677 4780 900 4847 HOET
931 4778 1225 4860 Gerard,
1261 4780 1399 4847 Les
1432 4778 1857 4868 principaux
1890 4778 2322 4847 fondamens
2357 4778 2452 4847 du
2485 4778 2774 4847 dessein
2807 4778 2983 4847 dans
3017 4778 3122 4847 les
3156 4778 3361 4868 quels
3398 4789 3561 4847 sont
3590 4779 4034 4868 répresentés
4067 4778 4229 4868 plus
4264 4778 4486 4847 d’une

708 4893 1035 4962 centaine
1068 4893 1523 4983 d’exemples
1557 4893 1867 4962 naturels
1902 4893 2317 4962 d’attitudes
2352 4915 2391 4962 e
2424 4893 2550 4962 des
2585 4904 2822 4983 gestes
2857 4893 2946 4962 de
2977 4894 3155 4962 tètes
3190 4904 3259 4962 et
3290 4893 3416 4962 des
3450 4893 3761 4983 visages,
3798 4894 4095 4983 gravées
4128 4915 4255 4983 par
4285 4893 4486 4962 Fiere

707 5008 995 5090 Bodart,
1031 5009 1071 5077 à
1098 5008 1343 5098 Leyde
1381 5009 1589 5090 1723,
1622 5008 1696 5076 in
1725 5009 1771 5076 4
1802 5008 2088 5098 grande.

717 5120 965 5191 Quattro
995 5120 1123 5177 sole
1148 5119 1368 5194 pagine
1395 5119 1456 5177 di
1482 5128 1636 5177 testo
1664 5138 1697 5177 e
1724 5138 1804 5177 un
1831 5119 2210 5194 frontispizio
2238 5119 2497 5194 figurato
2525 5120 2674 5177 oltre
2702 5120 2959 5177 all’altro
2987 5119 3089 5194 qui
3119 5138 3296 5194 sopra
3321 5119 3603 5177 descritto
3629 5120 3973 5194 precedono
4001 5120 4057 5177 le
4084 5128 4259 5177 cento
4286 5120 4486 5177 tavole

707 5215 768 5273 di
793 5216 1195 5290 quest’opera,
1222 5215 1542 5273 notandosi
1567 5215 1679 5273 che
1704 5216 1761 5273 le
1784 5215 1975 5290 prime
2002 5215 2079 5273 36
2107 5234 2257 5273 sono
2282 5215 2450 5273 tirate
2475 5215 2699 5290 doppie
2723 5215 2858 5273 cioè
2883 5216 2999 5273 due
3024 5215 3246 5273 lamine
3269 5234 3376 5290 per
3397 5215 3633 5290 pagina.
3663 5216 3865 5290 Opera
3887 5215 4210 5273 mediocre.

476 5430 640 5498 328.
687 5431 967 5498 HOUET
1006 5431 1042 5498 ]
1052 5487 1063 5498 .
1110 5431 1192 5498 B.
1238 5429 1512 5519 peintre
1555 5429 1650 5498 du
1691 5429 1820 5511 roi,
1865 5431 2281 5519 Fragments
2326 5440 2395 5498 et
2434 5429 2795 5519 principes
2840 5429 2929 5498 de
2972 5429 3282 5511 dessein,
3329 5429 3677 5498 differens
3722 5429 4021 5511 cahiers,
4068 5451 4157 5498 en
4198 5440 4353 5498 tout
4393 5431 4485 5498 77

706 5544 1050 5634 planches
1090 5545 1298 5626 1777,
1332 5566 1421 5613 en
1449 5545 1516 5613 4.

589 5702 639 5707 —
665 5659 1038 5749 Aggiunti:
1077 5659 1187 5728 six
1215 5659 1377 5728 bras
1409 5659 1498 5728 de
1528 5659 1942 5728 cheminées
1973 5659 2300 5728 inventés
2330 5681 2457 5749 par
2483 5661 2716 5749 Forty.

589 5817 639 5822 —
666 5776 768 5843 La
795 5774 1110 5843 raccolta
1138 5774 1255 5843 die
1285 5774 1568 5864 disegni
1600 5774 1932 5864 originali
1963 5774 2035 5843 di
2065 5774 2599 5864 Parmigianino
2629 5774 2841 5843 incisi
2872 5774 2963 5843 da
2990 5774 3323 5864 Benigno
3354 5774 3593 5856 Bossi,
3625 5785 3743 5843 tav
3775 5775 3890 5856 30,
3923 5776 4176 5843 Parma
4212 5775 4419 5843 1772.

589 5932 639 5937 —
673 5891 731 5957 E
768 5889 842 5957 in
879 5889 1051 5958 fine:
1094 5889 1522 5958 Mascarade
1561 5890 1601 5958 à
1637 5889 1707 5958 la
1743 5911 2053 5979 grecque
2091 5889 2378 5979 d’après
2417 5889 2522 5958 les
2562 5889 2888 5958 desseins
2926 5889 3093 5958 tires
3133 5889 3228 5958 du
3266 5889 3551 5958 cabinet
3587 5889 3682 5958 du
3718 5889 4046 5979 Marquis
4086 5889 4175 5958 de
4211 5889 4484 5971 Felino,

706 6026 832 6094 par
859 6004 1193 6094 Benigno
1223 6004 1462 6086 Bossi,
1504 6005 1712 6086 1771,
1745 6015 1884 6073 tav.
1927 6005 2034 6073 10.

719 6117 786 6172 In
809 6124 957 6173 tutto
983 6124 1196 6190 questo
1222 6116 1467 6173 volume
1492 6115 1771 6173 contiene
1803 6115 1914 6173 125
1942 6116 2159 6173 tavole.

476 6331 640 6400 329.
679 6332 796 6398 DE
826 6331 943 6399 ST.
978 6332 1179 6399 IGNY
1211 6332 1407 6412 Jean,
1446 6330 1767 6399 élémens
1804 6330 1893 6399 de
1926 6330 2345 6420 portraiture
2380 6352 2475 6399 ou
2510 6330 2580 6399 la
2612 6330 2952 6399 methode
2987 6330 3076 6399 de
3109 6331 3553 6420 répresenter
3586 6341 3655 6399 et
3686 6330 4077 6420 pourtraire
4110 6341 4344 6399 toutes
4380 6330 4485 6399 les

2171 6657 2347 6694 WWW.
2358 6637 2734 6710 memofonte.
2748 6639 2791 6694 il
