4958 7017
1981 864 2366 922 Fondazione
2390 838 2775 922 Memofonte
2800 865 2976 922 onlus

1390 960 1600 1018 Studio
1624 979 1731 1035 per
1754 960 2226 1018 l’elaborazione
2250 960 2632 1018 informatica
2655 961 2813 1018 delle
2838 960 2991 1018 fonti
3018 960 3571 1018 storico—artistiche

481 1249 686 1322 Bruyn
711 1248 866 1315 Car.,
898 1250 1140 1321 Voyage
1167 1267 1239 1305 en
1263 1250 1468 1315 Perse,
1498 1247 1677 1306 3969.

481 1393 603 1466 Bry
629 1392 756 1462 (de)
782 1392 990 1459 Teod.,
1015 1394 1411 1449 Proscenium
1436 1394 1593 1449 vitae
1619 1392 1939 1459 bumanae,
1974 1391 2146 1449 1862.

481 1537 603 1610 Bry
629 1536 756 1606 (de)
782 1536 990 1603 Teod.,
1011 1537 1165 1593 Acta
1188 1536 1560 1603 Machmetii,
1595 1535 1768 1593 1863.

481 1681 603 1754 Bry
629 1680 756 1750 (de)
782 1680 990 1747 Teod.,
1015 1682 1535 1753 Peregrinationis
1562 1682 1620 1737 in
1643 1680 1897 1747 Indiam,
1927 1680 2104 1738 3970.

481 1823 745 1897 Brydou,
777 1825 1019 1896 Voyage
1046 1842 1119 1880 en
1145 1822 1344 1890 Sicile,
1370 1823 1551 1880 4333.

481 1966 847 2034 Bruchnero,
872 1969 967 2024 De
992 1967 1294 2040 artificum
1318 1967 1565 2034 morbis,
1600 1966 1690 2024 16.

481 2110 796 2178 Buchotte,
821 2110 1042 2184 Regles
1066 2111 1146 2168 alu
1169 2113 1366 2178 Lavis,
1396 2111 1532 2168 302.

481 2254 741 2312 Budelio
766 2256 935 2322 Ren,
960 2257 1055 2312 De
1080 2257 1336 2312 monetis
1362 2266 1420 2312 et
1444 2274 1507 2312 re
1532 2257 1890 2322 nummaria,
1918 2255 2098 2313 2789.

481 2398 724 2455 Bullant
746 2399 852 2465 le.,
877 2400 1065 2471 Regie
1090 2398 1581 2465 d’architecture,
1608 2397 1748 2455 455.

481 2542 711 2599 Bullart
733 2543 903 2609 Isao,
925 2542 1255 2599 Académie
1280 2542 1388 2599 des
1412 2553 1555 2609 arts,
1583 2542 1764 2599 2220.

481 2685 829 2760 Bulengerii
853 2687 963 2753 Ju.,
988 2688 1083 2743 De
1109 2688 1275 2743 circo
1303 2706 1575 2753 romano,
1605 2685 1783 2743 3636.

481 2828 829 2903 Bulengerii
853 2830 963 2896 Ju.,
988 2831 1083 2886 De
1106 2831 1479 2902 Imperatore
1506 2840 1564 2886 et
1583 2831 1845 2902 Imperio
1868 2831 2059 2896 Rom.,
2089 2828 2266 2886 3637.

481 2972 829 3047 Bulengerii
853 2974 963 3040 Ju.,
988 2975 1083 3030 De
1101 2975 1359 3046 pictura,
1384 2972 1659 3046 plastice,
1693 2984 1824 3040 etc.,
1852 2973 1949 3031 94.

481 3116 847 3191 Bulengerii,
872 3119 967 3174 De
994 3117 1229 3174 theatro
1256 3116 1532 3190 ludisque
1557 3119 1835 3184 scenicis,
1863 3117 2002 3174 787.

481 3261 699 3328 Bullet,
724 3261 1203 3318 L’archite'cture
1221 3263 1526 3334 pratique,
1553 3260 1693 3318 456.

481 3403 764 3461 Bumaldi
788 3405 899 3471 Io.,
924 3403 1292 3461 Minervalia
1318 3404 1739 3471 bononiensia,
1767 3404 1947 3461 2221.

481 3547 843 3605 Buonamici
867 3549 978 3615 Io.,
1003 3547 1483 3621 Metropolitana
1507 3548 1570 3605 di
1591 3550 1900 3615 Ravenna,
1929 3548 2107 3606 3971.

481 3691 681 3749 Buoni
705 3693 898 3759 Tom.,
923 3694 956 3748 I
967 3691 1273 3765 problemi
1296 3691 1459 3749 della
1484 3691 1766 3759 bellezza,
1801 3691 1975 3749 1046.

479 3836 835 3909 Burgundia
862 3837 951 3907 (a)
976 3836 1183 3893 mundi
1208 3835 1365 3909 lapis
1387 3836 1612 3903 Lidius,
1647 3835 1820 3893 1864.

481 3980 640 4036 Bure
667 3979 794 4049 (de)
822 3978 1003 4046 Guil.,
1034 3978 1374 4052 Catalogue
1398 3979 1473 4036 de
1499 3978 1558 4036 la
1588 3978 1866 4046 Valliere,
1893 3978 2074 4037 4639.

481 4124 640 4180 Bure
667 4123 794 4193 (de)
822 4122 1003 4190 Guil.,
1028 4122 1411 4196 Biblioteque
1439 4125 1800 4190 instructive,
1827 4122 2009 4180 4640.

481 4268 640 4324 Bure
667 4267 794 4337 (de)
822 4266 1003 4334 Guil.,
1034 4269 1211 4324 Tome
1237 4278 1564 4324 contenant
1587 4266 1646 4324 la
1673 4266 1853 4334 table,
1879 4266 2060 4324 4641.

481 4412 640 4468 Bure
667 4411 794 4481 (de)
822 4410 1003 4478 Guil.,
1031 4410 1434 4484 Supplement,
1461 4410 1642 4468 4642.

481 4555 640 4611 Bure
667 4554 794 4624 (de)
822 4553 1003 4621 Guil.,
1034 4553 1374 4627 Catalogue
1398 4554 1473 4611 de
1495 4556 1576 4611 M.
1608 4554 1683 4611 de
1706 4556 1963 4621 Limare,
1990 4553 2172 4611 4643.

481 4697 699 4765 Burke,
724 4698 1018 4755 Ricerche
1046 4700 1285 4755 intorno
1310 4697 1374 4755 al
1397 4697 1577 4765 bello,
1612 4698 1785 4755 1047.

481 4841 691 4899 Burtin
714 4843 824 4909 Fr.,
855 4843 1054 4899 Traité
1077 4842 1391 4915 theorique
1409 4861 1575 4915 pour
1597 4841 1684 4899 les
1710 4841 2011 4909 tableaux,
2039 4841 2135 4900 95.

481 4987 710 5043 Button
736 4986 863 5056 (de)
889 4987 1073 5053 Jean,
1098 4988 1397 5043 Discours
1421 4986 1496 5043 de
1522 4985 1581 5043 la
1599 4988 1867 5059 pintura,
1894 4985 1991 5044 96.

481 5128 852 5186 Buttacalice
877 5129 1014 5196 Ah.,
1039 5128 1222 5186 Della
1234 5129 1526 5202 fabbrica
1551 5129 1614 5186 di
1638 5130 1689 5186 S.
1724 5130 2106 5196 Geminiano,
2140 5129 2314 5196 1234,
2349 5128 2521 5186 1235.

481 5273 724 5347 Bylaert
746 5274 810 5340 I.,
840 5274 1115 5330 Gravure
1140 5273 1248 5330 des
1274 5284 1575 5346 estampes
1600 5272 1905 5340 colorites,
1933 5272 2072 5330 257.

481 5416 713 5491 Bynaei
738 5417 898 5484 Ant.,
923 5419 1018 5474 De
1044 5416 1271 5474 calceis
1296 5417 1718 5484 baebreorum,
1753 5416 1926 5474 1608.

481 5559 903 5634 Bytemeisteri
927 5561 1083 5627 Enr.,
1108 5559 1458 5617 Declinatio
1486 5562 1573 5617 rei
1596 5562 2074 5627 numismaticae,
2102 5560 2283 5618 2790.

482 6134 815 6192 Caburacci
839 6136 949 6202 Fr.,
980 6137 1245 6192 Trattato
1270 6134 1428 6192 delle
1456 6137 1731 6208 imprese,
1766 6134 1940 6192 1865.

482 6278 723 6336 Cadioli
749 6278 908 6346 Gio.,
934 6281 1162 6336 Pitture
1187 6279 1250 6336 di
1271 6281 1584 6346 Mantova,
1611 6278 1792 6336 4235.

482 6423 758 6480 Cabusac
786 6423 933 6493 (de),
958 6425 1044 6480 La
1069 6423 1260 6480 danse
1285 6425 1582 6480 ancienne
1609 6434 1667 6480 et
1688 6423 1995 6490 moderne,
2029 6422 2202 6481 1609.

2171 6657 2347 6694 WWW.
2358 6637 2734 6710 memofonte.
2748 6639 2791 6694 it
