4958 7017
1981 864 2366 922 Fondazione
2390 838 2775 922 Memofonte
2800 865 2976 922 onlus

1390 960 1600 1018 Studio
1624 979 1731 1035 per
1754 960 2226 1018 l’elaborazione
2250 960 2632 1018 informatica
2655 961 2813 1018 delle
2838 960 2991 1018 fonti
3018 960 3571 1018 storico—artistiche

479 1249 557 1322 [p.
593 1248 646 1317 1]

1674 1423 2642 1529 DELL’ANTICHITÀ
2675 1449 2795 1528 IN
2829 1448 3283 1529 GENERE

474 1669 655 1727 2475.
691 1670 967 1727 ABREGE
999 1670 1105 1727 des
1138 1669 1531 1727 transactions
1563 1669 2065 1744 philosophiques
2099 1670 2174 1727 de
2207 1670 2265 1727 la
2299 1669 2539 1727 Societé
2571 1670 2803 1744 Royale
2837 1670 2912 1727 de
2944 1670 3232 1727 Londres:
3268 1669 3474 1744 redige
3506 1688 3613 1744 par
3645 1669 3906 1727 Gibelin.
3944 1669 4240 1727 Onzieme
4272 1669 4482 1727 Partie:

708 1765 1012 1840 antiquité,
1040 1774 1098 1823 et
1119 1766 1316 1823 beaux
1341 1774 1474 1833 arts,
1501 1765 1664 1823 Paris
1698 1766 1853 1824 1789
1880 1784 1913 1823 e
1944 1766 2118 1833 1790,
2146 1766 2265 1823 vol.
2294 1766 2349 1833 2,
2377 1784 2452 1823 en
2479 1766 2532 1833 8,
2560 1765 2664 1840 fig.

474 1957 655 2014 2470.
682 1957 1099 2014 AGINCOURT.
1127 1956 1286 2014 Vedi
1308 1959 1579 2014 Histoire
1604 1957 1679 2014 de
1706 1956 1726 2014 I
1739 1958 1861 2014 ’Art
1875 1976 1999 2030 par
2021 1956 2108 2014 les
2130 1959 2512 2014 Monumens.
2540 1958 2650 2014 Fra
2672 1956 2692 2013 i
2717 1956 2852 2014 libri
2877 1957 3035 2014 delle
3061 1956 3167 2014 arti
3191 1956 3253 2013 in
3277 1957 3572 2031 generale.

474 2149 655 2206 2477.
682 2149 1084 2206 AGINCOURT
1109 2149 1226 2219 (d’)
1255 2149 1504 2216 Seroux,
1531 2148 1781 2206 Recueil
1806 2149 1881 2206 de
1906 2148 2211 2223 fragmens
2237 2149 2312 2206 de
2339 2149 2638 2223 sculpture
2664 2148 2904 2223 antique
2929 2167 3004 2206 en
3027 2157 3177 2206 terre
3202 2148 3377 2216 cuite,
3404 2148 3567 2206 Paris
3600 2149 3775 2216 1814,
3802 2148 3864 2205 in
3887 2149 3944 2216 4,
3972 2148 4247 2223 ﬁgurato.

708 2245 1112 2319 Quest’opera
1139 2263 1261 2302 non
1291 2244 1357 2302 fu
1384 2253 1683 2319 postuma,
1719 2245 1981 2302 sebbene
2012 2263 2271 2319 apparve
2300 2244 2463 2319 negli
2493 2244 2688 2302 ultimi
2720 2244 2914 2319 giorni
2944 2245 3320 2302 dell’autore:
3355 2263 3491 2302 essa
3520 2245 3553 2302 e
3581 2244 3762 2319 piena
3790 2244 3851 2302 di
3881 2244 4153 2302 dottrina.
4186 2245 4234 2301 Il
4262 2244 4486 2302 ritratto

707 2341 805 2398 del
829 2340 1166 2398 medesimo
1192 2341 1225 2398 e
1249 2340 1312 2397 in
1334 2340 1632 2415 principio
1658 2359 1691 2398 e
1716 2341 1772 2398 le
1796 2341 1996 2398 tavole
2020 2340 2308 2398 illustrate
2335 2359 2486 2398 sono
2514 2341 2609 2398 37.

474 2532 655 2589 2478.
691 2532 1167 2600 ANTIQUARIAN
1197 2540 1500 2606 repertory
1532 2531 1818 2589 intended
1850 2540 1911 2589 to
1945 2531 2232 2589 illustrate
2267 2532 2383 2589 and
2414 2550 2694 2606 preserve
2728 2532 3006 2589 valuable
3038 2531 3298 2589 remains
3333 2531 3405 2589 of
3432 2532 3537 2589 old
3569 2531 3744 2589 times
3781 2531 4034 2606 (chiefly
4067 2531 4375 2606 compiled
4406 2532 4487 2606 by

708 2628 920 2695 Grose,
949 2628 1065 2685 and
1088 2628 1286 2698 Astle)
1312 2646 1447 2685 new
1472 2627 1701 2685 edition
1725 2627 1869 2685 with
1894 2636 2058 2702 great
2082 2627 2400 2695 additions,
2428 2628 2684 2685 London
2716 2628 2870 2685 1807
2899 2646 2933 2685 a
2962 2628 3136 2695 1809,
3164 2628 3283 2685 vol.
3311 2628 3367 2695 4,
3394 2627 3456 2684 in
3479 2628 3535 2685 4.
3565 2628 3846 2702 Ouvrage
3871 2646 4015 2685 orne
4040 2628 4115 2685 de
4140 2628 4259 2685 238
4284 2628 4364 2702 pl.

474 2820 655 2878 2479.
683 2820 904 2876 L’ART
928 2820 1003 2877 de
1029 2819 1272 2877 verifier
1296 2820 1383 2877 les
1410 2820 1576 2877 dates
1603 2820 1709 2877 des
1736 2819 1873 2877 faits
1900 2819 2261 2894 historiques
2288 2819 2500 2894 depuis
2528 2820 2586 2877 la
2609 2819 2924 2877 naissance
2950 2820 3025 2877 de
3050 2821 3080 2877 ]
3088 2868 3097 2877 .
3126 2820 3194 2877 C.
3222 2838 3329 2894 par
3352 2838 3432 2877 un
3455 2819 3748 2894 religieux
3773 2820 3848 2877 de
3874 2820 3932 2877 la
3956 2819 4387 2894 congregation
4412 2820 4487 2877 de

709 2916 1035 2983 St—Maure,
1062 2915 1225 2973 Paris
1258 2916 1411 2973 1783
1440 2916 1495 2973 al
1527 2916 1701 2983 1787,
1730 2916 1762 2973 3
1791 2916 1910 2973 vol.
1938 2915 2000 2972 in
2024 2915 2129 2973 fol.
2158 2915 2339 2990 legati
2363 2915 2425 2972 in
2450 2915 2504 2973 6.

706 3011 999 3069 Edizione
1038 3011 1325 3069 ricercata
1364 3011 1727 3069 cominciata
1767 3012 1844 3069 da
1882 3013 1956 3069 D.
2000 3013 2218 3069 Mauro
2260 3030 2293 3069 e
2334 3012 2411 3069 da
2451 3011 2580 3069 altri
2621 3030 2654 3069 e
2695 3011 3040 3069 continuata
3079 3030 3112 3069 e
3152 3011 3499 3086 pubblicata
3538 3012 3615 3069 da
3654 3011 3744 3069 fra
3784 3012 4117 3079 Clemente,
4161 3011 4486 3069 dottissimi

705 3106 975 3181 religiosi
998 3106 1383 3164 benedettini.

474 3299 655 3356 2480.
682 3299 1064 3356 AUDRICHIO
1087 3299 1409 3366 Everardo,
1436 3298 1842 3356 Institutiones
1869 3298 2252 3373 antiquariae,
2279 3298 2614 3356 Florentiae
2646 3298 2821 3366 1755,
2848 3298 2910 3355 in
2933 3299 2989 3356 4.

709 3395 873 3452 Sono
897 3395 1098 3452 buone
1122 3394 1494 3452 instituzioni
1519 3394 1867 3452 elementari
1890 3413 1997 3469 per
2020 3403 2232 3469 questo
2260 3394 2474 3452 studio.

474 3586 655 3643 2481.
691 3587 1047 3643 BIANCHINI
1078 3587 1431 3653 Francesco,
1467 3587 1553 3643 La
1584 3585 1791 3643 istoria
1822 3585 2161 3643 universale
2193 3594 2443 3660 provata
2475 3604 2592 3643 con
2625 3585 3000 3643 monumenti
3034 3604 3067 3643 e
3101 3585 3357 3660 ﬁgurata
3389 3604 3506 3643 con
3541 3585 3784 3643 simboli
3818 3585 3981 3660 degli
4016 3585 4255 3653 antichi,
4291 3587 4488 3643 Roma

714 3682 889 3749 1797,
915 3681 977 3738 in
1000 3682 1038 3738 4
1064 3681 1168 3756 fig.

704 3778 1108 3852 Quest’opera
1134 3777 1456 3835 utilissima
1481 3796 1588 3852 per
1615 3778 1673 3835 la
1699 3777 2069 3852 cronologia,
2101 3778 2159 3835 la
2188 3777 2369 3835 storia
2396 3796 2429 3835 e
2458 3777 2839 3852 l’antiquaria
2866 3778 2899 3835 è
2927 3777 3216 3835 illustrata
3243 3778 3320 3835 da
3346 3778 3531 3835 molte
3558 3777 3894 3835 bellissime
3922 3777 4205 3835 incisioni
4233 3777 4296 3834 in
4322 3796 4486 3835 rame

707 3873 975 3948 eseguite
1003 3874 1080 3931 da
1106 3875 1167 3931 P.
1201 3874 1258 3931 S.
1289 3873 1518 3931 Bartoli
1545 3873 1607 3930 in
1636 3873 1711 3931 65
1742 3874 1942 3931 tavole
1973 3892 2175 3948 sparse
2203 3873 2301 3931 nei
2330 3874 2450 3948 varj
2484 3873 2692 3948 luoghi
2727 3875 2805 3948 [p.
2837 3874 2897 3943 2]
2931 3873 3120 3931 voluti
3148 3874 3246 3931 dal
3274 3882 3446 3941 testo,
3477 3874 3626 3931 oltre
3654 3873 3697 3930 il
3724 3873 4063 3931 bellissimo
4093 3873 4485 3948 frontespizio

707 3969 984 4044 figurato:
1014 3988 1047 4027 e
1074 3988 1224 4027 sono
1250 3970 1327 4027 da
1348 3969 1618 4027 ritenersi
1644 3969 1735 4027 fra
1758 3970 1814 4027 le
1839 3969 2103 4044 migliori
2126 3969 2485 4044 produzioni
2510 3969 2571 4027 di
2596 3978 2808 4044 questo
2835 3969 3050 4027 artista.
3078 3969 3513 4027 Freschissimo
3539 3988 3572 4027 e
3597 3969 3930 4044 magniﬁco
3956 3970 4307 4044 esemplare.

474 4161 655 4218 2482.
692 4162 901 4217 BLAIR
933 4160 1106 4228 John,
1143 4161 1362 4218 Tables
1398 4160 1883 4235 cronologiques,
1922 4160 2024 4235 qui
2059 4161 2432 4218 embrassent
2465 4169 2659 4218 toutes
2695 4161 2783 4218 les
2817 4160 3036 4235 parties
3073 4161 3148 4218 de
3183 4160 3480 4218 l’histoire
3514 4160 3894 4228 universelle,
3933 4161 4122 4218 année
4156 4179 4263 4235 par
4297 4161 4486 4218 année

707 4256 919 4331 depuis
948 4257 1006 4314 la
1033 4256 1298 4314 création
1325 4257 1406 4314 du
1433 4257 1674 4324 monde,
1697 4257 1990 4331 jusqu’en
2024 4256 2199 4324 1768,
2229 4256 2511 4314 traduites
2541 4275 2616 4314 en
2645 4256 2907 4331 francois
2934 4275 3041 4331 par
3068 4256 3424 4324 Chantreau,
3455 4265 3513 4314 et
3541 4257 3928 4331 augmentées
3950 4257 4171 4331 jusque
4200 4275 4275 4314 en
4310 4256 4485 4324 1795,

706 4352 869 4410 Paris
902 4352 1076 4420 1795,
1103 4352 1165 4409 in
1188 4353 1226 4409 4
1252 4353 1454 4427 grand.

713 4449 914 4523 Opera
937 4449 1097 4506 della
1118 4448 1223 4523 più
1247 4449 1469 4523 grande
1493 4448 1686 4506 utilità
1709 4467 1742 4506 e
1765 4448 2099 4506 benissimo
2125 4448 2411 4523 eseguita.

474 4641 655 4698 2483.
685 4642 1060 4698 BLANCANII
1085 4640 1314 4708 Jacobi,
1344 4642 1438 4698 De
1468 4640 1831 4715 antiquitatis
1863 4640 2078 4698 studio.
2111 4640 2318 4698 Oratio
2346 4640 2548 4698 habita
2573 4640 2635 4697 in
2663 4640 2912 4698 aedibus
2940 4640 3210 4708 instituti,
3240 4642 3325 4698 VI
3352 4640 3487 4698 idus
3515 4640 3840 4708 Januarias,
3870 4640 4186 4698 Bononiae
4221 4641 4396 4708 1781,
4426 4640 4488 4697 in

706 4736 762 4793 4.

709 4832 873 4889 Sono
923 4831 985 4888 in
1035 4840 1248 4906 questo
1299 4832 1595 4906 opuscolo
1647 4832 1859 4889 alcune
1910 4831 2174 4906 vignette
2224 4831 2530 4906 intagliate
2581 4850 2698 4889 con
2748 4831 2949 4906 grazia
2997 4832 3074 4889 da
3121 4833 3455 4889 Francesco
3506 4831 3863 4906 Rosaspina,
3917 4831 4201 4906 aggiunta
4248 4831 4311 4888 in
4361 4831 4486 4889 fine

707 4927 1165 4985 l’illustrazione
1198 4927 1259 4985 di
1292 4928 1408 4985 due
1441 4927 1743 5002 medaglie
1776 4927 1837 4985 di
1871 4927 2170 4985 Giacomo
2203 4927 2472 4985 Zucconi
2505 4927 2782 4985 dedicata
2814 4928 2869 4985 al
2901 4929 2962 4985 P.
2997 4927 3345 4985 Trombelli:
3382 4946 3505 4985 non
3539 4946 3689 4985 sono
3724 4927 3835 4985 che
3868 4936 4099 5002 quattro
4133 4927 4392 5002 foglietti
4425 4927 4486 4985 di

709 5032 955 5098 stampa.

474 5216 655 5273 2484.
682 5217 1102 5273 BOULANGER
1124 5215 1374 5273 Nicolas
1400 5215 1682 5283 Antoine,
1710 5215 2076 5290 L’antiquité
2101 5215 2379 5273 devoilée
2402 5234 2510 5290 par
2535 5234 2629 5273 ses
2654 5234 2890 5290 usages,
2918 5216 3306 5273 Amsterdam
3335 5215 3509 5283 1763,
3539 5216 3571 5273 3
3600 5216 3741 5283 vol.,
3768 5215 3830 5272 in
3861 5216 3951 5273 12.

706 5310 966 5385 Leggesi
994 5311 1049 5368 al
1074 5310 1372 5385 principio
1399 5329 1480 5368 un
1506 5319 1747 5368 estratto
1777 5311 1929 5368 sulla
1954 5310 2077 5368 vita
2102 5329 2135 5368 e
2162 5311 2218 5368 le
2245 5329 2427 5385 opere
2454 5311 2829 5378 dell’autore,
2859 5310 2970 5368 che
2995 5310 3283 5368 rimasero
3311 5311 3369 5368 la
3392 5310 3497 5385 più
3521 5319 3686 5385 parte
3711 5310 3951 5368 inedite.
3983 5310 4195 5382 Questi
4222 5310 4357 5368 libri
4382 5310 4487 5385 poi

705 5406 860 5481 privi
891 5407 1040 5464 d’un
1069 5406 1269 5464 indice
1300 5407 1578 5481 generale
1609 5407 1767 5464 delle
1798 5406 2043 5464 materie
2073 5425 2195 5464 non
2227 5425 2378 5464 sono
2410 5406 2471 5464 di
2502 5407 2703 5481 quella
2731 5406 2923 5464 utilità
2952 5406 3064 5464 che
3097 5406 3146 5464 si
3177 5406 3637 5464 desidererebbe
3667 5415 3844 5464 trarre
3875 5407 3952 5464 da
3979 5425 4059 5464 un
4090 5425 4394 5464 ammasso
4426 5406 4487 5464 di

707 5502 1054 5577 cognizioni
1078 5521 1201 5560 non
1225 5511 1540 5577 espurgate
1565 5503 1642 5560 da
1663 5503 1866 5560 buona
1889 5502 2110 5560 critica.

474 5694 655 5752 2485.
689 5695 978 5762 CAYLUS,
1011 5694 1262 5752 Recueil
1292 5694 1680 5769 d’antiquités
1711 5694 2123 5769 egyptiennes,
2156 5703 2485 5769 etrusques,
2519 5713 2828 5769 grecques,
2861 5703 2919 5752 et
2945 5694 3267 5762 romaines,
3299 5694 3462 5752 Paris
3500 5694 3656 5752 1752
3688 5713 3762 5752 au
3798 5694 3972 5762 1767,
4004 5694 4066 5751 in
4094 5695 4172 5762 4.,
4205 5694 4331 5769 fig.,
4364 5695 4483 5752 vol.

707 5791 762 5847 7.

713 5886 914 5960 Opera
940 5885 1196 5943 classica
1222 5904 1255 5943 e
1281 5885 1559 5960 preziosa
1583 5904 1690 5960 per
1715 5885 2064 5943 l’immensa
2090 5885 2356 5960 quantità
2382 5885 2480 5943 dei
2508 5885 2883 5943 monumenti
2910 5885 2972 5942 in
2999 5904 3136 5943 essa
3160 5885 3423 5960 prodotti
3451 5886 3528 5943 da
3554 5894 3766 5960 questo
3795 5886 4032 5943 celebre
4061 5885 4410 5960 antiquario.
4441 5886 4488 5942 Il

709 5981 946 6039 settimo
975 5982 1220 6039 volume
1247 6000 1571 6056 comparve
1597 5981 1659 6038 in
1685 5981 1910 6056 qualità
1935 5981 1996 6039 di
2025 5982 2462 6056 supplemento,
2492 5982 2752 6039 essendo
2780 5981 2879 6056 già
2903 5990 3097 6039 morto
3125 5982 3380 6039 l’autore
3407 6000 3440 6039 e
3467 5981 3532 6039 fu
3558 5990 3799 6039 estratto
3827 5982 3922 6039 da’
3958 5981 4090 6039 suoi
4117 5981 4487 6039 manoscritti

707 6078 784 6135 da
814 6079 902 6135 M.
939 6078 1014 6135 de
1046 6078 1408 6145 Bombarde,
1443 6077 1505 6134 in
1538 6077 1734 6135 fronte
1768 6078 1823 6135 al
1856 6078 2032 6152 quale
2066 6077 2132 6135 fu
2164 6096 2368 6135 messo
2401 6077 2444 6134 il
2476 6077 2700 6135 ritratto
2734 6078 3091 6135 dell’autore
3124 6096 3157 6135 e
3190 6077 3444 6152 l’elogio
3481 6077 3701 6135 storico
3735 6078 3833 6135 del
3866 6077 4221 6135 medesimo.
4259 6078 4488 6149 Questa

707 6174 1108 6248 grand’opera
1138 6173 1415 6231 contiene
1450 6174 1568 6231 800
1600 6174 1801 6231 tavole
1832 6173 2040 6241 incise,
2077 6192 2258 6231 senza
2288 6182 2530 6231 contare
2562 6173 2913 6231 l’immenso
2945 6192 3196 6231 numero
3229 6174 3387 6231 delle
3419 6173 3700 6248 vignette.
3735 6173 3995 6248 Leggesi
4029 6174 4120 6231 sul
4152 6173 4485 6248 magniﬁco

706 6278 910 6327 nostro
938 6270 1271 6344 esemplare
1298 6278 1509 6344 questa
1533 6269 1759 6327 notizia
1786 6269 2103 6344 singolare,
2133 6270 2191 6327 la
2216 6270 2392 6344 quale
2419 6269 2715 6327 convince
2743 6269 2804 6327 di
2830 6288 2948 6327 una
2973 6269 3160 6327 verità
3186 6269 3343 6327 assai
3369 6269 3518 6337 trita,
3548 6269 3683 6327 cioè
3710 6269 3821 6327 che
3848 6269 4128 6327 l’invidia
4153 6270 4362 6327 morde
4389 6270 4487 6327 col

709 6383 817 6422 suo
847 6365 1064 6422 veleno
1096 6383 1330 6439 sempre
1359 6364 1443 6439 gli
1471 6364 1703 6422 uomini
1732 6364 1752 6421 i
1779 6364 1884 6439 più
1912 6364 2137 6439 grandi.
2167 6367 2248 6422 M.
2282 6367 2345 6422 B.
2385 6366 2446 6422 C.
2482 6365 2557 6422 de
2590 6364 2813 6438 Caylus
2841 6365 3144 6438 avoitfait
3162 6364 3383 6438 placer
3406 6385 3444 6422 a
3473 6376 3538 6422 St.
3577 6366 3866 6422 Germain
3897 6364 3951 6422 le
3975 6366 4305 6422 Auxerrois
4326 6384 4492 6438 pour

2171 6657 2347 6694 WWW.
2358 6637 2734 6710 memofonte.
2748 6639 2766 6694 i
2770 6648 2791 6694 t
