4958 7017
1981 864 2366 922 Fondazione
2390 864 2775 922 Memofonte
2800 865 2976 922 onlus

1390 960 1600 1018 Studio
1624 979 1731 1035 per
1754 960 2226 1018 l’elaborazione
2250 960 2632 1018 informatica
2655 961 2813 1018 delle
2838 960 2991 1018 fonti
3018 960 3571 1018 storico—artistiche

706 1247 957 1322 Dionigi
983 1247 1305 1305 Ottaviano
1333 1248 1507 1315 Sada,
1534 1247 1596 1304 in
1620 1249 1834 1315 Roma,
1869 1247 2044 1315 1650,
2070 1266 2279 1322 presso
2304 1247 2541 1322 Filippo
2566 1247 2765 1315 Bussi,
2792 1247 2854 1304 in
2878 1247 2983 1305 fol.

711 1343 1004 1401 Edizione
1045 1344 1309 1401 seconda
1345 1343 1604 1411 italiana,
1646 1344 1704 1401 la
1740 1343 1933 1418 prima
1968 1344 2114 1418 però
2154 1344 2314 1401 della
2351 1343 2628 1401 versione
2667 1343 2728 1401 di
2768 1343 3090 1401 Ottaviano
3132 1344 3305 1401 Sada.
3347 1345 3520 1401 Tutte
3559 1344 3615 1401 le
3653 1343 3986 1401 traduzioni
4025 1344 4123 1401 del
4164 1344 4322 1401 Sada
4359 1362 4392 1401 e
4431 1344 4487 1401 le

706 1458 1026 1497 numerose
1054 1439 1318 1497 edizioni
1346 1439 1457 1497 che
1485 1458 1560 1497 ne
1588 1439 1805 1497 furono
1834 1439 1977 1497 fatte
2007 1458 2157 1497 sono
2186 1440 2263 1497 da
2288 1439 2506 1497 tenersi
2533 1439 2596 1496 in
2621 1458 2781 1514 poco
2810 1448 3009 1507 conto,
3038 1439 3257 1514 poiché
3285 1440 3341 1497 le
3368 1439 3669 1514 medaglie
3696 1439 4002 1514 intagliate
4029 1439 4092 1496 in
4119 1440 4299 1514 legno
4328 1439 4418 1497 fra
4443 1439 4486 1496 il

706 1544 859 1593 testo
895 1554 1046 1593 sono
1080 1535 1141 1593 di
1174 1535 1394 1593 cattiva
1425 1535 1787 1593 esecuzione
1820 1554 1853 1593 e
1886 1554 2008 1593 non
2039 1536 2309 1593 rendono
2344 1535 2689 1593 alcun’idea
2721 1536 2816 1593 de’
2856 1535 3248 1593 monumenti.
3285 1536 3333 1592 Il
3364 1554 3421 1610 p.
3460 1535 3648 1593 Scotti
3683 1535 3974 1610 aggiunse
4007 1554 4088 1593 un
4120 1535 4486 1593 duodecimo

707 1631 879 1699 libro,
912 1631 1023 1689 che
1052 1650 1267 1689 manca
1294 1632 1631 1706 nell’opera
1659 1631 2110 1706 dell’Agostini.
2144 1632 2407 1689 Almeno
2440 1631 2526 1689 sei
2556 1631 2821 1689 edizioni
2851 1650 3244 1706 comparvero
3275 1631 3580 1689 consimili
3611 1632 3726 1689 alle
3759 1632 3791 1689 3
3825 1631 3936 1689 che
3965 1631 4068 1689 noi
4096 1631 4485 1706 possediamo

707 1726 768 1784 di
793 1735 1003 1801 questa
1026 1726 1321 1784 versione.

474 1919 655 1976 2727.
683 1919 1023 1986 AGOSTINI,
1050 1918 1338 1993 Dialoghi
1366 1937 1544 1993 sopra
1567 1919 1623 1976 le
1648 1918 1967 1993 medaglie,
1994 1918 2301 1976 iscrizioni
2327 1919 2403 1976 ed
2428 1919 2572 1976 altre
2598 1918 2897 1986 antichità,
2924 1918 3162 1976 tradotti
3187 1919 3264 1976 da
3289 1918 3612 1976 Ottaviano
3640 1919 3814 1986 Sada,
3841 1920 4039 1976 Roma
4069 1918 4244 1986 1698,
4271 1918 4333 1975 in
4358 1918 4485 1986 fol.,

707 2014 812 2089 fig.

474 2207 655 2264 2728.
685 2207 1025 2274 AGOSTINI,
1055 2206 1343 2281 Dialoghi
1373 2225 1550 2281 sopra
1576 2207 1632 2264 le
1659 2206 1977 2281 medaglie,
2007 2206 2314 2264 iscrizioni
2342 2207 2418 2264 ed
2446 2207 2589 2264 altre
2618 2206 2916 2274 antichità,
2946 2206 3184 2264 tradotti
3212 2207 3372 2264 dalla
3398 2206 3603 2281 lingua
3631 2207 3964 2281 spagnuola
3989 2206 4386 2264 nell’italiana
4412 2207 4489 2264 da

708 2301 1030 2359 Ottaviano
1058 2302 1232 2369 Sada,
1259 2303 1456 2359 Roma
1486 2301 1661 2369 1736,
1688 2301 1750 2358 in
1774 2301 1901 2369 fol.,
1929 2301 2206 2376 figurato.

474 2494 655 2552 2729.
682 2494 1076 2551 AGRICOLAE
1101 2493 1368 2568 Georgii,
1395 2495 1489 2551 De
1515 2502 1646 2551 ortu
1670 2502 1728 2551 et
1751 2493 1949 2551 causis
1977 2494 2496 2551 subterraneorum
2519 2502 2577 2551 et
2601 2493 2718 2551 alia
2741 2494 3050 2568 opuscula,
3077 2493 3356 2551 Basileae
3388 2493 3563 2561 1546,
3590 2493 3652 2550 in
3676 2493 3781 2551 fol.

710 2625 793 2629 —
823 2589 1133 2664 Aggiunto
1165 2590 1327 2647 nello
1363 2598 1555 2647 stesso
1588 2590 1852 2647 volume:
1888 2591 1982 2647 De
2014 2589 2310 2647 mensuris
2343 2598 2401 2647 et
2429 2589 2797 2664 ponderibus
2830 2598 2888 2647 et
2919 2589 3036 2647 alia
3066 2590 3141 2647 de
3171 2589 3363 2664 pretio
3396 2590 3778 2647 metallorum
3808 2598 3866 2647 et
3896 2589 4174 2657 monetis,
4208 2589 4487 2647 Basileae

714 2685 889 2753 1550,
915 2685 977 2742 in
1001 2685 1106 2743 fol.

711 2781 1004 2839 Edizione
1031 2781 1547 2856 splendidamente
1572 2781 1858 2856 eseguita.

474 2973 655 3030 2730.
682 2973 921 3030 ALDINI
945 2972 1210 3030 Gioseff’
1221 2972 1510 3040 Antonio,
1537 2972 1912 3030 Instituzioni
1937 2972 2335 3047 litografiche,
2363 2973 2602 3030 Cesena
2632 2972 2807 3040 1775,
2834 2972 2896 3029 in
2923 2973 2975 3030 8.

708 3069 937 3140 Questo
963 3069 1172 3126 lavoro
1198 3069 1231 3126 e
1256 3077 1574 3143 composto
1598 3087 1705 3143 per
1728 3069 1784 3126 le
1811 3069 2017 3126 scuole
2042 3068 2389 3126 elementari
2414 3087 2532 3126 con
2556 3069 2802 3126 metodo
2828 3087 2861 3126 e
2886 3068 3213 3126 chiarezza.

474 3261 655 3318 2731.
687 3261 1037 3318 ALEANDRI
1064 3260 1403 3318 Hieronimi
1425 3260 1702 3335 junioris,
1734 3260 1923 3318 Navis
1953 3260 2264 3318 Ecclesiae
2296 3261 2445 3335 Sym
2478 3262 2556 3335 [p.
2588 3261 2691 3330 40]
2724 3261 2936 3318 bolum
2962 3260 3025 3317 in
3054 3260 3239 3318 veteri
3269 3279 3513 3335 gemma
3542 3260 3809 3318 annulari
3838 3260 4222 3335 insculptum,
4254 3262 4487 3318 Romae

714 3355 889 3423 1629,
915 3355 977 3412 in
1004 3356 1057 3423 8,
1085 3355 1189 3430 fig.

706 3453 773 3508 In
797 3452 1296 3526 quest’opuscolo
1322 3452 1577 3509 l’autore
1604 3451 1653 3509 si
1679 3451 1977 3509 annunzia
2000 3470 2176 3509 come
2201 3470 2281 3509 un
2304 3452 2550 3526 teologo
2574 3451 2864 3526 piuttosto
2890 3451 3001 3509 che
3026 3470 3202 3509 come
3226 3470 3307 3509 un
3332 3451 3682 3526 antiquario.

474 3644 655 3701 2732.
687 3644 1040 3701 ANGELONI
1067 3645 1420 3711 Francesco,
1452 3643 1816 3701 Dell’utilità
1843 3644 2003 3701 della
2030 3643 2471 3711 numismatica,
2502 3643 2773 3701 Venezia
2808 3644 2983 3711 1811,
3014 3643 3076 3700 in
3107 3644 3160 3711 8,
3190 3644 3469 3718 prodotta
3496 3644 3594 3701 dal
3622 3643 3998 3718 Meneghelli
4028 3662 4133 3701 ora
4160 3662 4259 3701 ma
4289 3643 4488 3701 scritta

706 3740 804 3797 nel
836 3739 1011 3807 1620,
1038 3741 1126 3797 M.
1155 3739 1251 3797 63.

474 3931 655 3988 2733.
682 3931 984 3988 ANSALDI
1007 3930 1174 3988 Casti
1198 3930 1552 3998 Innocentii,
1579 3930 1851 4005 Epistola
1874 3931 1949 3988 de
1972 3930 2251 3988 Tarsensi
2276 3931 2536 3988 Hercule
2560 3930 2622 3987 in
2646 3930 2822 3988 viridi
2839 3930 3080 4005 jaspide
3104 3930 3424 4005 insculpto,
3451 3930 3614 4005 Brin
3625 3949 3694 3988 ae
3726 3931 3900 3998 1749,
3927 3930 3989 3987 in
4012 3931 4069 3998 4,
4097 3930 4223 4005 fig.,
4250 3932 4338 3988 M.
4368 3930 4464 3988 65.

474 4123 655 4180 2734.
713 4123 1003 4180 ARIGONI
1056 4122 1312 4180 Honorii
1366 4122 1603 4190 Veneti,
1660 4122 2043 4180 Numismata
2096 4123 2411 4197 quaedam,
2470 4123 2905 4197 cujuscumque
2961 4122 3210 4190 formae,
3268 4131 3326 4180 et
3379 4122 3607 4180 metalli
3663 4123 3738 4180 ad
3791 4141 3970 4180 usum
4015 4122 4347 4197 juventutis
4401 4122 4487 4180 rei

706 4218 1077 4276 nummariae
1104 4218 1426 4286 studiosae,
1453 4218 1728 4286 Tarvisii,
1758 4218 2092 4293 sumptibus
2119 4218 2377 4276 auctoris
2410 4219 2560 4276 1741
2593 4219 2668 4276 ad
2699 4218 2873 4286 1759,
2900 4218 2962 4275 in
2986 4218 3113 4286 fol.,
3141 4218 3267 4293 fig.,
3294 4219 3332 4275 4
3358 4219 3477 4276 vol.
3506 4218 3686 4293 legati
3710 4218 3773 4275 in
3797 4219 3930 4276 due.

711 4316 848 4372 Una
889 4314 1179 4389 semplice
1218 4314 1568 4389 prefazione
1610 4333 1644 4372 a
1683 4314 1930 4372 ciascun
1971 4315 2216 4372 volume
2257 4333 2290 4372 e
2331 4315 2595 4372 l’elenco
2637 4315 2795 4372 delle
2835 4315 3035 4372 tavole
3076 4333 3109 4372 e
3150 4315 3308 4372 delle
3352 4314 3503 4372 serie
3543 4314 3605 4371 in
3645 4314 3743 4372 cui
3785 4315 4019 4389 l’opera
4058 4315 4091 4372 e
4132 4314 4483 4382 distribuita,

707 4410 984 4468 formano
1009 4410 1052 4467 il
1076 4419 1229 4468 testo
1255 4410 1353 4468 dei
1377 4411 1415 4467 4
1441 4410 1672 4468 volumi
1695 4410 1882 4468 ricchi
1907 4410 1968 4468 di
1992 4419 2107 4468 tav.
2135 4411 2275 4468 411.

474 4601 655 4659 2735.
697 4602 877 4658 ARPE
914 4601 1217 4659 Friedrich
1254 4603 1441 4669 Peter,
1481 4603 1575 4659 De
1612 4601 1979 4676 prodigiosis
2019 4610 2260 4659 naturae
2299 4610 2358 4659 et
2396 4601 2534 4659 artis
2574 4601 2875 4676 operibus,
2916 4601 3283 4669 talismanes,
3325 4610 3383 4659 et
3421 4602 3682 4659 amuleta
3719 4601 3914 4669 dictis,
3956 4620 4097 4659 cum
4132 4601 4488 4659 recensione

709 4697 1066 4772 scriptorum
1088 4697 1264 4772 hujus
1291 4697 1641 4772 argumenti,
1669 4697 1821 4755 liber
1846 4697 2180 4772 singularis,
2208 4697 2560 4772 Hamburgi,
2589 4698 2748 4772 apud
2772 4697 2987 4755 Christ.
3016 4697 3340 4765 Liebezeit,
3375 4698 3550 4765 1717,
3577 4697 3639 4754 in
3666 4698 3719 4765 8,
3746 4697 3850 4772 fig.

706 4795 773 4850 In
799 4802 1011 4868 questo
1039 4793 1192 4851 libro
1219 4793 1483 4851 trovansi
1510 4794 1566 4851 le
1593 4793 1839 4851 nozioni
1866 4793 2130 4868 generali
2157 4794 2315 4851 delle
2343 4793 2626 4851 antichità
2650 4793 3068 4851 talismaniche
3095 4812 3128 4851 e
3155 4793 3216 4851 di
3243 4793 3446 4868 quegli
3474 4793 3696 4851 antichi
3725 4793 3979 4851 scrittori
4006 4793 4218 4868 d’ogni
4245 4794 4340 4851 età
4365 4812 4398 4851 e
4425 4793 4486 4851 di

707 4889 850 4964 ogni
875 4889 1148 4957 nazione,
1176 4908 1293 4947 con
1318 4889 1710 4964 frontespizio
1737 4889 2013 4964 figurato.

474 5080 655 5138 2736.
682 5081 962 5138 ASCANII
984 5080 1323 5155 Pellegrino
1347 5080 1581 5155 pittore,
1608 5081 1898 5138 Raccolta
1921 5080 1982 5138 di
2006 5080 2307 5155 medaglie
2333 5080 2568 5138 antiche
2592 5080 2907 5155 imperiali,
2934 5081 3206 5138 Modena
3236 5080 3411 5148 1677,
3438 5080 3499 5137 in
3530 5081 3621 5148 12,
3649 5080 3753 5155 fig.

706 5178 792 5234 La
836 5176 1146 5234 bonarietà
1193 5195 1310 5234 con
1357 5176 1455 5234 cui
1504 5177 1537 5234 e
1587 5185 1746 5234 stesa
1792 5177 1850 5234 la
1896 5176 2271 5234 descrizione
2320 5176 2381 5234 di
2429 5185 2638 5251 queste
2686 5176 2987 5251 medaglie
3036 5177 3113 5234 da
3159 5195 3239 5234 un
3285 5195 3514 5251 povero
3561 5176 3778 5251 pittore
3826 5176 3937 5234 che
3985 5195 4107 5234 non
4157 5195 4379 5251 sapeva
4425 5176 4486 5234 di

706 5272 1130 5330 numismatica
1155 5273 1188 5330 è
1218 5272 1534 5347 singolare.
1565 5273 1911 5347 L’operetta
1936 5273 1969 5330 e
1996 5272 2192 5330 divisa
2217 5272 2279 5329 in
2306 5273 2422 5330 due
2447 5272 2598 5347 parti
2623 5273 2945 5347 precedute
2972 5273 3049 5330 da
3074 5273 3190 5330 due
3218 5272 3564 5347 frontespizj
3596 5272 3888 5347 intagliati
3915 5291 3948 5330 e
3976 5272 4272 5347 disegnati
4300 5273 4377 5330 da
4402 5272 4486 5330 lui

706 5368 1063 5436 medesimo,
1114 5368 1214 5443 pei
1264 5368 1426 5443 quali
1475 5387 1597 5426 non
1649 5368 1698 5426 si
1751 5369 2042 5443 saprebbe
2093 5369 2484 5426 annoverarlo
2535 5368 2643 5426 fra’
2699 5368 2919 5443 pittori,
2974 5387 3154 5426 senza
3202 5368 3313 5426 che
3363 5368 3484 5443 egli
3535 5387 3748 5426 avesse
3798 5387 4073 5443 espressa
4121 5377 4331 5443 questa
4382 5387 4488 5426 sua

705 5464 1084 5539 prerogativa
1106 5465 1204 5522 nel
1230 5464 1640 5539 frontespizio.

474 5656 655 5713 2737.
697 5656 1069 5713 AUGUSTINI
1107 5655 1404 5713 Leonardi
1446 5655 1735 5723 senensis,
1779 5656 2075 5713 Gemmae
2115 5664 2173 5713 et
2213 5656 2550 5730 sculpturae
2591 5655 2867 5730 antiquae
2907 5655 3199 5730 depictae,
3243 5655 3444 5713 addita
3481 5674 3687 5713 earum
3724 5655 4095 5713 enarratione
4134 5655 4196 5712 in
4235 5655 4488 5713 latinum

707 5770 880 5809 versa
904 5770 938 5809 a
960 5752 1189 5809 Jacobo
1216 5751 1547 5819 Gronovio,
1575 5752 1745 5826 cujus
1772 5751 2005 5809 accedit
2026 5751 2338 5826 praefatio,
2365 5753 2774 5826 Franequerae
2800 5770 2891 5826 ap.
2919 5753 3103 5809 Leon.
3134 5751 3307 5819 Strik,
3342 5751 3517 5819 1694,
3544 5751 3606 5808 in
3629 5752 3686 5819 4,
3714 5751 3840 5826 fig.,
3868 5752 3987 5809 vol.
4016 5752 4071 5809 2.

714 5848 878 5905 Sono
910 5847 930 5904 i
962 5848 1078 5905 due
1110 5847 1341 5905 volumi
1373 5847 1553 5922 legati
1584 5847 1647 5904 in
1677 5866 1758 5905 un
1791 5848 1941 5905 solo.
1976 5847 2138 5905 Avvi
2169 5866 2250 5905 un
2281 5847 2674 5922 frontespizio
2707 5847 2984 5922 figurato,
3018 5866 3099 5905 un
3128 5847 3352 5905 ritratto
3385 5848 3760 5915 dell’autore,
3794 5856 3879 5905 tre
3910 5848 4110 5905 tavole
4142 5847 4395 5922 figurate
4427 5847 4488 5905 di

706 5943 938 6011 Mitras,
968 5944 1089 6000 214
1116 5944 1316 6001 tavole
1343 5944 1503 6001 della
1526 5943 1719 6018 prima
1743 5952 1908 6018 parte
1935 5962 1968 6001 e
1996 5943 2056 6001 51
2083 5944 2243 6001 della
2270 5944 2549 6001 seconda.
2581 5944 2808 6015 Questa
2831 5943 3133 6018 ristampa,
3162 5943 3225 6000 in
3251 5943 3349 6001 cui
3375 5943 3395 6000 i
3422 5943 3677 6001 discorsi
3706 5962 3857 6001 sono
3884 5944 4183 6001 un’esatta
4208 5943 4486 6001 versione

707 6039 1023 6097 dell’italia
1068 6041 1146 6114 [p.
1191 6040 1294 6109 41]
1340 6058 1419 6097 no
1461 6039 1538 6097 ha
1578 6039 1639 6097 di
1678 6039 1782 6114 più
1822 6058 1941 6097 una
1980 6039 2333 6097 Prefazione
2375 6039 2581 6097 critica
2620 6039 2682 6096 in
2723 6039 2820 6097 cui
2861 6039 2904 6096 il
2947 6039 3260 6097 Gronovio
3301 6039 3585 6114 previene
3626 6039 3669 6096 il
3710 6039 3939 6097 Bellori
3980 6040 4078 6097 nel
4118 6039 4370 6097 rilevare
4412 6040 4488 6097 ed

707 6135 1026 6192 emendare
1060 6134 1283 6192 diversi
1318 6134 1500 6192 errori
1533 6134 1813 6192 trascorsi
1846 6135 2004 6192 nelle
2037 6134 2382 6209 precedenti
2416 6134 2698 6192 edizioni.
2736 6134 3076 6192 L’incisore
3110 6135 3268 6192 delle
3304 6143 3534 6209 stampe
3568 6135 3711 6192 Abr.
3749 6134 4097 6209 Blooteling
4130 6153 4237 6209 per
4269 6143 4489 6209 quanta

707 6249 848 6288 cura
872 6230 1050 6288 abbia
1072 6249 1275 6288 messo
1300 6230 1769 6305 nell’eseguirle,
1797 6231 1830 6288 e
1853 6231 1972 6288 ben
1996 6231 2176 6305 lunge
2201 6231 2299 6288 dal
2324 6230 2536 6288 merito
2562 6230 2623 6288 di
2649 6230 3064 6298 Gallestruzzi,
3092 6230 3204 6288 che
3228 6230 3479 6305 intaglio
3505 6231 3561 6288 le
3585 6231 3786 6288 tavole
3810 6231 3970 6288 nella
3993 6230 4271 6288 edizione
4294 6230 4488 6305 prima

707 6326 1015 6401 originale.

2171 6657 2347 6694 WWW.
2358 6637 2734 6710 memofonte.
2748 6639 2791 6694 il
