4958 7017
1981 864 2366 922 Fondazione
2390 838 2775 922 Memofonte
2800 865 2976 922 onlus

1390 960 1600 1018 Studio
1624 979 1731 1035 per
1754 960 2226 1018 l’elaborazione
2250 960 2632 1018 informatica
2655 961 2813 1018 delle
2838 960 2991 1018 fonti
3018 960 3571 1018 storico—artistiche

489 1253 582 1341 [p.
625 1252 788 1334 149]

2154 1375 3038 1467 PROSPETTIVA

478 1674 640 1742 802.
679 1674 1035 1742 ACCOLTI
1063 1673 1319 1755 Pietro,
1360 1673 1811 1763 gentiluomo
1847 1673 2258 1755 fiorentino,
2297 1675 2402 1742 Lo
2438 1673 2755 1763 inganno
2793 1673 2987 1763 degli
3024 1673 3256 1755 occhi,
3294 1673 3739 1763 prospettiva
3771 1673 4060 1763 pratica,
4098 1684 4378 1742 trattato
4414 1673 4488 1741 in

709 1788 1057 1857 acconcio
1088 1788 1279 1857 della
1305 1788 1584 1878 pittura,
1616 1788 1913 1857 Firenze
1951 1788 2159 1870 1625,
2192 1788 2266 1856 in
2295 1788 2422 1857 fol.
2456 1788 2582 1878 fig.

708 1900 909 1974 Opera
937 1899 1133 1957 divisa
1160 1899 1222 1956 in
1250 1908 1335 1957 tre
1363 1899 1532 1974 parti,
1565 1900 1723 1957 colle
1751 1900 1951 1957 tavole
1980 1899 2286 1974 intagliate
2315 1899 2377 1956 in
2406 1900 2586 1974 legno
2618 1899 2708 1957 fra
2735 1899 2778 1956 il
2807 1908 2960 1957 testo
2991 1918 3024 1957 e
3054 1900 3353 1957 celebrata
3379 1918 3485 1974 per
3513 1899 3875 1974 l’ampiezza
3903 1900 4061 1957 delle
4090 1899 4336 1957 nozioni
4365 1918 4487 1957 non

706 2004 868 2053 tanto
899 1995 1107 2053 lineari
1137 1996 1235 2053 del
1265 1995 1519 2070 disegno
1548 1995 1934 2070 prospettico,
1967 2004 2188 2070 quanto
2219 1996 2317 2053 del
2346 2004 2578 2053 trattato
2608 1996 2968 2053 dell’ombre
2998 2014 3031 2053 e
3061 1995 3159 2053 dei
3189 1995 3353 2053 lumi.
3386 1996 3434 2052 Il
3463 2004 3611 2053 tutto
3642 2004 3888 2070 esposto
3919 2014 4036 2053 con
4063 1995 4163 2053 bei
4192 1995 4359 2053 modi
4389 1996 4487 2053 del

707 2091 850 2149 dire.

482 2287 644 2355 803.
690 2287 1037 2354 ALBERTI
1071 2286 1383 2368 Andrea,
1430 2288 1597 2355 Duo
1640 2286 1824 2368 libri,
1869 2286 2062 2376 prior
2103 2286 2192 2355 de
2234 2286 2711 2376 Perspectiva,
2756 2286 3110 2376 posterior
3151 2286 3240 2355 de
3281 2286 3555 2368 umbra,
3602 2297 3671 2355 et
3712 2286 3866 2355 eius
3909 2286 4483 2376 proprietatibus,

706 2401 1230 2491 Norimbergae
1268 2401 1476 2483 1661,
1509 2401 1583 2469 in
1612 2401 1739 2470 fol.
1773 2401 1899 2491 fig.

706 2513 754 2569 Il
784 2512 1176 2587 frontespizio
1207 2513 1240 2570 e
1271 2512 1529 2587 figurato
1560 2531 1593 2570 e
1624 2512 1684 2570 vi
1717 2531 1867 2570 sono
1905 2512 1977 2570 16
2007 2513 2207 2570 tavole
2236 2512 2543 2587 intagliate
2572 2512 2635 2569 in
2662 2531 2844 2570 rame:
2879 2513 3114 2587 l’opera
3142 2513 3175 2570 è
3204 2521 3434 2570 trattata
3461 2512 3523 2569 in
3552 2512 3820 2570 maniera
3846 2531 4006 2587 poco
4036 2512 4180 2570 utile
4210 2531 4243 2570 e
4272 2521 4487 2587 troppo

706 2608 977 2666 involuta
998 2627 1105 2683 per
1129 2608 1455 2683 applicarla
1478 2627 1595 2666 con
1619 2608 1847 2666 facilità
1871 2609 1986 2666 alle
2012 2608 2135 2666 arti.

478 2805 640 2873 804.
686 2805 1085 2873 ALEAUME
1121 2804 1496 2894 Ingenieur
1537 2804 1632 2873 du
1673 2804 1802 2886 roi,
1848 2806 1951 2873 La
1990 2804 2443 2894 perspective
2489 2804 2931 2894 speculative
2974 2815 3043 2873 et
3082 2804 3407 2894 pratique
3450 2804 3635 2873 mise
3679 2826 3767 2873 au
3808 2826 3940 2894 pur
3979 2826 4106 2894 par
4145 2804 4487 2873 Estienne

706 2919 969 3009 Migon
997 2919 1412 3009 professeur
1441 2941 1530 2988 en
1559 2919 2143 3009 mathematique,
2176 2919 2370 2988 Paris
2410 2919 2618 3001 1643,
2652 2941 2742 2988 en
2770 2920 2838 3001 4,
2871 2919 2997 3009 fig.

707 3031 842 3088 Con
877 3031 952 3088 38
988 3031 1189 3088 tavole
1222 3030 1529 3105 intagliate
1562 3030 1625 3087 in
1656 3049 1838 3088 rame.
1875 3030 2168 3088 Edizione
2200 3030 2554 3098 bellissima,
2591 3030 2703 3088 che
2737 3030 2950 3088 meritò
2985 3031 3219 3088 d’esser
3249 3030 3513 3105 plagiata
3545 3031 3643 3088 nel
3676 3039 3909 3088 trattato
3944 3031 4042 3088 del
4075 3032 4136 3088 P.
4173 3030 4482 3088 Dubreuil.

706 3127 1054 3201 Esemplare
1079 3127 1177 3184 del
1201 3128 1428 3184 Tuano.

474 3321 636 3390 805.
676 3322 977 3390 AMATO
1009 3321 1254 3403 Paolo,
1294 3323 1397 3390 La
1432 3343 1675 3390 nuova
1708 3321 1979 3411 pratica
2014 3321 2086 3390 di
2122 3321 2566 3411 prospettiva
2600 3321 2792 3390 nella
2826 3321 3039 3411 quale
3078 3321 3137 3390 si
3177 3321 3526 3411 spiegano
3565 3321 3819 3390 alcune
3856 3343 4096 3390 nuove
4133 3321 4483 3411 opinioni,

707 3436 1035 3505 Palermo
1074 3436 1260 3505 1736
1290 3436 1364 3504 in
1393 3436 1520 3505 fol.

706 3547 982 3622 Ragiona
1006 3548 1105 3605 nel
1130 3547 1428 3622 principio
1456 3548 1711 3605 l’autore
1741 3566 1809 3605 su
1834 3547 1965 3605 tutti
1993 3547 2035 3604 li
2064 3547 2318 3605 scrittori
2345 3547 2456 3605 che
2483 3548 2543 3605 lo
2570 3547 2771 3605 hanno
2797 3548 3142 3622 preceduto:
3174 3566 3207 3605 e
3234 3548 3468 3622 l’opera
3495 3566 3601 3605 sua
3625 3566 3748 3605 non
3775 3548 3808 3605 e
3836 3548 3891 3605 al
3918 3556 4080 3605 certo
4110 3547 4487 3622 spregievole

705 3662 812 3718 per
847 3644 903 3701 le
939 3643 1126 3701 teorie
1163 3643 1274 3701 che
1312 3662 1592 3711 accenna,
1634 3662 1697 3701 se
1734 3662 1856 3701 non
1893 3643 2059 3701 fosse
2097 3644 2379 3718 alquanto
2417 3643 2689 3701 confusa:
2732 3662 2831 3701 ma
2866 3644 3125 3701 essendo
3161 3652 3443 3718 postuma
3478 3644 3554 3701 ed
3590 3644 3849 3701 essendo
3889 3643 4155 3701 smarrite
4192 3644 4248 3701 le
4284 3644 4486 3701 tavole

707 3739 984 3814 originali
1016 3740 1392 3807 dell’autore,
1425 3739 1667 3797 rilevasi
1699 3740 1797 3797 nel
1829 3739 1954 3797 fine
1987 3740 2042 3797 al
2075 3739 2352 3814 foglietto
2385 3739 2737 3797 dell’indice
2769 3739 2880 3797 che
2912 3740 2968 3797 le
2999 3740 3199 3797 tavole
3230 3739 3769 3814 ingegnosamente
3801 3739 4017 3797 furono
4050 3740 4292 3797 dedotte
4324 3740 4486 3797 dallo

709 3835 910 3893 scritto
944 3854 1051 3910 per
1084 3854 1225 3893 cura
1258 3836 1356 3893 del
1390 3835 1604 3893 Miceli
1639 3835 1883 3903 editore,
1920 3835 2262 3893 invocando
2298 3835 2712 3910 l’indulgenza
2746 3835 2844 3893 dei
2879 3835 3091 3893 lettori.
3129 3837 3291 3893 Vero
3327 3836 3360 3893 e
3392 3836 3538 3910 però
3573 3835 3684 3893 che
3719 3836 3796 3893 da
3828 3835 3931 3893 noi
3965 3854 4087 3893 non
4121 3835 4486 3893 conosconsi

707 3939 915 4005 queste
943 3931 1144 3988 tavole
1173 3949 1206 3988 e
1235 3930 1347 3988 che
1375 3930 1418 3987 il
1447 3939 1652 3988 nostro
1682 3931 2015 4005 esemplare
2044 3949 2119 3988 ne
2148 3949 2378 3988 manca.
2410 3931 2458 3987 Il
2486 3930 2710 3988 ritratto
2741 3931 3098 3988 dell’autore
3127 3931 3160 3988 e
3188 3930 3250 3987 in
3276 3930 3593 4005 principio.
3625 3931 3673 3987 Il
3702 3930 3971 3988 Comolli
4000 3949 4122 3988 non
4148 3931 4315 4005 parla
4340 3931 4486 4005 però

707 4027 867 4084 della
890 4045 1220 4084 mancanza
1243 4027 1401 4084 delle
1425 4027 1642 4084 tavole.

482 4222 644 4291 806.
677 4223 969 4304 AMATI,
997 4222 1276 4312 Regole
1306 4222 1423 4291 del
1453 4222 1913 4291 chiaroscuro
1943 4222 2017 4290 in
2048 4222 2519 4304 architettura,
2551 4222 2836 4291 Milano
2875 4223 3083 4304 1802,
3116 4222 3190 4290 in
3219 4222 3346 4291 fol.
3380 4244 3596 4291 mass.
3630 4222 3962 4312 figurato.

709 4334 873 4391 Sono
914 4334 983 4391 13
1019 4334 1237 4401 tavole,
1272 4334 1431 4391 nelle
1464 4333 1626 4408 quali
1658 4352 1765 4408 per
1796 4342 2017 4408 quanto
2053 4333 2222 4391 siano
2257 4333 2451 4408 giuste
2484 4334 2540 4391 le
2572 4333 2960 4408 proporzioni
2993 4334 3372 4401 dell’ombre,
3410 4334 3676 4391 secondo
3710 4333 3730 4390 i
3761 4333 4018 4408 principi
4052 4333 4487 4391 fondamentali

707 4430 998 4497 dell’arte,
1027 4448 1149 4487 non
1175 4429 1241 4487 fu
1267 4429 1538 4504 eseguita
1563 4429 1975 4487 dall’incisore
2002 4430 2060 4487 la
2085 4429 2446 4504 gradazione
2473 4429 2571 4487 dei
2596 4429 2820 4487 riﬂessi
2847 4448 2964 4487 con
2990 4430 3191 4504 quella
3215 4438 3593 4504 trasparenza
3618 4429 3730 4487 che
3757 4429 3939 4504 guida
3964 4429 4048 4504 gli
4076 4429 4279 4487 alunni
4307 4448 4341 4487 a
4365 4448 4487 4487 non

707 4525 797 4583 far
820 4526 1081 4583 l’ombra
1104 4544 1246 4583 nera
1269 4526 1345 4583 ed
1369 4544 1577 4600 opaca.

489 4741 582 4829 [p.
625 4739 788 4822 150]

474 4970 636 5038 807.
682 4970 947 5037 L’ART
982 4969 1071 5038 de
1113 4969 1437 5038 dessiner
1476 4970 1935 5059 proprément
1974 4969 2079 5038 les
2121 4969 2350 5059 plans,
2394 4969 2674 5059 profils,
2720 4969 3118 5038 elevations
3162 4969 3638 5059 géometrales
3682 4980 3751 5038 et
3789 4969 4301 5059 perspectives,
4349 4969 4489 5038 soit

708 5084 1257 5153 d’architecture
1286 5084 1642 5166 militaire,
1676 5106 1772 5153 ou
1802 5084 2040 5166 civile,
2073 5084 2267 5153 Paris
2307 5084 2515 5166 1697,
2548 5084 2622 5152 in
2660 5085 2768 5166 12,
2801 5084 2927 5174 fig.

708 5196 937 5267 Questo
963 5195 1199 5253 libretto
1225 5195 1503 5253 contiene
1527 5214 1646 5253 una
1671 5195 2058 5270 spiegazione
2084 5195 2405 5253 alfabetica
2428 5195 2526 5253 dei
2550 5195 2787 5253 termini
2812 5195 3274 5253 d’architettura.

474 5392 636 5460 808.
689 5393 1016 5460 BACONS
1062 5391 1379 5481 Rogerii,
1431 5391 1880 5481 Prospettiva
1926 5413 2115 5460 nunc
2163 5391 2478 5481 primum
2526 5391 2717 5460 edita
2764 5413 2982 5481 opera
3030 5402 3099 5460 et
3148 5391 3385 5460 studio
3433 5393 3683 5460 Joann.
3737 5391 4192 5460 Conibachii:
4249 5391 4489 5460 addita

709 5506 1021 5596 Specula
1047 5506 1587 5588 Mathematica,
1619 5506 2068 5575 Francofurtt
2104 5506 2312 5588 1614,
2345 5506 2419 5574 in
2447 5507 2514 5575 4.

708 5618 909 5692 Opera
963 5617 1074 5675 che
1130 5618 1163 5675 è
1218 5617 1598 5675 unicamente
1652 5617 1901 5675 relativa
1956 5618 2071 5675 alle
2129 5617 2368 5675 scienze
2424 5636 2457 5675 e
2513 5636 2635 5675 non
2691 5617 2930 5692 applica
2984 5618 3060 5675 ed
3116 5617 3418 5675 alleaArti.
3477 5618 3534 5674 A
3589 5626 3803 5692 questo
3860 5618 3893 5675 e
3950 5617 4253 5692 aggiunto:
4317 5619 4486 5691 Opus

701 5715 1189 5771 Astronomicum
1212 5713 1348 5771 Elia
1371 5713 1620 5771 Molerii
1646 5713 1930 5787 1607ﬁ'g.
1964 5725 2022 5771 et
2042 5713 2168 5771 alia
2194 5713 2490 5787 opuscula
2513 5713 2762 5771 Molerii
2785 5714 2860 5771 de
2886 5714 3108 5781 Sidere,
3142 5725 3200 5771 et
3221 5714 3296 5771 de
3319 5716 3488 5771 Luna
3515 5725 3573 5771 et
3594 5713 3751 5771 Sale.

482 5909 644 5978 809.
685 5910 1076 5977 BARBARO
1107 5908 1414 5977 Daniele
1449 5908 1797 5998 patriarca
1832 5908 2275 5998 d’Aquileia,
2315 5910 2418 5977 La
2451 5908 2722 5998 pratica
2757 5908 2948 5977 della
2981 5908 3442 5998 prospettiva.
3485 5909 3725 5998 Opera
3759 5908 3988 5977 molto
4024 5908 4487 5998 profittevole

709 6024 771 6092 a’
814 6023 1077 6113 pittori,
1119 6023 1411 6092 scultori
1448 6045 1487 6092 e
1524 6023 1894 6105 architetti,
1933 6023 2258 6092 Venezia
2300 6023 2508 6105 1569,
2546 6045 2797 6113 presso
2834 6023 3234 6092 Carmmilo
3271 6045 3310 6092 e
3345 6023 3618 6092 Rutilio
3653 6023 4207 6113 Borgominieri,
4246 6023 4320 6091 in
4355 6023 4482 6092 fol.

707 6138 833 6228 fig.

706 6249 957 6307 Trovasi
984 6258 1196 6324 questo
1224 6249 1396 6317 libro,
1426 6258 1810 6324 quantunque
1836 6249 2132 6324 impresso
2160 6250 2322 6307 nello
2352 6258 2544 6307 stesso
2573 6268 2749 6317 anno,
2779 6268 2896 6307 con
2922 6250 3038 6307 due
3065 6249 3287 6307 diversi
3314 6249 3684 6324 frontespizi,
3714 6250 3884 6307 l’uno
3912 6250 4007 6307 de’
4041 6249 4204 6324 quali
4231 6250 4264 6307 è
4290 6249 4485 6307 inciso

706 6345 768 6402 in
797 6346 997 6420 legno,
1030 6346 1229 6403 l’altro
1259 6345 1322 6402 in
1351 6345 1637 6403 caratteri.
1671 6347 1781 6403 Ma
1809 6346 1842 6403 e
1874 6364 2109 6420 sempre
2139 6346 2197 6403 la
2228 6354 2418 6403 stessa
2447 6345 2744 6413 edizione,
2779 6345 3045 6403 siccome
3077 6345 3358 6403 abbiamo
3390 6345 3704 6403 verificato
3733 6364 3840 6420 per
3868 6364 4067 6403 essere
4098 6346 4394 6403 amendue
4424 6345 4487 6402 in

707 6450 917 6516 questa
939 6450 1142 6499 nostra
1163 6442 1442 6499 raccolta.

2171 6657 2347 6694 WWW.
2358 6637 2734 6710 memofonte.
2748 6639 2791 6694 il
