4958 7017
1981 864 2366 922 Fondazione
2390 864 2775 922 Memofonte
2800 865 2976 922 onlus

1390 960 1600 1018 Studio
1624 979 1731 1035 per
1754 960 2226 1018 l’elaborazione
2250 960 2632 1018 informatica
2655 961 2813 1018 delle
2838 960 2991 1018 fonti
3018 960 3571 1018 storico—artistiche

700 1247 1097 1322 apologetica,
1124 1249 1356 1305 Romae
1388 1247 1563 1315 1757,
1590 1247 1652 1304 in
1675 1248 1731 1315 4,
1758 1249 1846 1305 M.
1882 1248 1972 1305 10.
1999 1247 2158 1305 Vedi
2181 1250 2440 1311 Zuzzeri.

707 1382 1037 1439 CARLETTI
1061 1381 1389 1456 Giuseppe.
1417 1381 1576 1439 Vedi
1598 1384 1793 1439 Mirri.

476 1573 655 1631 3656.
683 1574 978 1631 CASALIO
1001 1575 1168 1631 Joan.
1196 1575 1390 1648 Bapt.,
1417 1575 1511 1631 De
1535 1573 1697 1631 urbis
1724 1592 1792 1631 ac
1816 1573 2049 1631 romani
2074 1573 2225 1631 olim
2247 1573 2516 1648 imperiis
2544 1574 2880 1648 splendore,
2907 1575 3139 1631 Romae
3171 1573 3346 1641 1650,
3373 1573 3435 1630 in
3459 1573 3587 1641 fol.,
3615 1573 3719 1648 fig.

700 1670 901 1744 Opera
931 1669 1201 1744 eseguita
1232 1688 1349 1727 con
1380 1669 1724 1744 magistero,
1759 1688 1792 1727 e
1824 1688 1941 1727 con
1973 1669 2185 1727 ottimo
2219 1678 2395 1744 gusto
2429 1669 2618 1727 anche
2649 1688 2756 1744 per
2786 1670 2844 1727 la
2876 1688 2983 1727 sua
3016 1669 3292 1727 sobrietà:
3328 1669 3391 1726 in
3421 1669 3650 1744 ispecie
3682 1669 4061 1727 lodatissimo
4095 1670 4128 1727 e
4160 1669 4203 1726 il
4235 1669 4518 1744 capitolo,

699 1784 815 1823 ove
840 1766 1095 1823 l’autore
1118 1766 1285 1840 parla
1308 1765 1470 1840 degli
1496 1765 1692 1823 anelli.

476 1956 655 2014 3657.
688 1957 955 2014 CASSINI
979 1956 1302 2024 Giovanni,
1334 1958 1555 2014 Nuova
1581 1957 1845 2014 raccolta
1873 1957 2031 2014 delle
2060 1956 2324 2031 migliori
2354 1957 2590 2024 vedute,
2624 1956 2877 2024 antiche,
2910 1975 2943 2014 e
2973 1957 3260 2014 moderne
3290 1956 3351 2014 di
3380 1958 3593 2024 Roma,
3626 1956 3954 2031 disegnate,
3987 1957 4063 2014 ed
4091 1956 4281 2014 incise
4311 1957 4520 2014 l’anno

706 2053 881 2120 1779,
907 2052 969 2109 in
993 2052 1098 2110 fol.
1127 2053 1247 2110 obl.

701 2149 865 2206 Sono
898 2157 1107 2223 queste
1138 2149 1339 2206 tavole
1374 2149 1450 2206 80
1482 2148 1789 2223 intagliate
1822 2149 2124 2223 all’acqua
2155 2148 2308 2206 forte
2340 2167 2457 2206 con
2486 2167 2644 2223 poca
2675 2148 2893 2223 grazia,
2928 2167 2961 2206 e
2993 2167 3110 2206 con
3141 2148 3500 2223 negligenza
3530 2149 3628 2206 nel
3660 2148 3934 2223 disegno,
3969 2149 4025 2206 le
4057 2148 4220 2223 quali
4250 2149 4520 2206 rendono

698 2244 946 2302 un’idea
967 2263 1127 2319 poco
1154 2245 1446 2319 adeguata
1469 2245 1564 2302 de’
1594 2244 1911 2319 principali
1934 2244 2103 2319 punti
2128 2244 2189 2302 di
2214 2244 2369 2302 vista
2392 2244 2453 2302 di
2477 2246 2689 2302 Roma.

476 2436 655 2494 3658.
689 2437 955 2494 CASSINI
980 2436 1285 2494 Giovanni
1314 2436 1529 2504 Maria,
1561 2436 1780 2494 Pitture
1811 2436 2046 2494 antiche
2075 2445 2303 2494 trovate
2333 2437 2495 2494 nello
2529 2455 2711 2494 scavo
2743 2445 2946 2511 aperto
2976 2436 3038 2493 in
3067 2455 3185 2494 una
3214 2436 3397 2511 vigna
3423 2455 3633 2511 presso
3664 2437 3724 2494 lo
3757 2437 4001 2511 spedale
4031 2436 4092 2494 di
4124 2437 4181 2494 S.
4216 2436 4522 2494 Giovanni

698 2533 989 2589 Laterano
1014 2531 1077 2588 in
1100 2533 1314 2599 Roma,
1349 2532 1524 2599 1783,
1551 2531 1613 2588 in
1637 2531 1764 2599 fol.,
1792 2531 1918 2606 fig.,
1945 2533 2033 2589 M.
2062 2532 2159 2590 91.

699 2628 834 2685 Con
858 2636 983 2685 otto
1008 2628 1208 2685 tavole
1232 2627 1539 2702 intagliate
1563 2627 1625 2684 in
1647 2646 1829 2685 rame.

476 2819 655 2878 3659.
709 2820 952 2877 CASSIO
1002 2820 1271 2887 Alberto,
1325 2820 1519 2877 Corso
1571 2820 1729 2877 delle
1781 2838 1971 2894 acqua
2021 2819 2255 2877 antiche
2304 2828 2534 2894 portate
2585 2820 2662 2877 da
2711 2820 2951 2877 lontane
3002 2820 3285 2877 contrade
3338 2838 3515 2894 sopra
3563 2819 3920 2894 quattordici
3972 2819 4314 2894 acquedotti
4364 2820 4522 2877 nelle

699 2915 1056 2990 quattordici
1079 2915 1312 2990 regioni
1337 2915 1398 2973 di
1422 2917 1635 2983 Roma,
1663 2934 1696 2973 e
1722 2916 1880 2973 delle
1905 2916 2192 2973 moderne
2216 2915 2278 2972 in
2302 2934 2439 2973 essa
2461 2915 2750 2983 nascenti,
2778 2916 2897 2973 vol.
2926 2916 2982 2983 2,
3009 2917 3205 2973 Roma
3235 2915 3391 2973 1756
3417 2934 3450 2973 e
3482 2915 3656 2983 1757,
3683 2915 3745 2972 in
3768 2916 3825 2983 4,
3853 2915 3957 2990 fig.

700 3012 901 3086 Opera
932 3012 1154 3086 grande
1187 3030 1220 3069 e
1251 3011 1529 3086 preziosa
1560 3011 1705 3069 fatta
1736 3030 1853 3069 con
1885 3012 2074 3069 molto
2110 3011 2307 3069 studio
2341 3030 2374 3069 e
2407 3011 2664 3069 dottrina
2700 3013 2778 3086 [p.
2822 3012 2958 3081 181]
2997 3030 3114 3069 con
3145 3012 3345 3069 tavole
3380 3020 3669 3086 stampate
3701 3011 3764 3068 in
3796 3012 3976 3086 legno
4010 3011 4100 3069 fra
4130 3011 4173 3068 il
4205 3020 4378 3079 testo,
4414 3030 4447 3069 e
4479 3011 4522 3068 il

697 3106 921 3164 ritratto
947 3107 1303 3164 dell’autore
1327 3106 1389 3163 in
1411 3106 1728 3181 principio.

476 3298 655 3356 3660.
702 3299 1002 3356 CECCONI
1044 3298 1285 3356 Giovan
1326 3300 1680 3366 Francesco,
1725 3300 1922 3356 Roma
1966 3317 2149 3366 sacra,
2195 3317 2228 3356 e
2271 3299 2560 3356 moderna
2601 3298 2701 3373 già
2742 3298 3022 3356 descritta
3063 3299 3161 3356 dal
3203 3298 3539 3366 Pancirolo,
3585 3317 3618 3356 e
3662 3298 4028 3356 accresciuta
4069 3299 4146 3356 da
4186 3300 4521 3356 Francesco

698 3395 982 3462 Posterla,
1009 3396 1205 3452 Roma
1235 3394 1410 3462 1725,
1437 3394 1499 3451 in
1526 3395 1579 3462 8,
1607 3394 1711 3469 fig.

699 3491 834 3548 Con
867 3491 1053 3548 molte
1087 3490 1305 3548 cattive
1338 3491 1539 3548 tavole
1572 3490 1635 3547 in
1668 3491 1867 3565 legno,
1904 3491 1980 3548 ed
2014 3491 2157 3548 altre
2190 3490 2253 3547 in
2284 3509 2449 3548 rame
2482 3490 2701 3548 inserte
2736 3490 2826 3548 fra
2857 3490 2900 3547 il
2933 3499 3105 3548 testo.
3143 3490 3324 3548 Libro
3359 3490 3420 3548 di
3454 3490 3614 3548 circa
3649 3491 3766 3548 800
3799 3490 4036 3565 pagine,
4074 3490 4332 3548 formato
4369 3491 4521 3548 sulle

699 3585 875 3643 citate
900 3604 1082 3660 opere
1107 3586 1205 3643 del
1228 3585 1544 3653 Panciroli,
1572 3604 1605 3643 e
1630 3586 1688 3643 la
1709 3587 1906 3643 Roma
1929 3586 2027 3643 del
2051 3585 2342 3643 Franzini.

476 3777 655 3835 3661.
695 3778 897 3835 CELIO
933 3778 1220 3852 Gaspare,
1258 3777 1592 3835 Dell’abito
1629 3777 1690 3835 di
1726 3777 1942 3835 Cristo.
1981 3777 2285 3835 Memoria
2319 3777 2463 3835 delli
2499 3777 2666 3835 nomi
2702 3777 2865 3852 degli
2902 3777 3133 3835 arteﬁci
3169 3778 3327 3835 delle
3361 3777 3577 3852 pitture
3613 3777 3724 3835 che
3763 3796 3913 3835 sono
3949 3777 4011 3834 in
4047 3778 4260 3835 alcune
4296 3777 4519 3845 chiese,

699 3873 971 3941 facciate,
999 3892 1032 3931 e
1055 3873 1289 3948 palazzi
1314 3873 1375 3931 di
1399 3875 1612 3941 Roma,
1639 3873 1702 3930 in
1726 3873 1950 3948 Napoli
1982 3873 2156 3941 1638,
2183 3873 2245 3930 in
2276 3874 2366 3931 12.

476 4065 655 4123 3662.
684 4066 886 4123 CELIO
912 4066 1198 4140 Gaspare,
1225 4065 1530 4123 Memoria
1553 4065 1698 4123 fatta
1722 4065 1866 4123 delli
1891 4065 2059 4123 nomi
2084 4065 2247 4140 degli
2273 4065 2504 4123 arteﬁci
2530 4066 2688 4123 delle
2711 4065 2927 4140 pitture
2952 4065 3063 4123 che
3091 4084 3241 4123 sono
3267 4065 3329 4122 in
3355 4066 3567 4123 alcune
3592 4065 3814 4133 chiese,
3843 4065 4115 4133 facciate,
4144 4084 4177 4123 e
4200 4065 4434 4140 palazzi
4459 4065 4521 4123 di

698 4162 911 4228 Roma,
938 4160 1162 4235 Napoli
1194 4160 1369 4228 1638,
1396 4160 1458 4217 in
1489 4161 1579 4218 18.

698 4258 808 4314 Fra
831 4257 887 4314 le
912 4256 1092 4331 guide
1115 4275 1222 4331 per
1245 4257 1301 4314 le
1324 4256 1539 4331 pitture
1564 4256 1625 4314 di
1649 4258 1846 4314 Roma
1869 4257 1902 4314 e
1927 4275 2045 4314 una
2068 4257 2226 4314 delle
2251 4275 2432 4314 meno
2458 4256 2638 4314 ovvie
2664 4275 2698 4314 a
2721 4256 2989 4314 trovarsi.

476 4448 655 4506 3663.
712 4449 924 4506 CENNI
976 4449 1267 4516 Gaetano,
1323 4450 1519 4506 Breve
1573 4448 2017 4506 dichiarazione
2071 4449 2229 4506 delle
2285 4448 2371 4506 sei
2424 4449 2625 4506 tavole
2678 4448 2869 4506 incise
2922 4448 2984 4505 in
3035 4467 3200 4506 rame
3254 4449 3331 4506 da
3382 4449 3588 4506 Anton
3640 4450 3973 4506 Francesco
4027 4449 4353 4516 Barbazza,
4410 4448 4521 4506 che

697 4553 1161 4619 rappresentano
1200 4545 1258 4602 la
1296 4544 1477 4602 storia
1513 4544 1928 4602 ecclesiastica
1964 4545 2062 4602 del
2098 4544 2313 4619 primo,
2354 4563 2387 4602 e
2428 4545 2694 4602 secondo
2736 4545 2961 4612 secolo,
3001 4544 3197 4602 ideate
3235 4545 3312 4602 da
3348 4544 3702 4619 monsignor
3738 4546 4071 4602 Francesco
4109 4544 4448 4612 Bianchini,
4489 4563 4522 4602 e

697 4640 1106 4715 perfezionate
1131 4641 1208 4698 da
1232 4640 1542 4715 Giuseppe
1566 4640 1903 4708 Bianchini,
1931 4642 2128 4698 Roma
2158 4640 2333 4708 1753,
2360 4640 2422 4697 in
2449 4641 2501 4698 8.

697 4771 780 4775 —
813 4735 1206 4810 Aggiuntovi:
1246 4735 1547 4793 Elenchus
1584 4744 2114 4793 monumentorum
2147 4754 2301 4810 quae
2336 4735 2715 4793 continentur
2747 4735 2809 4792 in
2846 4754 2951 4793 sex
2984 4735 3282 4810 prioribus
3317 4735 3535 4793 tabulis
3571 4754 3647 4793 ex
3683 4754 3817 4793 aere
3851 4735 4059 4793 incisis
4095 4735 4281 4793 nostri
4316 4735 4521 4793 Musei

701 4831 870 4899 sacri,
898 4840 956 4889 et
977 4831 1233 4906 profani,
1261 4831 1802 4906 complectentibus
1828 4831 2404 4889 demonstrationem
2427 4831 2710 4889 historiae
2736 4831 3202 4899 ecclesiasticae,
3229 4833 3462 4889 Romae
3494 4831 3669 4899 1754,
3696 4831 3757 4888 in
3784 4832 3836 4889 8.

700 4928 929 4999 Questo
956 4928 1169 4985 elenco
1195 4946 1318 4985 non
1343 4928 1376 4985 e
1402 4927 1513 4985 che
1539 4928 1597 4985 la
1622 4927 1805 5002 guida
1829 4936 2025 4985 estesa
2049 4927 2147 4985 coi
2172 4927 2405 4985 numeri
2429 4927 2663 4985 relativi
2690 4927 2809 5002 agli
2835 4927 3062 5002 oggetti
3086 4927 3515 5002 rappresentati
3540 4928 3699 4985 nelle
3724 4928 3925 4985 tavole
3949 4946 4056 5002 per
4078 4927 4459 4995 riscontrarli,
4488 4946 4521 4985 e

701 5023 999 5098 spiegarli,
1028 5032 1504 5081 accuratamente
1529 5023 1675 5081 fatta
1699 5024 1797 5081 dal
1822 5023 2168 5098 calcografo
2193 5023 2462 5081 Antonio
2489 5023 2800 5098 Giuseppe
2824 5024 3148 5081 Barbazza.

476 5215 655 5273 3664.
690 5216 1058 5273 CHATTARD
1090 5215 1331 5273 Giovan
1361 5215 1576 5283 Pietro,
1609 5217 1829 5273 Nuova
1858 5215 2233 5273 descrizione
2265 5216 2363 5273 del
2393 5215 2709 5283 Vaticano,
2743 5215 2907 5273 ossia
2936 5216 3096 5273 della
3128 5224 3471 5273 sacrosanta
3499 5215 3753 5273 basilica
3782 5215 3843 5273 di
3876 5216 3933 5273 S.
3967 5215 4182 5283 Pietro,
4216 5216 4335 5273 vol.
4372 5216 4426 5283 3,
4459 5215 4522 5272 in

706 5311 797 5378 12,
825 5310 951 5385 fig.,
978 5312 1175 5368 Roma
1198 5311 1296 5368 dal
1328 5310 1484 5368 1762
1511 5311 1566 5368 al
1598 5310 1770 5368 1767.

698 5408 877 5464 Entra
913 5407 1168 5464 l’autore
1205 5406 1267 5463 in
1303 5415 1447 5464 tutte
1485 5407 1541 5464 le
1579 5406 1806 5464 minute
1842 5406 2245 5481 particolarità
2281 5406 2392 5464 che
2428 5406 2785 5481 riguardano
2824 5407 2882 5464 la
2916 5406 3170 5464 basilica
3205 5425 3327 5464 non
3364 5425 3544 5464 meno
3583 5406 3694 5464 che
3732 5406 3775 5463 il
3811 5407 4082 5481 palazzo,
4122 5425 4155 5464 e
4192 5407 4290 5464 nel
4326 5406 4520 5481 primo

699 5503 944 5560 volume
971 5521 1122 5560 sono
1150 5502 1236 5560 sei
1260 5503 1460 5560 tavole
1484 5502 1547 5559 in
1569 5521 1751 5560 rame.
1781 5503 1982 5577 Opera
2005 5502 2274 5577 eseguita
2297 5521 2414 5560 con
2438 5502 2793 5560 mediocrità
2816 5502 2877 5560 di
2902 5502 3114 5570 mezzi,
3142 5521 3175 5560 e
3198 5521 3356 5577 poca
3379 5502 3600 5560 critica.

476 5694 655 5752 3665.
720 5695 1042 5752 CHIONIUS
1105 5696 1364 5752 Joannes
1426 5694 1807 5762 Dominicus,
1871 5696 1965 5752 De
2025 5694 2290 5752 romanis
2354 5694 2642 5769 antiquita
2707 5696 2785 5769 [p.
2858 5694 3160 5764 182]tibus
3223 5694 3680 5752 exercitationes
3744 5694 4145 5762 academicae,
4210 5695 4522 5769 Augustae

698 5789 1095 5847 Taurinorum
1124 5789 1299 5857 1735,
1326 5789 1388 5846 in
1415 5790 1467 5847 8.

476 5981 655 6039 3666.
684 5983 783 6039 Du
809 5982 1047 6039 CHOUL
1072 5981 1437 6049 Guillaume,
1467 5981 1758 6039 Discours
1788 6000 1886 6039 sur
1911 5982 1969 6039 la
1994 5981 2494 6049 castramétation,
2524 5990 2582 6039 et
2607 5981 2926 6056 discipline
2953 5981 3231 6039 militaire
3258 5982 3364 6039 des
3393 5981 3636 6039 anciens
3662 5981 3927 6039 romains
3956 6000 4103 6039 avec
4131 5982 4218 6039 les
4244 5981 4436 6049 bains,
4466 5990 4524 6039 et

700 6077 971 6152 antiques
997 6077 1417 6135 exercitations
1444 6096 1754 6152 grecques,
1782 6086 1840 6135 et
1861 6077 2182 6145 romaines,
2209 6079 2399 6152 Lyon,
2427 6077 2575 6135 chez
2601 6077 2948 6135 Guillaume
2972 6077 3232 6145 Roville,
3267 6077 3442 6145 1555,
3469 6077 3531 6134 in
3554 6078 3611 6145 4,
3639 6077 3744 6152 fig.

700 6174 901 6248 Opera
922 6173 1084 6231 ricca
1107 6173 1168 6231 di
1192 6174 1392 6231 tavole
1416 6173 1722 6248 intagliate
1746 6173 1808 6230 in
1832 6174 2012 6248 legno
2037 6192 2159 6231 non
2186 6192 2366 6231 senza
2387 6173 2616 6248 pregio,
2644 6174 2794 6231 oltre
2818 6173 2861 6230 il
2886 6173 3098 6231 merito
3124 6174 3311 6231 d’una
3332 6174 3536 6231 buona
3559 6173 3837 6231 edizione
3862 6174 3960 6231 del
3984 6182 4155 6231 testo.

476 6364 655 6422 3667.
687 6366 786 6422 Du
814 6365 1052 6422 CHOUL
1080 6364 1449 6439 Guglielmo,
1482 6364 1774 6422 Discorso
1806 6383 1983 6439 sopra
2010 6365 2068 6422 la
2095 6364 2688 6432 castramentazione,
2720 6373 2778 6422 et
2805 6364 3127 6439 disciplina
3154 6364 3410 6422 militare
3439 6364 3538 6422 dei
3565 6364 3798 6422 romani
3828 6364 3926 6422 coi
3953 6364 4154 6439 bagni,
4186 6373 4244 6422 et
4272 6364 4517 6439 esercizj

2171 6657 2347 6694 WWW.
2358 6637 2734 6710 memofonte.
2748 6639 2791 6694 il
