<?xml version="1.0" encoding="UTF-8"?>
<!DOCTYPE html PUBLIC "-//W3C//DTD XHTML 1.0 Transitional//EN" "http://www.w3.org/TR/xhtml1/DTD/xhtml1-transitional.dtd">
<html xmlns="http://www.w3.org/1999/xhtml" xml:lang="en" lang="en">
  <head>
    <title>
</title>
    <meta http-equiv="Content-Type" content="text/html;charset=utf-8" />
    <meta name="ocr-system" content="tesseract 3.04.00" />
    <meta name="ocr-capabilities" content="ocr_page ocr_carea ocr_par ocr_line ocrx_word" />
  </head>
  <body>
    <div class="ocr_page" id="page_1" title="image &quot;tess/page477.tif&quot;; bbox 0 0 4958 7017; ppageno 0">
      <div class="ocr_carea" id="block_1_1" title="bbox 2188 398 2776 748">
        <p class="ocr_par" dir="ltr" id="par_1_1" title="bbox 2188 398 2776 748">
          <span class="ocr_line" id="line_1_1" title="bbox 2188 398 2776 748; baseline 0 6269">
            <span class="ocrx_word" id="word_1_1" title="bbox 2188 398 2776 748; x_wconf 95" lang="ita" dir="ltr" xml:lang="ita"> </span>
          </span>
        </p>
      </div>
      <div class="ocr_carea" id="block_1_2" title="bbox 1390 838 3571 1035">
        <p class="ocr_par" dir="ltr" id="par_1_2" title="bbox 1390 838 3571 1035">
          <span class="ocr_line" id="line_1_2" title="bbox 1981 838 2976 922; baseline 0.001 -1">
            <span class="ocrx_word" id="word_1_2" title="bbox 1981 864 2366 922; x_wconf 80" lang="ita" dir="ltr" xml:lang="ita">Fondazione</span>
            <span class="ocrx_word" id="word_1_3" title="bbox 2390 838 2775 922; x_wconf 96" lang="ita" dir="ltr" xml:lang="ita">Memofonte</span>
            <span class="ocrx_word" id="word_1_4" title="bbox 2800 865 2976 922; x_wconf 86" lang="ita" dir="ltr" xml:lang="ita">onlus</span>
          </span>
          <span class="ocr_line" id="line_1_3" title="bbox 1390 960 3571 1035; baseline 0 -17">
            <span class="ocrx_word" id="word_1_5" title="bbox 1390 960 1600 1018; x_wconf 98" lang="ita" dir="ltr" xml:lang="ita">Studio</span>
            <span class="ocrx_word" id="word_1_6" title="bbox 1624 979 1731 1035; x_wconf 99" lang="ita" dir="ltr" xml:lang="ita">per</span>
            <span class="ocrx_word" id="word_1_7" title="bbox 1754 960 2226 1018; x_wconf 98" lang="ita" dir="ltr" xml:lang="ita">l’elaborazione</span>
            <span class="ocrx_word" id="word_1_8" title="bbox 2250 960 2632 1018; x_wconf 97" lang="ita" dir="ltr" xml:lang="ita">informatica</span>
            <span class="ocrx_word" id="word_1_9" title="bbox 2655 961 2813 1018; x_wconf 98" lang="ita" dir="ltr" xml:lang="ita">delle</span>
            <span class="ocrx_word" id="word_1_10" title="bbox 2838 960 2991 1018; x_wconf 99" lang="ita" dir="ltr" xml:lang="ita">fonti</span>
            <span class="ocrx_word" id="word_1_11" title="bbox 3018 960 3571 1018; x_wconf 97" lang="ita" dir="ltr" xml:lang="ita">storico—artistiche</span>
          </span>
        </p>
      </div>
      <div class="ocr_carea" id="block_1_3" title="bbox 472 1119 4264 1123">
        <p class="ocr_par" dir="ltr" id="par_1_3" title="bbox 472 1119 4264 1123">
          <span class="ocr_line" id="line_1_4" title="bbox 472 1119 4264 1123; baseline 0 0">
            <span class="ocrx_word" id="word_1_12" title="bbox 472 1119 4264 1123; x_wconf 95" lang="ita" dir="ltr" xml:lang="ita"> </span>
          </span>
        </p>
      </div>
      <div class="ocr_carea" id="block_1_4" title="bbox 2105 1356 2855 1448">
        <p class="ocr_par" dir="ltr" id="par_1_4" title="bbox 2105 1356 2855 1448">
          <span class="ocr_line" id="line_1_5" title="bbox 2105 1356 2855 1448; baseline 0 -2">
            <span class="ocrx_word" id="word_1_13" title="bbox 2105 1356 2855 1448; x_wconf 87" lang="ita" dir="ltr" xml:lang="ita">MITOLOGIA</span>
          </span>
        </p>
      </div>
      <div class="ocr_carea" id="block_1_5" title="bbox 1720 1497 3239 1650">
        <p class="ocr_par" dir="ltr" id="par_1_5" title="bbox 1720 1497 3239 1650">
          <span class="ocr_line" id="line_1_6" title="bbox 1720 1497 3239 1554; baseline 0 -1">
            <span class="ocrx_word" id="word_1_14" title="bbox 1720 1497 2054 1554; x_wconf 93" lang="ita" dir="ltr" xml:lang="ita">IMAGINI</span>
            <span class="ocrx_word" id="word_1_15" title="bbox 2081 1497 2343 1554; x_wconf 85" lang="ita" dir="ltr" xml:lang="ita">SACRE</span>
            <span class="ocrx_word" id="word_1_16" title="bbox 2367 1498 2415 1553; x_wconf 99" lang="ita" dir="ltr" xml:lang="ita">E</span>
            <span class="ocrx_word" id="word_1_17" title="bbox 2441 1497 2812 1554; x_wconf 89" lang="ita" dir="ltr" xml:lang="ita">COSTUMI</span>
            <span class="ocrx_word" id="word_1_18" title="bbox 2836 1497 3239 1554; x_wconf 89" lang="ita" dir="ltr" xml:lang="ita">RELIGIOSI</span>
          </span>
          <span class="ocr_line" id="line_1_7" title="bbox 2106 1593 2853 1650; baseline 0 -1">
            <span class="ocrx_word" id="word_1_19" title="bbox 2106 1594 2191 1649; x_wconf 92" lang="ita" dir="ltr" xml:lang="ita">DI</span>
            <span class="ocrx_word" id="word_1_20" title="bbox 2215 1593 2540 1650; x_wconf 91" lang="ita" dir="ltr" xml:lang="ita">DIVERSI</span>
            <span class="ocrx_word" id="word_1_21" title="bbox 2564 1593 2853 1650; x_wconf 91" lang="ita" dir="ltr" xml:lang="ita">POPOLI</span>
          </span>
        </p>
      </div>
      <div class="ocr_carea" id="block_1_6" title="bbox 473 1784 4487 2129">
        <p class="ocr_par" dir="ltr" id="par_1_6" title="bbox 473 1784 4487 2129">
          <span class="ocr_line" id="line_1_8" title="bbox 473 1784 4485 1859; baseline -0 -17">
            <span class="ocrx_word" id="word_1_22" title="bbox 473 1784 655 1842; x_wconf 87" lang="ita" xml:lang="ita">4668.</span>
            <span class="ocrx_word" id="word_1_23" title="bbox 692 1785 1023 1842; x_wconf 84" lang="ita" dir="ltr" xml:lang="ita">ALCORAN</span>
            <span class="ocrx_word" id="word_1_24" title="bbox 1058 1785 1156 1855; x_wconf 89" lang="ita" dir="ltr" xml:lang="ita">(l’)</span>
            <span class="ocrx_word" id="word_1_25" title="bbox 1193 1785 1299 1842; x_wconf 98" lang="ita" dir="ltr" xml:lang="ita">des</span>
            <span class="ocrx_word" id="word_1_26" title="bbox 1335 1784 1677 1842; x_wconf 98" lang="ita" dir="ltr" xml:lang="ita">Cordeliers</span>
            <span class="ocrx_word" id="word_1_27" title="bbox 1712 1793 1835 1842; x_wconf 97" lang="ita" dir="ltr" xml:lang="ita">tant</span>
            <span class="ocrx_word" id="word_1_28" title="bbox 1868 1803 1943 1842; x_wconf 99" lang="ita" dir="ltr" xml:lang="ita">en</span>
            <span class="ocrx_word" id="word_1_29" title="bbox 1977 1784 2121 1842; x_wconf 97" lang="ita" dir="ltr" xml:lang="ita">latin</span>
            <span class="ocrx_word" id="word_1_30" title="bbox 2155 1785 2342 1859; x_wconf 99" lang="ita" dir="ltr" xml:lang="ita">qu’en</span>
            <span class="ocrx_word" id="word_1_31" title="bbox 2376 1784 2657 1859; x_wconf 74" lang="ita" dir="ltr" xml:lang="ita">francois.</span>
            <span class="ocrx_word" id="word_1_32" title="bbox 2695 1785 2866 1842; x_wconf 97" lang="ita" dir="ltr" xml:lang="ita">Avec</span>
            <span class="ocrx_word" id="word_1_33" title="bbox 2902 1784 3128 1859; x_wconf 80" lang="ita" dir="ltr" xml:lang="ita">figures</span>
            <span class="ocrx_word" id="word_1_34" title="bbox 3164 1784 3473 1842; x_wconf 88" lang="ita" dir="ltr" xml:lang="ita">dessinées</span>
            <span class="ocrx_word" id="word_1_35" title="bbox 3508 1803 3615 1859; x_wconf 97" lang="ita" dir="ltr" xml:lang="ita">par</span>
            <span class="ocrx_word" id="word_1_36" title="bbox 3646 1786 3716 1842; x_wconf 91" lang="ita" dir="ltr" xml:lang="ita">B.</span>
            <span class="ocrx_word" id="word_1_37" title="bbox 3753 1784 4004 1852; x_wconf 87" lang="ita" dir="ltr" xml:lang="ita">Pickart,</span>
            <span class="ocrx_word" id="word_1_38" title="bbox 4041 1785 4078 1841; x_wconf 88" lang="ita" xml:lang="ita">2</span>
            <span class="ocrx_word" id="word_1_39" title="bbox 4114 1785 4255 1852; x_wconf 99" lang="ita" dir="ltr" xml:lang="ita">vol.,</span>
            <span class="ocrx_word" id="word_1_40" title="bbox 4292 1784 4354 1841; x_wconf 98" lang="ita" dir="ltr" xml:lang="ita">in</span>
            <span class="ocrx_word" id="word_1_41" title="bbox 4395 1785 4485 1852; x_wconf 88" lang="ita" xml:lang="ita">12,</span>
          </span>
          <span class="ocr_line" id="line_1_9" title="bbox 698 1881 1289 1938; baseline 0.002 -1">
            <span class="ocrx_word" id="word_1_42" title="bbox 698 1881 1086 1938; x_wconf 80" lang="ita" dir="ltr" xml:lang="ita">Amsterdam</span>
            <span class="ocrx_word" id="word_1_43" title="bbox 1115 1881 1289 1938; x_wconf 98" lang="ita" xml:lang="ita">1734.</span>
          </span>
          <span class="ocr_line" id="line_1_10" title="bbox 698 1976 4487 2051; baseline 0 -17">
            <span class="ocrx_word" id="word_1_44" title="bbox 698 1978 782 2034; x_wconf 97" lang="ita" dir="ltr" xml:lang="ita">Le</span>
            <span class="ocrx_word" id="word_1_45" title="bbox 809 1977 1116 2034; x_wconf 85" lang="ita" dir="ltr" xml:lang="ita">trentadue</span>
            <span class="ocrx_word" id="word_1_46" title="bbox 1143 1977 1344 2034; x_wconf 97" lang="ita" dir="ltr" xml:lang="ita">tavole</span>
            <span class="ocrx_word" id="word_1_47" title="bbox 1371 1976 1678 2051; x_wconf 98" lang="ita" dir="ltr" xml:lang="ita">intagliate</span>
            <span class="ocrx_word" id="word_1_48" title="bbox 1707 1995 1824 2034; x_wconf 98" lang="ita" dir="ltr" xml:lang="ita">con</span>
            <span class="ocrx_word" id="word_1_49" title="bbox 1851 1985 2107 2034; x_wconf 97" lang="ita" dir="ltr" xml:lang="ita">estrema</span>
            <span class="ocrx_word" id="word_1_50" title="bbox 2134 1976 2372 2034; x_wconf 84" lang="ita" dir="ltr" xml:lang="ita">finezza</span>
            <span class="ocrx_word" id="word_1_51" title="bbox 2396 1977 2666 2034; x_wconf 99" lang="ita" dir="ltr" xml:lang="ita">rendono</span>
            <span class="ocrx_word" id="word_1_52" title="bbox 2696 1976 3177 2051; x_wconf 88" lang="ita" dir="ltr" xml:lang="ita">quest’edizione</span>
            <span class="ocrx_word" id="word_1_53" title="bbox 3203 1976 3553 2051; x_wconf 99" lang="ita" dir="ltr" xml:lang="ita">pregievole</span>
            <span class="ocrx_word" id="word_1_54" title="bbox 3582 1995 3616 2034; x_wconf 97" lang="ita" dir="ltr" xml:lang="ita">a</span>
            <span class="ocrx_word" id="word_1_55" title="bbox 3640 1976 3991 2051; x_wconf 84" lang="ita" dir="ltr" xml:lang="ita">preferenza</span>
            <span class="ocrx_word" id="word_1_56" title="bbox 4017 1977 4175 2034; x_wconf 98" lang="ita" dir="ltr" xml:lang="ita">delle</span>
            <span class="ocrx_word" id="word_1_57" title="bbox 4204 1977 4347 2034; x_wconf 98" lang="ita" dir="ltr" xml:lang="ita">altre</span>
            <span class="ocrx_word" id="word_1_58" title="bbox 4375 1976 4487 2034; x_wconf 98" lang="ita" dir="ltr" xml:lang="ita">che</span>
          </span>
          <span class="ocr_line" id="line_1_11" title="bbox 699 2071 1102 2129; baseline 0.002 -1">
            <span class="ocrx_word" id="word_1_59" title="bbox 699 2071 916 2129; x_wconf 99" lang="ita" dir="ltr" xml:lang="ita">furono</span>
            <span class="ocrx_word" id="word_1_60" title="bbox 942 2071 1102 2129; x_wconf 97" lang="ita" dir="ltr" xml:lang="ita">fatte.</span>
          </span>
        </p>
      </div>
      <div class="ocr_carea" id="block_1_7" title="bbox 473 2263 4490 2721">
        <p class="ocr_par" dir="ltr" id="par_1_7" title="bbox 473 2263 4490 2721">
          <span class="ocr_line" id="line_1_12" title="bbox 473 2263 4490 2338; baseline 0 -18">
            <span class="ocrx_word" id="word_1_61" title="bbox 473 2263 655 2322; x_wconf 90" lang="ita" xml:lang="ita">4669.</span>
            <span class="ocrx_word" id="word_1_62" title="bbox 685 2264 1071 2321; x_wconf 84" lang="ita" dir="ltr" xml:lang="ita">ANCARANO</span>
            <span class="ocrx_word" id="word_1_63" title="bbox 1099 2264 1390 2338; x_wconf 90" lang="ita" dir="ltr" xml:lang="ita">Gasparo,</span>
            <span class="ocrx_word" id="word_1_64" title="bbox 1420 2265 1601 2321; x_wconf 93" lang="ita" dir="ltr" xml:lang="ita">Novo</span>
            <span class="ocrx_word" id="word_1_65" title="bbox 1628 2263 1857 2321; x_wconf 97" lang="ita" dir="ltr" xml:lang="ita">rosario</span>
            <span class="ocrx_word" id="word_1_66" title="bbox 1885 2264 2045 2321; x_wconf 98" lang="ita" dir="ltr" xml:lang="ita">della</span>
            <span class="ocrx_word" id="word_1_67" title="bbox 2071 2263 2512 2338; x_wconf 97" lang="ita" dir="ltr" xml:lang="ita">gloriosissima</span>
            <span class="ocrx_word" id="word_1_68" title="bbox 2537 2263 2801 2338; x_wconf 82" lang="ita" dir="ltr" xml:lang="ita">Vergine</span>
            <span class="ocrx_word" id="word_1_69" title="bbox 2828 2263 3041 2321; x_wconf 97" lang="ita" dir="ltr" xml:lang="ita">Maria.</span>
            <span class="ocrx_word" id="word_1_70" title="bbox 3072 2263 3429 2338; x_wconf 82" lang="ita" dir="ltr" xml:lang="ita">Aggiuntivi</span>
            <span class="ocrx_word" id="word_1_71" title="bbox 3456 2263 3519 2320; x_wconf 99" lang="ita" dir="ltr" xml:lang="ita">in</span>
            <span class="ocrx_word" id="word_1_72" title="bbox 3546 2263 3671 2321; x_wconf 99" lang="ita" dir="ltr" xml:lang="ita">fine</span>
            <span class="ocrx_word" id="word_1_73" title="bbox 3698 2263 3718 2320; x_wconf 99" lang="ita" dir="ltr" xml:lang="ita">i</span>
            <span class="ocrx_word" id="word_1_74" title="bbox 3746 2263 4037 2331; x_wconf 87" lang="ita" dir="ltr" xml:lang="ita">miracoli,</span>
            <span class="ocrx_word" id="word_1_75" title="bbox 4067 2263 4354 2331; x_wconf 92" lang="ita" dir="ltr" xml:lang="ita">Venezia,</span>
            <span class="ocrx_word" id="word_1_76" title="bbox 4383 2282 4490 2338; x_wconf 99" lang="ita" dir="ltr" xml:lang="ita">per</span>
          </span>
          <span class="ocr_line" id="line_1_13" title="bbox 698 2359 2011 2434; baseline -0.001 -17">
            <span class="ocrx_word" id="word_1_77" title="bbox 698 2360 1005 2417; x_wconf 90" lang="ita" dir="ltr" xml:lang="ita">Bernardo</span>
            <span class="ocrx_word" id="word_1_78" title="bbox 1032 2359 1256 2427; x_wconf 93" lang="ita" dir="ltr" xml:lang="ita">Giunti,</span>
            <span class="ocrx_word" id="word_1_79" title="bbox 1291 2359 1445 2417; x_wconf 87" lang="ita" xml:lang="ita">1588</span>
            <span class="ocrx_word" id="word_1_80" title="bbox 1473 2378 1506 2417; x_wconf 99" lang="ita" dir="ltr" xml:lang="ita">e</span>
            <span class="ocrx_word" id="word_1_81" title="bbox 1538 2359 1711 2427; x_wconf 89" lang="ita" xml:lang="ita">1587,</span>
            <span class="ocrx_word" id="word_1_82" title="bbox 1737 2359 1799 2416; x_wconf 98" lang="ita" dir="ltr" xml:lang="ita">in</span>
            <span class="ocrx_word" id="word_1_83" title="bbox 1822 2360 1879 2427; x_wconf 99" lang="ita" xml:lang="ita">4,</span>
            <span class="ocrx_word" id="word_1_84" title="bbox 1907 2359 2011 2434; x_wconf 99" lang="ita" dir="ltr" xml:lang="ita">fig.</span>
          </span>
          <span class="ocr_line" id="line_1_14" title="bbox 701 2455 4487 2530; baseline 0 -17">
            <span class="ocrx_word" id="word_1_85" title="bbox 701 2455 930 2513; x_wconf 98" lang="ita" dir="ltr" xml:lang="ita">Sonovi</span>
            <span class="ocrx_word" id="word_1_86" title="bbox 977 2456 1056 2513; x_wconf 88" lang="ita" xml:lang="ita">20</span>
            <span class="ocrx_word" id="word_1_87" title="bbox 1103 2456 1303 2513; x_wconf 98" lang="ita" dir="ltr" xml:lang="ita">tavole</span>
            <span class="ocrx_word" id="word_1_88" title="bbox 1349 2455 1656 2530; x_wconf 97" lang="ita" dir="ltr" xml:lang="ita">intagliate</span>
            <span class="ocrx_word" id="word_1_89" title="bbox 1703 2455 1765 2512; x_wconf 98" lang="ita" dir="ltr" xml:lang="ita">in</span>
            <span class="ocrx_word" id="word_1_90" title="bbox 1809 2474 1991 2523; x_wconf 98" lang="ita" dir="ltr" xml:lang="ita">rame,</span>
            <span class="ocrx_word" id="word_1_91" title="bbox 2041 2455 2343 2530; x_wconf 88" lang="ita" dir="ltr" xml:lang="ita">compresi</span>
            <span class="ocrx_word" id="word_1_92" title="bbox 2389 2455 2409 2512; x_wconf 99" lang="ita" dir="ltr" xml:lang="ita">i</span>
            <span class="ocrx_word" id="word_1_93" title="bbox 2457 2455 2804 2530; x_wconf 87" lang="ita" dir="ltr" xml:lang="ita">frontespizj</span>
            <span class="ocrx_word" id="word_1_94" title="bbox 2856 2455 3161 2530; x_wconf 98" lang="ita" dir="ltr" xml:lang="ita">intagliate</span>
            <span class="ocrx_word" id="word_1_95" title="bbox 3208 2456 3285 2513; x_wconf 98" lang="ita" dir="ltr" xml:lang="ita">da</span>
            <span class="ocrx_word" id="word_1_96" title="bbox 3331 2455 3630 2513; x_wconf 93" lang="ita" dir="ltr" xml:lang="ita">Giacomo</span>
            <span class="ocrx_word" id="word_1_97" title="bbox 3678 2457 3905 2513; x_wconf 91" lang="ita" dir="ltr" xml:lang="ita">Franco</span>
            <span class="ocrx_word" id="word_1_98" title="bbox 3953 2474 3986 2513; x_wconf 99" lang="ita" dir="ltr" xml:lang="ita">e</span>
            <span class="ocrx_word" id="word_1_99" title="bbox 4040 2455 4109 2513; x_wconf 89" lang="ita" xml:lang="ita">15</span>
            <span class="ocrx_word" id="word_1_100" title="bbox 4162 2455 4377 2513; x_wconf 98" lang="ita" dir="ltr" xml:lang="ita">sonetti</span>
            <span class="ocrx_word" id="word_1_101" title="bbox 4423 2455 4487 2512; x_wconf 99" lang="ita" dir="ltr" xml:lang="ita">in</span>
          </span>
          <span class="ocr_line" id="line_1_15" title="bbox 699 2551 4486 2626; baseline 0 -17">
            <span class="ocrx_word" id="word_1_102" title="bbox 699 2551 1083 2626; x_wconf 98" lang="ita" dir="ltr" xml:lang="ita">esposizione</span>
            <span class="ocrx_word" id="word_1_103" title="bbox 1110 2552 1205 2609; x_wconf 99" lang="ita" dir="ltr" xml:lang="ita">de’</span>
            <span class="ocrx_word" id="word_1_104" title="bbox 1246 2551 1315 2609; x_wconf 98" lang="ita" xml:lang="ita">15</span>
            <span class="ocrx_word" id="word_1_105" title="bbox 1345 2553 1734 2619; x_wconf 91" lang="ita" dir="ltr" xml:lang="ita">Paternoster,</span>
            <span class="ocrx_word" id="word_1_106" title="bbox 1771 2551 1884 2609; x_wconf 93" lang="ita" xml:lang="ita">150</span>
            <span class="ocrx_word" id="word_1_107" title="bbox 1912 2560 2111 2609; x_wconf 98" lang="ita" dir="ltr" xml:lang="ita">ottave</span>
            <span class="ocrx_word" id="word_1_108" title="bbox 2136 2570 2242 2626; x_wconf 99" lang="ita" dir="ltr" xml:lang="ita">per</span>
            <span class="ocrx_word" id="word_1_109" title="bbox 2267 2552 2323 2609; x_wconf 99" lang="ita" dir="ltr" xml:lang="ita">le</span>
            <span class="ocrx_word" id="word_1_110" title="bbox 2356 2551 2470 2609; x_wconf 97" lang="ita" xml:lang="ita">150</span>
            <span class="ocrx_word" id="word_1_111" title="bbox 2496 2552 2630 2609; x_wconf 97" lang="ita" dir="ltr" xml:lang="ita">Ave</span>
            <span class="ocrx_word" id="word_1_112" title="bbox 2656 2551 2871 2619; x_wconf 97" lang="ita" dir="ltr" xml:lang="ita">Marie,</span>
            <span class="ocrx_word" id="word_1_113" title="bbox 2901 2570 2934 2609; x_wconf 99" lang="ita" dir="ltr" xml:lang="ita">e</span>
            <span class="ocrx_word" id="word_1_114" title="bbox 2960 2570 3040 2609; x_wconf 99" lang="ita" dir="ltr" xml:lang="ita">un</span>
            <span class="ocrx_word" id="word_1_115" title="bbox 3066 2551 3339 2609; x_wconf 87" lang="ita" dir="ltr" xml:lang="ita">orticello</span>
            <span class="ocrx_word" id="word_1_116" title="bbox 3369 2551 3689 2626; x_wconf 97" lang="ita" dir="ltr" xml:lang="ita">spirituale.</span>
            <span class="ocrx_word" id="word_1_117" title="bbox 3718 2551 3982 2609; x_wconf 90" lang="ita" dir="ltr" xml:lang="ita">Libretto</span>
            <span class="ocrx_word" id="word_1_118" title="bbox 4010 2551 4486 2626; x_wconf 97" lang="ita" dir="ltr" xml:lang="ita">graziosamente</span>
          </span>
          <span class="ocr_line" id="line_1_16" title="bbox 698 2646 1821 2721; baseline 0.001 -18">
            <span class="ocrx_word" id="word_1_119" title="bbox 698 2646 1008 2721; x_wconf 98" lang="ita" dir="ltr" xml:lang="ita">intagliato</span>
            <span class="ocrx_word" id="word_1_120" title="bbox 1034 2665 1067 2704; x_wconf 99" lang="ita" dir="ltr" xml:lang="ita">e</span>
            <span class="ocrx_word" id="word_1_121" title="bbox 1091 2646 1481 2704; x_wconf 98" lang="ita" dir="ltr" xml:lang="ita">nitidamente</span>
            <span class="ocrx_word" id="word_1_122" title="bbox 1508 2655 1821 2721; x_wconf 98" lang="ita" dir="ltr" xml:lang="ita">stampato.</span>
          </span>
        </p>
      </div>
      <div class="ocr_carea" id="block_1_8" title="bbox 473 2838 4489 3201">
        <p class="ocr_par" dir="ltr" id="par_1_8" title="bbox 473 2838 4489 3201">
          <span class="ocr_line" id="line_1_17" title="bbox 473 2838 3866 2913; baseline -0 -17">
            <span class="ocrx_word" id="word_1_123" title="bbox 473 2838 655 2896; x_wconf 92" lang="ita" xml:lang="ita">4670.</span>
            <span class="ocrx_word" id="word_1_124" title="bbox 682 2839 984 2896; x_wconf 85" lang="ita" dir="ltr" xml:lang="ita">ANSALDI</span>
            <span class="ocrx_word" id="word_1_125" title="bbox 1006 2840 1067 2896; x_wconf 97" lang="ita" dir="ltr" xml:lang="ita">P.</span>
            <span class="ocrx_word" id="word_1_126" title="bbox 1096 2839 1186 2906; x_wconf 90" lang="ita" dir="ltr" xml:lang="ita">C.,</span>
            <span class="ocrx_word" id="word_1_127" title="bbox 1213 2840 1307 2896; x_wconf 98" lang="ita" dir="ltr" xml:lang="ita">De</span>
            <span class="ocrx_word" id="word_1_128" title="bbox 1332 2838 1447 2896; x_wconf 98" lang="ita" dir="ltr" xml:lang="ita">diis</span>
            <span class="ocrx_word" id="word_1_129" title="bbox 1472 2839 1794 2896; x_wconf 98" lang="ita" dir="ltr" xml:lang="ita">multarum</span>
            <span class="ocrx_word" id="word_1_130" title="bbox 1818 2838 2088 2913; x_wconf 99" lang="ita" dir="ltr" xml:lang="ita">gentium</span>
            <span class="ocrx_word" id="word_1_131" title="bbox 2110 2840 2373 2896; x_wconf 97" lang="ita" dir="ltr" xml:lang="ita">Romam</span>
            <span class="ocrx_word" id="word_1_132" title="bbox 2396 2838 2683 2906; x_wconf 97" lang="ita" dir="ltr" xml:lang="ita">evocatis,</span>
            <span class="ocrx_word" id="word_1_133" title="bbox 2711 2838 2862 2896; x_wconf 99" lang="ita" dir="ltr" xml:lang="ita">liber</span>
            <span class="ocrx_word" id="word_1_134" title="bbox 2887 2838 3222 2913; x_wconf 97" lang="ita" dir="ltr" xml:lang="ita">singularis,</span>
            <span class="ocrx_word" id="word_1_135" title="bbox 3249 2838 3491 2896; x_wconf 76" lang="ita" dir="ltr" xml:lang="ita">Brixiae</span>
            <span class="ocrx_word" id="word_1_136" title="bbox 3524 2839 3698 2906; x_wconf 99" lang="ita" xml:lang="ita">1743,</span>
            <span class="ocrx_word" id="word_1_137" title="bbox 3725 2838 3787 2895; x_wconf 98" lang="ita" dir="ltr" xml:lang="ita">in</span>
            <span class="ocrx_word" id="word_1_138" title="bbox 3814 2839 3866 2896; x_wconf 99" lang="ita" xml:lang="ita">8.</span>
          </span>
          <span class="ocr_line" id="line_1_18" title="bbox 698 2934 4489 3009; baseline 0 -17">
            <span class="ocrx_word" id="word_1_139" title="bbox 698 2935 1001 2992; x_wconf 85" lang="ita" dir="ltr" xml:lang="ita">ANSALDI</span>
            <span class="ocrx_word" id="word_1_140" title="bbox 1032 2934 1198 2992; x_wconf 97" lang="ita" dir="ltr" xml:lang="ita">Casti</span>
            <span class="ocrx_word" id="word_1_141" title="bbox 1230 2934 1592 3002; x_wconf 93" lang="ita" dir="ltr" xml:lang="ita">Innocentis,</span>
            <span class="ocrx_word" id="word_1_142" title="bbox 1627 2936 1722 2992; x_wconf 98" lang="ita" dir="ltr" xml:lang="ita">De</span>
            <span class="ocrx_word" id="word_1_143" title="bbox 1756 2953 1944 3002; x_wconf 97" lang="ita" dir="ltr" xml:lang="ita">sacro,</span>
            <span class="ocrx_word" id="word_1_144" title="bbox 1979 2943 2037 2992; x_wconf 99" lang="ita" dir="ltr" xml:lang="ita">et</span>
            <span class="ocrx_word" id="word_1_145" title="bbox 2065 2934 2313 3009; x_wconf 98" lang="ita" dir="ltr" xml:lang="ita">publico</span>
            <span class="ocrx_word" id="word_1_146" title="bbox 2347 2935 2505 3009; x_wconf 98" lang="ita" dir="ltr" xml:lang="ita">apud</span>
            <span class="ocrx_word" id="word_1_147" title="bbox 2536 2934 2810 2992; x_wconf 98" lang="ita" dir="ltr" xml:lang="ita">ethnicos</span>
            <span class="ocrx_word" id="word_1_148" title="bbox 2841 2934 3137 3009; x_wconf 97" lang="ita" dir="ltr" xml:lang="ita">pietarum</span>
            <span class="ocrx_word" id="word_1_149" title="bbox 3166 2935 3503 2992; x_wconf 97" lang="ita" dir="ltr" xml:lang="ita">tabularum</span>
            <span class="ocrx_word" id="word_1_150" title="bbox 3534 2935 3714 3002; x_wconf 98" lang="ita" dir="ltr" xml:lang="ita">cultu,</span>
            <span class="ocrx_word" id="word_1_151" title="bbox 3750 2935 4060 3009; x_wconf 97" lang="ita" dir="ltr" xml:lang="ita">Augustae</span>
            <span class="ocrx_word" id="word_1_152" title="bbox 4092 2934 4489 2992; x_wconf 97" lang="ita" dir="ltr" xml:lang="ita">Taurinorum</span>
          </span>
          <span class="ocr_line" id="line_1_19" title="bbox 706 3030 1171 3105; baseline 0 -17">
            <span class="ocrx_word" id="word_1_153" title="bbox 706 3030 881 3098; x_wconf 99" lang="ita" xml:lang="ita">1768,</span>
            <span class="ocrx_word" id="word_1_154" title="bbox 907 3030 969 3087; x_wconf 98" lang="ita" dir="ltr" xml:lang="ita">in</span>
            <span class="ocrx_word" id="word_1_155" title="bbox 992 3031 1030 3087; x_wconf 99" lang="ita" xml:lang="ita">4</span>
            <span class="ocrx_word" id="word_1_156" title="bbox 1054 3030 1171 3105; x_wconf 98" lang="ita" dir="ltr" xml:lang="ita">pic.</span>
          </span>
          <span class="ocr_line" id="line_1_20" title="bbox 698 3126 2880 3201; baseline 0 -17">
            <span class="ocrx_word" id="word_1_157" title="bbox 698 3127 961 3201; x_wconf 92" lang="ita" dir="ltr" xml:lang="ita">L’opera</span>
            <span class="ocrx_word" id="word_1_158" title="bbox 984 3127 1017 3184; x_wconf 86" lang="ita" dir="ltr" xml:lang="ita">è</span>
            <span class="ocrx_word" id="word_1_159" title="bbox 1042 3126 1238 3184; x_wconf 98" lang="ita" dir="ltr" xml:lang="ita">divisa</span>
            <span class="ocrx_word" id="word_1_160" title="bbox 1260 3126 1322 3183; x_wconf 98" lang="ita" dir="ltr" xml:lang="ita">in</span>
            <span class="ocrx_word" id="word_1_161" title="bbox 1353 3126 1422 3184; x_wconf 98" lang="ita" xml:lang="ita">15</span>
            <span class="ocrx_word" id="word_1_162" title="bbox 1451 3126 1715 3201; x_wconf 97" lang="ita" dir="ltr" xml:lang="ita">capitoli,</span>
            <span class="ocrx_word" id="word_1_163" title="bbox 1743 3145 1776 3184; x_wconf 99" lang="ita" dir="ltr" xml:lang="ita">e</span>
            <span class="ocrx_word" id="word_1_164" title="bbox 1800 3135 2030 3184; x_wconf 97" lang="ita" dir="ltr" xml:lang="ita">trattata</span>
            <span class="ocrx_word" id="word_1_165" title="bbox 2053 3145 2170 3184; x_wconf 98" lang="ita" dir="ltr" xml:lang="ita">con</span>
            <span class="ocrx_word" id="word_1_166" title="bbox 2192 3126 2493 3201; x_wconf 98" lang="ita" dir="ltr" xml:lang="ita">profonda</span>
            <span class="ocrx_word" id="word_1_167" title="bbox 2516 3126 2880 3184; x_wconf 98" lang="ita" dir="ltr" xml:lang="ita">erudizione.</span>
          </span>
        </p>
      </div>
      <div class="ocr_carea" id="block_1_9" title="bbox 473 3317 4484 3584">
        <p class="ocr_par" dir="ltr" id="par_1_9" title="bbox 473 3317 4484 3584">
          <span class="ocr_line" id="line_1_21" title="bbox 473 3317 4484 3392; baseline 0 -18">
            <span class="ocrx_word" id="word_1_168" title="bbox 473 3317 655 3375; x_wconf 99" lang="ita" xml:lang="ita">4671.</span>
            <span class="ocrx_word" id="word_1_169" title="bbox 695 3318 955 3375; x_wconf 90" lang="ita" dir="ltr" xml:lang="ita">ARDITO</span>
            <span class="ocrx_word" id="word_1_170" title="bbox 986 3317 1274 3385; x_wconf 97" lang="ita" dir="ltr" xml:lang="ita">Michele,</span>
            <span class="ocrx_word" id="word_1_171" title="bbox 1314 3319 1400 3375; x_wconf 98" lang="ita" dir="ltr" xml:lang="ita">La</span>
            <span class="ocrx_word" id="word_1_172" title="bbox 1434 3317 1715 3392; x_wconf 98" lang="ita" dir="ltr" xml:lang="ita">Epifania</span>
            <span class="ocrx_word" id="word_1_173" title="bbox 1751 3317 1913 3392; x_wconf 98" lang="ita" dir="ltr" xml:lang="ita">degli</span>
            <span class="ocrx_word" id="word_1_174" title="bbox 1950 3317 2067 3375; x_wconf 98" lang="ita" dir="ltr" xml:lang="ita">Dei</span>
            <span class="ocrx_word" id="word_1_175" title="bbox 2104 3317 2267 3392; x_wconf 98" lang="ita" dir="ltr" xml:lang="ita">degli</span>
            <span class="ocrx_word" id="word_1_176" title="bbox 2305 3317 2545 3385; x_wconf 96" lang="ita" dir="ltr" xml:lang="ita">antichi,</span>
            <span class="ocrx_word" id="word_1_177" title="bbox 2585 3318 2789 3375; x_wconf 99" lang="ita" dir="ltr" xml:lang="ita">lettere</span>
            <span class="ocrx_word" id="word_1_178" title="bbox 2827 3336 2861 3375; x_wconf 97" lang="ita" dir="ltr" xml:lang="ita">a</span>
            <span class="ocrx_word" id="word_1_179" title="bbox 2895 3319 2969 3375; x_wconf 93" lang="ita" dir="ltr" xml:lang="ita">D.</span>
            <span class="ocrx_word" id="word_1_180" title="bbox 3009 3317 3274 3375; x_wconf 98" lang="ita" dir="ltr" xml:lang="ita">Xaverio</span>
            <span class="ocrx_word" id="word_1_181" title="bbox 3311 3317 3544 3385; x_wconf 97" lang="ita" dir="ltr" xml:lang="ita">Mattei,</span>
            <span class="ocrx_word" id="word_1_182" title="bbox 3584 3318 3742 3375; x_wconf 98" lang="ita" dir="ltr" xml:lang="ita">colle</span>
            <span class="ocrx_word" id="word_1_183" title="bbox 3777 3317 4034 3392; x_wconf 98" lang="ita" dir="ltr" xml:lang="ita">risposte</span>
            <span class="ocrx_word" id="word_1_184" title="bbox 4071 3318 4233 3375; x_wconf 98" lang="ita" dir="ltr" xml:lang="ita">dello</span>
            <span class="ocrx_word" id="word_1_185" title="bbox 4273 3326 4484 3385; x_wconf 98" lang="ita" dir="ltr" xml:lang="ita">stesso,</span>
          </span>
          <span class="ocr_line" id="line_1_22" title="bbox 698 3413 1537 3488; baseline -0.001 -17">
            <span class="ocrx_word" id="word_1_186" title="bbox 698 3413 922 3488; x_wconf 93" lang="ita" dir="ltr" xml:lang="ita">Napoli</span>
            <span class="ocrx_word" id="word_1_187" title="bbox 954 3414 1128 3481; x_wconf 98" lang="ita" xml:lang="ita">1788,</span>
            <span class="ocrx_word" id="word_1_188" title="bbox 1155 3413 1217 3470; x_wconf 98" lang="ita" dir="ltr" xml:lang="ita">in</span>
            <span class="ocrx_word" id="word_1_189" title="bbox 1244 3414 1297 3481; x_wconf 97" lang="ita" xml:lang="ita">8,</span>
            <span class="ocrx_word" id="word_1_190" title="bbox 1324 3415 1412 3471; x_wconf 93" lang="ita" dir="ltr" xml:lang="ita">M.</span>
            <span class="ocrx_word" id="word_1_191" title="bbox 1439 3414 1537 3471; x_wconf 99" lang="ita" xml:lang="ita">44.</span>
          </span>
          <span class="ocr_line" id="line_1_23" title="bbox 701 3509 2301 3584; baseline 0 -17">
            <span class="ocrx_word" id="word_1_192" title="bbox 701 3510 865 3567; x_wconf 98" lang="ita" dir="ltr" xml:lang="ita">Sono</span>
            <span class="ocrx_word" id="word_1_193" title="bbox 889 3528 1099 3584; x_wconf 98" lang="ita" dir="ltr" xml:lang="ita">presso</span>
            <span class="ocrx_word" id="word_1_194" title="bbox 1125 3509 1236 3567; x_wconf 98" lang="ita" dir="ltr" xml:lang="ita">che</span>
            <span class="ocrx_word" id="word_1_195" title="bbox 1260 3509 1391 3567; x_wconf 99" lang="ita" dir="ltr" xml:lang="ita">tutti</span>
            <span class="ocrx_word" id="word_1_196" title="bbox 1414 3509 1583 3584; x_wconf 99" lang="ita" dir="ltr" xml:lang="ita">punti</span>
            <span class="ocrx_word" id="word_1_197" title="bbox 1608 3509 1669 3567; x_wconf 99" lang="ita" dir="ltr" xml:lang="ita">di</span>
            <span class="ocrx_word" id="word_1_198" title="bbox 1694 3509 1995 3584; x_wconf 92" lang="ita" dir="ltr" xml:lang="ita">questioni</span>
            <span class="ocrx_word" id="word_1_199" title="bbox 2018 3509 2301 3567; x_wconf 90" lang="ita" dir="ltr" xml:lang="ita">bibliche.</span>
          </span>
        </p>
      </div>
      <div class="ocr_carea" id="block_1_10" title="bbox 473 3700 2979 3775">
        <p class="ocr_par" dir="ltr" id="par_1_10" title="bbox 473 3700 2979 3775">
          <span class="ocr_line" id="line_1_24" title="bbox 473 3700 2979 3775; baseline 0 -18">
            <span class="ocrx_word" id="word_1_200" title="bbox 473 3700 655 3758; x_wconf 88" lang="ita" xml:lang="ita">4672.</span>
            <span class="ocrx_word" id="word_1_201" title="bbox 682 3701 954 3758; x_wconf 89" lang="ita" dir="ltr" xml:lang="ita">ASTORII</span>
            <span class="ocrx_word" id="word_1_202" title="bbox 977 3700 1246 3768; x_wconf 97" lang="ita" dir="ltr" xml:lang="ita">Antonii,</span>
            <span class="ocrx_word" id="word_1_203" title="bbox 1273 3702 1367 3758; x_wconf 98" lang="ita" dir="ltr" xml:lang="ita">De</span>
            <span class="ocrx_word" id="word_1_204" title="bbox 1391 3700 1526 3758; x_wconf 98" lang="ita" dir="ltr" xml:lang="ita">Diis</span>
            <span class="ocrx_word" id="word_1_205" title="bbox 1552 3700 1787 3758; x_wconf 98" lang="ita" dir="ltr" xml:lang="ita">Cabiris</span>
            <span class="ocrx_word" id="word_1_206" title="bbox 1813 3700 2170 3768; x_wconf 97" lang="ita" dir="ltr" xml:lang="ita">dissertatio,</span>
            <span class="ocrx_word" id="word_1_207" title="bbox 2197 3700 2470 3758; x_wconf 97" lang="ita" dir="ltr" xml:lang="ita">Venetiis</span>
            <span class="ocrx_word" id="word_1_208" title="bbox 2504 3701 2679 3768; x_wconf 98" lang="ita" xml:lang="ita">1703,</span>
            <span class="ocrx_word" id="word_1_209" title="bbox 2705 3700 2767 3757; x_wconf 98" lang="ita" dir="ltr" xml:lang="ita">in</span>
            <span class="ocrx_word" id="word_1_210" title="bbox 2794 3701 2847 3768; x_wconf 97" lang="ita" xml:lang="ita">8,</span>
            <span class="ocrx_word" id="word_1_211" title="bbox 2875 3700 2979 3775; x_wconf 99" lang="ita" dir="ltr" xml:lang="ita">fig.</span>
          </span>
        </p>
      </div>
      <div class="ocr_carea" id="block_1_11" title="bbox 473 3892 4487 4446">
        <p class="ocr_par" dir="ltr" id="par_1_11" title="bbox 473 3892 4487 4446">
          <span class="ocr_line" id="line_1_25" title="bbox 473 3892 4486 3967; baseline 0 -17">
            <span class="ocrx_word" id="word_1_212" title="bbox 473 3892 655 3950; x_wconf 99" lang="ita" xml:lang="ita">4673.</span>
            <span class="ocrx_word" id="word_1_213" title="bbox 684 3894 996 3950; x_wconf 85" lang="ita" dir="ltr" xml:lang="ita">BALTHUS</span>
            <span class="ocrx_word" id="word_1_214" title="bbox 1025 3893 1081 3950; x_wconf 99" lang="ita" dir="ltr" xml:lang="ita">le</span>
            <span class="ocrx_word" id="word_1_215" title="bbox 1107 3894 1190 3960; x_wconf 97" lang="ita" dir="ltr" xml:lang="ita">P.,</span>
            <span class="ocrx_word" id="word_1_216" title="bbox 1222 3892 1386 3950; x_wconf 98" lang="ita" dir="ltr" xml:lang="ita">Suite</span>
            <span class="ocrx_word" id="word_1_217" title="bbox 1413 3893 1488 3950; x_wconf 99" lang="ita" dir="ltr" xml:lang="ita">de</span>
            <span class="ocrx_word" id="word_1_218" title="bbox 1515 3893 1573 3950; x_wconf 98" lang="ita" dir="ltr" xml:lang="ita">la</span>
            <span class="ocrx_word" id="word_1_219" title="bbox 1596 3911 1853 3967; x_wconf 99" lang="ita" dir="ltr" xml:lang="ita">reponse</span>
            <span class="ocrx_word" id="word_1_220" title="bbox 1881 3893 1915 3950; x_wconf 84" lang="ita" dir="ltr" xml:lang="ita">a</span>
            <span class="ocrx_word" id="word_1_221" title="bbox 1940 3892 2236 3950; x_wconf 96" lang="ita" dir="ltr" xml:lang="ita">l’histoire</span>
            <span class="ocrx_word" id="word_1_222" title="bbox 2263 3893 2369 3950; x_wconf 98" lang="ita" dir="ltr" xml:lang="ita">des</span>
            <span class="ocrx_word" id="word_1_223" title="bbox 2397 3893 2646 3960; x_wconf 98" lang="ita" dir="ltr" xml:lang="ita">oracles,</span>
            <span class="ocrx_word" id="word_1_224" title="bbox 2676 3893 2823 3950; x_wconf 97" lang="ita" dir="ltr" xml:lang="ita">dans</span>
            <span class="ocrx_word" id="word_1_225" title="bbox 2851 3893 2909 3950; x_wconf 98" lang="ita" dir="ltr" xml:lang="ita">la</span>
            <span class="ocrx_word" id="word_1_226" title="bbox 2934 3893 3133 3967; x_wconf 99" lang="ita" dir="ltr" xml:lang="ita">quelle</span>
            <span class="ocrx_word" id="word_1_227" title="bbox 3160 3911 3240 3950; x_wconf 99" lang="ita" dir="ltr" xml:lang="ita">on</span>
            <span class="ocrx_word" id="word_1_228" title="bbox 3264 3892 3456 3950; x_wconf 99" lang="ita" dir="ltr" xml:lang="ita">refute</span>
            <span class="ocrx_word" id="word_1_229" title="bbox 3483 3893 3571 3950; x_wconf 99" lang="ita" dir="ltr" xml:lang="ita">les</span>
            <span class="ocrx_word" id="word_1_230" title="bbox 3599 3892 3937 3967; x_wconf 87" lang="ita" dir="ltr" xml:lang="ita">objections</span>
            <span class="ocrx_word" id="word_1_231" title="bbox 3964 3892 4227 3950; x_wconf 87" lang="ita" dir="ltr" xml:lang="ita">inserées</span>
            <span class="ocrx_word" id="word_1_232" title="bbox 4255 3893 4402 3950; x_wconf 97" lang="ita" dir="ltr" xml:lang="ita">dans</span>
            <span class="ocrx_word" id="word_1_233" title="bbox 4430 3893 4486 3950; x_wconf 99" lang="ita" dir="ltr" xml:lang="ita">le</span>
          </span>
          <span class="ocr_line" id="line_1_26" title="bbox 698 3988 4487 4063; baseline 0 -18">
            <span class="ocrx_word" id="word_1_234" title="bbox 698 3990 839 4045; x_wconf 89" lang="ita" dir="ltr" xml:lang="ita">XIII</span>
            <span class="ocrx_word" id="word_1_235" title="bbox 870 3997 1032 4046; x_wconf 99" lang="ita" dir="ltr" xml:lang="ita">tome</span>
            <span class="ocrx_word" id="word_1_236" title="bbox 1065 3989 1140 4046; x_wconf 99" lang="ita" dir="ltr" xml:lang="ita">de</span>
            <span class="ocrx_word" id="word_1_237" title="bbox 1172 3989 1230 4046; x_wconf 98" lang="ita" dir="ltr" xml:lang="ita">la</span>
            <span class="ocrx_word" id="word_1_238" title="bbox 1259 3988 1687 4063; x_wconf 98" lang="ita" dir="ltr" xml:lang="ita">Bibliotheque</span>
            <span class="ocrx_word" id="word_1_239" title="bbox 1720 3988 1988 4056; x_wconf 98" lang="ita" dir="ltr" xml:lang="ita">Choisie,</span>
            <span class="ocrx_word" id="word_1_240" title="bbox 2023 3997 2081 4046; x_wconf 99" lang="ita" dir="ltr" xml:lang="ita">et</span>
            <span class="ocrx_word" id="word_1_241" title="bbox 2111 3989 2259 4046; x_wconf 97" lang="ita" dir="ltr" xml:lang="ita">dans</span>
            <span class="ocrx_word" id="word_1_242" title="bbox 2292 3988 2547 4046; x_wconf 97" lang="ita" dir="ltr" xml:lang="ita">l’article</span>
            <span class="ocrx_word" id="word_1_243" title="bbox 2579 3990 2632 4045; x_wconf 93" lang="ita" dir="ltr" xml:lang="ita">II</span>
            <span class="ocrx_word" id="word_1_244" title="bbox 2664 3989 2739 4046; x_wconf 99" lang="ita" dir="ltr" xml:lang="ita">de</span>
            <span class="ocrx_word" id="word_1_245" title="bbox 2771 3989 2829 4046; x_wconf 98" lang="ita" dir="ltr" xml:lang="ita">la</span>
            <span class="ocrx_word" id="word_1_246" title="bbox 2858 3988 3239 4063; x_wconf 88" lang="ita" dir="ltr" xml:lang="ita">République</span>
            <span class="ocrx_word" id="word_1_247" title="bbox 3271 3989 3377 4046; x_wconf 98" lang="ita" dir="ltr" xml:lang="ita">des</span>
            <span class="ocrx_word" id="word_1_248" title="bbox 3411 3989 3492 4046; x_wconf 99" lang="ita" dir="ltr" xml:lang="ita">let</span>
            <span class="ocrx_word" id="word_1_249" title="bbox 3527 3990 3605 4063; x_wconf 93" lang="ita" dir="ltr" xml:lang="ita">[p.</span>
            <span class="ocrx_word" id="word_1_250" title="bbox 3643 3989 3910 4058; x_wconf 89" lang="ita" dir="ltr" xml:lang="ita">319]tres</span>
            <span class="ocrx_word" id="word_1_251" title="bbox 3943 3989 4023 4046; x_wconf 98" lang="ita" dir="ltr" xml:lang="ita">du</span>
            <span class="ocrx_word" id="word_1_252" title="bbox 4054 3988 4211 4046; x_wconf 98" lang="ita" dir="ltr" xml:lang="ita">mois</span>
            <span class="ocrx_word" id="word_1_253" title="bbox 4244 3989 4319 4046; x_wconf 99" lang="ita" dir="ltr" xml:lang="ita">de</span>
            <span class="ocrx_word" id="word_1_254" title="bbox 4350 3988 4487 4046; x_wconf 84" lang="ita" dir="ltr" xml:lang="ita">Juin</span>
          </span>
          <span class="ocr_line" id="line_1_27" title="bbox 706 4084 1834 4159; baseline 0 -17">
            <span class="ocrx_word" id="word_1_255" title="bbox 706 4085 860 4142; x_wconf 98" lang="ita" xml:lang="ita">1707</span>
            <span class="ocrx_word" id="word_1_256" title="bbox 888 4093 1019 4152; x_wconf 97" lang="ita" dir="ltr" xml:lang="ita">etc.,</span>
            <span class="ocrx_word" id="word_1_257" title="bbox 1048 4103 1082 4142; x_wconf 97" lang="ita" dir="ltr" xml:lang="ita">a</span>
            <span class="ocrx_word" id="word_1_258" title="bbox 1107 4085 1461 4159; x_wconf 97" lang="ita" dir="ltr" xml:lang="ita">Strasbourg</span>
            <span class="ocrx_word" id="word_1_259" title="bbox 1493 4085 1667 4152; x_wconf 98" lang="ita" xml:lang="ita">1708,</span>
            <span class="ocrx_word" id="word_1_260" title="bbox 1694 4084 1755 4141; x_wconf 98" lang="ita" dir="ltr" xml:lang="ita">in</span>
            <span class="ocrx_word" id="word_1_261" title="bbox 1782 4085 1834 4142; x_wconf 99" lang="ita" xml:lang="ita">8.</span>
          </span>
          <span class="ocr_line" id="line_1_28" title="bbox 700 4180 4487 4255; baseline -0 -17">
            <span class="ocrx_word" id="word_1_262" title="bbox 700 4181 1104 4255; x_wconf 89" lang="ita" dir="ltr" xml:lang="ita">Quest’opera</span>
            <span class="ocrx_word" id="word_1_263" title="bbox 1140 4180 1296 4238; x_wconf 97" lang="ita" dir="ltr" xml:lang="ita">assai</span>
            <span class="ocrx_word" id="word_1_264" title="bbox 1333 4181 1514 4248; x_wconf 97" lang="ita" dir="ltr" xml:lang="ita">dotta,</span>
            <span class="ocrx_word" id="word_1_265" title="bbox 1554 4199 1587 4238; x_wconf 99" lang="ita" dir="ltr" xml:lang="ita">e</span>
            <span class="ocrx_word" id="word_1_266" title="bbox 1622 4181 1740 4238; x_wconf 99" lang="ita" dir="ltr" xml:lang="ita">ben</span>
            <span class="ocrx_word" id="word_1_267" title="bbox 1776 4180 2063 4248; x_wconf 97" lang="ita" dir="ltr" xml:lang="ita">ordinata,</span>
            <span class="ocrx_word" id="word_1_268" title="bbox 2103 4180 2214 4238; x_wconf 98" lang="ita" dir="ltr" xml:lang="ita">che</span>
            <span class="ocrx_word" id="word_1_269" title="bbox 2253 4199 2464 4255; x_wconf 98" lang="ita" dir="ltr" xml:lang="ita">sparge</span>
            <span class="ocrx_word" id="word_1_270" title="bbox 2501 4199 2645 4255; x_wconf 97" lang="ita" dir="ltr" xml:lang="ita">gran</span>
            <span class="ocrx_word" id="word_1_271" title="bbox 2681 4181 2816 4238; x_wconf 98" lang="ita" dir="ltr" xml:lang="ita">luce</span>
            <span class="ocrx_word" id="word_1_272" title="bbox 2855 4199 2923 4238; x_wconf 99" lang="ita" dir="ltr" xml:lang="ita">su</span>
            <span class="ocrx_word" id="word_1_273" title="bbox 2959 4180 3131 4238; x_wconf 99" lang="ita" dir="ltr" xml:lang="ita">molti</span>
            <span class="ocrx_word" id="word_1_274" title="bbox 3168 4180 3395 4238; x_wconf 98" lang="ita" dir="ltr" xml:lang="ita">misteri</span>
            <span class="ocrx_word" id="word_1_275" title="bbox 3432 4180 3886 4248; x_wconf 82" lang="ita" dir="ltr" xml:lang="ita">dell’antichità,</span>
            <span class="ocrx_word" id="word_1_276" title="bbox 3926 4181 3959 4238; x_wconf 87" lang="ita" dir="ltr" xml:lang="ita">e</span>
            <span class="ocrx_word" id="word_1_277" title="bbox 3997 4180 4354 4238; x_wconf 97" lang="ita" dir="ltr" xml:lang="ita">annunciata</span>
            <span class="ocrx_word" id="word_1_278" title="bbox 4388 4181 4487 4238; x_wconf 99" lang="ita" dir="ltr" xml:lang="ita">nel</span>
          </span>
          <span class="ocr_line" id="line_1_29" title="bbox 699 4275 4486 4350; baseline 0 -17">
            <span class="ocrx_word" id="word_1_279" title="bbox 699 4275 1091 4350; x_wconf 98" lang="ita" dir="ltr" xml:lang="ita">frontespizio</span>
            <span class="ocrx_word" id="word_1_280" title="bbox 1130 4294 1306 4333; x_wconf 98" lang="ita" dir="ltr" xml:lang="ita">come</span>
            <span class="ocrx_word" id="word_1_281" title="bbox 1345 4275 1645 4343; x_wconf 97" lang="ita" dir="ltr" xml:lang="ita">anonima,</span>
            <span class="ocrx_word" id="word_1_282" title="bbox 1687 4294 1720 4333; x_wconf 99" lang="ita" dir="ltr" xml:lang="ita">e</span>
            <span class="ocrx_word" id="word_1_283" title="bbox 1757 4294 1832 4333; x_wconf 99" lang="ita" dir="ltr" xml:lang="ita">ne</span>
            <span class="ocrx_word" id="word_1_284" title="bbox 1871 4275 2152 4333; x_wconf 97" lang="ita" dir="ltr" xml:lang="ita">abbiamo</span>
            <span class="ocrx_word" id="word_1_285" title="bbox 2190 4275 2454 4333; x_wconf 97" lang="ita" dir="ltr" xml:lang="ita">indicato</span>
            <span class="ocrx_word" id="word_1_286" title="bbox 2493 4276 2749 4333; x_wconf 97" lang="ita" dir="ltr" xml:lang="ita">l’autore</span>
            <span class="ocrx_word" id="word_1_287" title="bbox 2785 4294 2892 4350; x_wconf 99" lang="ita" dir="ltr" xml:lang="ita">per</span>
            <span class="ocrx_word" id="word_1_288" title="bbox 2928 4276 2986 4333; x_wconf 98" lang="ita" dir="ltr" xml:lang="ita">la</span>
            <span class="ocrx_word" id="word_1_289" title="bbox 3021 4284 3163 4333; x_wconf 97" lang="ita" dir="ltr" xml:lang="ita">nota</span>
            <span class="ocrx_word" id="word_1_290" title="bbox 3200 4275 3514 4350; x_wconf 97" lang="ita" dir="ltr" xml:lang="ita">appostavi</span>
            <span class="ocrx_word" id="word_1_291" title="bbox 3552 4276 3629 4333; x_wconf 98" lang="ita" dir="ltr" xml:lang="ita">da</span>
            <span class="ocrx_word" id="word_1_292" title="bbox 3664 4277 3752 4333; x_wconf 97" lang="ita" dir="ltr" xml:lang="ita">M.</span>
            <span class="ocrx_word" id="word_1_293" title="bbox 3793 4275 4100 4333; x_wconf 97" lang="ita" dir="ltr" xml:lang="ita">Villoison</span>
            <span class="ocrx_word" id="word_1_294" title="bbox 4137 4275 4235 4333; x_wconf 98" lang="ita" dir="ltr" xml:lang="ita">cui</span>
            <span class="ocrx_word" id="word_1_295" title="bbox 4273 4284 4486 4350; x_wconf 98" lang="ita" dir="ltr" xml:lang="ita">questo</span>
          </span>
          <span class="ocr_line" id="line_1_30" title="bbox 699 4372 1435 4446; baseline 0 -17">
            <span class="ocrx_word" id="word_1_296" title="bbox 699 4372 1032 4446; x_wconf 98" lang="ita" dir="ltr" xml:lang="ita">esemplare</span>
            <span class="ocrx_word" id="word_1_297" title="bbox 1058 4380 1435 4446; x_wconf 98" lang="ita" dir="ltr" xml:lang="ita">appartenne.</span>
          </span>
        </p>
      </div>
      <div class="ocr_carea" id="block_1_12" title="bbox 473 4563 3830 4734">
        <p class="ocr_par" dir="ltr" id="par_1_12" title="bbox 473 4563 3830 4734">
          <span class="ocr_line" id="line_1_31" title="bbox 473 4563 3830 4638; baseline 0 -17">
            <span class="ocrx_word" id="word_1_298" title="bbox 473 4563 655 4621; x_wconf 99" lang="ita" xml:lang="ita">4674.</span>
            <span class="ocrx_word" id="word_1_299" title="bbox 682 4564 1233 4631; x_wconf 85" lang="ita" dir="ltr" xml:lang="ita">BANNIER1’abbé,</span>
            <span class="ocrx_word" id="word_1_300" title="bbox 1260 4565 1346 4621; x_wconf 97" lang="ita" dir="ltr" xml:lang="ita">La</span>
            <span class="ocrx_word" id="word_1_301" title="bbox 1368 4563 1771 4638; x_wconf 88" lang="ita" dir="ltr" xml:lang="ita">Mythologie,</span>
            <span class="ocrx_word" id="word_1_302" title="bbox 1799 4572 1857 4621; x_wconf 99" lang="ita" dir="ltr" xml:lang="ita">et</span>
            <span class="ocrx_word" id="word_1_303" title="bbox 1880 4564 1967 4621; x_wconf 99" lang="ita" dir="ltr" xml:lang="ita">les</span>
            <span class="ocrx_word" id="word_1_304" title="bbox 1994 4563 2187 4621; x_wconf 97" lang="ita" dir="ltr" xml:lang="ita">fables</span>
            <span class="ocrx_word" id="word_1_305" title="bbox 2213 4563 2565 4638; x_wconf 76" lang="ita" dir="ltr" xml:lang="ita">expliquées</span>
            <span class="ocrx_word" id="word_1_306" title="bbox 2589 4582 2696 4638; x_wconf 97" lang="ita" dir="ltr" xml:lang="ita">par</span>
            <span class="ocrx_word" id="word_1_307" title="bbox 2719 4563 3033 4631; x_wconf 97" lang="ita" dir="ltr" xml:lang="ita">l’histoire,</span>
            <span class="ocrx_word" id="word_1_308" title="bbox 3061 4564 3180 4621; x_wconf 99" lang="ita" dir="ltr" xml:lang="ita">vol.</span>
            <span class="ocrx_word" id="word_1_309" title="bbox 3211 4564 3265 4631; x_wconf 99" lang="ita" xml:lang="ita">3,</span>
            <span class="ocrx_word" id="word_1_310" title="bbox 3292 4563 3354 4620; x_wconf 98" lang="ita" dir="ltr" xml:lang="ita">in</span>
            <span class="ocrx_word" id="word_1_311" title="bbox 3377 4564 3434 4631; x_wconf 99" lang="ita" xml:lang="ita">4,</span>
            <span class="ocrx_word" id="word_1_312" title="bbox 3461 4563 3623 4621; x_wconf 97" lang="ita" dir="ltr" xml:lang="ita">Paris</span>
            <span class="ocrx_word" id="word_1_313" title="bbox 3656 4564 3830 4621; x_wconf 98" lang="ita" xml:lang="ita">1738.</span>
          </span>
          <span class="ocr_line" id="line_1_32" title="bbox 700 4659 2144 4734; baseline 0 -17">
            <span class="ocrx_word" id="word_1_314" title="bbox 700 4660 901 4734; x_wconf 98" lang="ita" dir="ltr" xml:lang="ita">Opera</span>
            <span class="ocrx_word" id="word_1_315" title="bbox 925 4659 1081 4717; x_wconf 97" lang="ita" dir="ltr" xml:lang="ita">assai</span>
            <span class="ocrx_word" id="word_1_316" title="bbox 1104 4659 1372 4734; x_wconf 97" lang="ita" dir="ltr" xml:lang="ita">pregiata</span>
            <span class="ocrx_word" id="word_1_317" title="bbox 1393 4678 1500 4734; x_wconf 99" lang="ita" dir="ltr" xml:lang="ita">per</span>
            <span class="ocrx_word" id="word_1_318" title="bbox 1523 4660 1579 4717; x_wconf 99" lang="ita" dir="ltr" xml:lang="ita">le</span>
            <span class="ocrx_word" id="word_1_319" title="bbox 1606 4678 1710 4717; x_wconf 99" lang="ita" dir="ltr" xml:lang="ita">sue</span>
            <span class="ocrx_word" id="word_1_320" title="bbox 1735 4668 1875 4717; x_wconf 99" lang="ita" dir="ltr" xml:lang="ita">note</span>
            <span class="ocrx_word" id="word_1_321" title="bbox 1900 4659 2144 4717; x_wconf 99" lang="ita" dir="ltr" xml:lang="ita">erudite.</span>
          </span>
        </p>
      </div>
      <div class="ocr_carea" id="block_1_13" title="bbox 473 4850 4489 5117">
        <p class="ocr_par" dir="ltr" id="par_1_13" title="bbox 473 4850 4489 5117">
          <span class="ocr_line" id="line_1_33" title="bbox 473 4850 4489 4925; baseline 0 -17">
            <span class="ocrx_word" id="word_1_322" title="bbox 473 4850 655 4908; x_wconf 99" lang="ita" xml:lang="ita">4675.</span>
            <span class="ocrx_word" id="word_1_323" title="bbox 684 4852 990 4908; x_wconf 84" lang="ita" dir="ltr" xml:lang="ita">BANNIER</span>
            <span class="ocrx_word" id="word_1_324" title="bbox 1015 4851 1238 4918; x_wconf 88" lang="ita" dir="ltr" xml:lang="ita">l’abbé,</span>
            <span class="ocrx_word" id="word_1_325" title="bbox 1267 4852 1353 4908; x_wconf 97" lang="ita" dir="ltr" xml:lang="ita">La</span>
            <span class="ocrx_word" id="word_1_326" title="bbox 1378 4850 1781 4925; x_wconf 88" lang="ita" dir="ltr" xml:lang="ita">Mythologie,</span>
            <span class="ocrx_word" id="word_1_327" title="bbox 1811 4859 1869 4908; x_wconf 99" lang="ita" dir="ltr" xml:lang="ita">et</span>
            <span class="ocrx_word" id="word_1_328" title="bbox 1895 4851 1982 4908; x_wconf 99" lang="ita" dir="ltr" xml:lang="ita">les</span>
            <span class="ocrx_word" id="word_1_329" title="bbox 2012 4850 2205 4908; x_wconf 97" lang="ita" dir="ltr" xml:lang="ita">fables</span>
            <span class="ocrx_word" id="word_1_330" title="bbox 2233 4850 2585 4925; x_wconf 76" lang="ita" dir="ltr" xml:lang="ita">expliquées</span>
            <span class="ocrx_word" id="word_1_331" title="bbox 2611 4869 2718 4925; x_wconf 97" lang="ita" dir="ltr" xml:lang="ita">par</span>
            <span class="ocrx_word" id="word_1_332" title="bbox 2743 4850 3058 4918; x_wconf 97" lang="ita" dir="ltr" xml:lang="ita">l’histoire,</span>
            <span class="ocrx_word" id="word_1_333" title="bbox 3088 4851 3207 4908; x_wconf 99" lang="ita" dir="ltr" xml:lang="ita">vol.</span>
            <span class="ocrx_word" id="word_1_334" title="bbox 3241 4851 3294 4918; x_wconf 97" lang="ita" xml:lang="ita">8,</span>
            <span class="ocrx_word" id="word_1_335" title="bbox 3323 4850 3386 4907; x_wconf 99" lang="ita" dir="ltr" xml:lang="ita">in</span>
            <span class="ocrx_word" id="word_1_336" title="bbox 3420 4851 3511 4918; x_wconf 98" lang="ita" xml:lang="ita">12,</span>
            <span class="ocrx_word" id="word_1_337" title="bbox 3540 4850 3722 4918; x_wconf 97" lang="ita" dir="ltr" xml:lang="ita">Paris,</span>
            <span class="ocrx_word" id="word_1_338" title="bbox 3752 4850 3900 4908; x_wconf 98" lang="ita" dir="ltr" xml:lang="ita">chez</span>
            <span class="ocrx_word" id="word_1_339" title="bbox 3926 4850 4233 4918; x_wconf 97" lang="ita" dir="ltr" xml:lang="ita">Briasson,</span>
            <span class="ocrx_word" id="word_1_340" title="bbox 4270 4851 4424 4908; x_wconf 98" lang="ita" xml:lang="ita">1738</span>
            <span class="ocrx_word" id="word_1_341" title="bbox 4455 4851 4489 4908; x_wconf 84" lang="ita" dir="ltr" xml:lang="ita">a</span>
          </span>
          <span class="ocr_line" id="line_1_34" title="bbox 706 4947 880 5004; baseline 0.006 -1">
            <span class="ocrx_word" id="word_1_342" title="bbox 706 4947 880 5004; x_wconf 98" lang="ita" xml:lang="ita">1780.</span>
          </span>
          <span class="ocr_line" id="line_1_35" title="bbox 698 5042 3106 5117; baseline 0 -18">
            <span class="ocrx_word" id="word_1_343" title="bbox 698 5042 991 5100; x_wconf 98" lang="ita" dir="ltr" xml:lang="ita">Edizione</span>
            <span class="ocrx_word" id="word_1_344" title="bbox 1017 5042 1316 5117; x_wconf 99" lang="ita" dir="ltr" xml:lang="ita">ampliata,</span>
            <span class="ocrx_word" id="word_1_345" title="bbox 1344 5042 1455 5100; x_wconf 99" lang="ita" dir="ltr" xml:lang="ita">che</span>
            <span class="ocrx_word" id="word_1_346" title="bbox 1483 5042 1532 5100; x_wconf 99" lang="ita" dir="ltr" xml:lang="ita">si</span>
            <span class="ocrx_word" id="word_1_347" title="bbox 1556 5042 1715 5100; x_wconf 99" lang="ita" dir="ltr" xml:lang="ita">tiene</span>
            <span class="ocrx_word" id="word_1_348" title="bbox 1740 5042 1802 5099; x_wconf 99" lang="ita" dir="ltr" xml:lang="ita">in</span>
            <span class="ocrx_word" id="word_1_349" title="bbox 1826 5042 2102 5117; x_wconf 99" lang="ita" dir="ltr" xml:lang="ita">maggior</span>
            <span class="ocrx_word" id="word_1_350" title="bbox 2123 5042 2333 5117; x_wconf 99" lang="ita" dir="ltr" xml:lang="ita">pregio</span>
            <span class="ocrx_word" id="word_1_351" title="bbox 2359 5042 2420 5100; x_wconf 99" lang="ita" dir="ltr" xml:lang="ita">di</span>
            <span class="ocrx_word" id="word_1_352" title="bbox 2445 5043 2646 5117; x_wconf 99" lang="ita" dir="ltr" xml:lang="ita">quella</span>
            <span class="ocrx_word" id="word_1_353" title="bbox 2668 5042 2730 5099; x_wconf 99" lang="ita" dir="ltr" xml:lang="ita">in</span>
            <span class="ocrx_word" id="word_1_354" title="bbox 2757 5043 2789 5100; x_wconf 99" lang="ita" xml:lang="ita">3</span>
            <span class="ocrx_word" id="word_1_355" title="bbox 2818 5043 2937 5100; x_wconf 98" lang="ita" dir="ltr" xml:lang="ita">vol.</span>
            <span class="ocrx_word" id="word_1_356" title="bbox 2965 5042 3027 5099; x_wconf 99" lang="ita" dir="ltr" xml:lang="ita">in</span>
            <span class="ocrx_word" id="word_1_357" title="bbox 3050 5043 3106 5100; x_wconf 99" lang="ita" xml:lang="ita">4.</span>
          </span>
        </p>
      </div>
      <div class="ocr_carea" id="block_1_14" title="bbox 473 5234 4404 5404">
        <p class="ocr_par" dir="ltr" id="par_1_14" title="bbox 473 5234 4404 5404">
          <span class="ocr_line" id="line_1_36" title="bbox 473 5234 4404 5309; baseline -0 -17">
            <span class="ocrx_word" id="word_1_358" title="bbox 473 5234 655 5292; x_wconf 99" lang="ita" xml:lang="ita">4676.</span>
            <span class="ocrx_word" id="word_1_359" title="bbox 682 5236 939 5292; x_wconf 85" lang="ita" dir="ltr" xml:lang="ita">BANIER</span>
            <span class="ocrx_word" id="word_1_360" title="bbox 963 5235 1152 5302; x_wconf 97" lang="ita" dir="ltr" xml:lang="ita">abate,</span>
            <span class="ocrx_word" id="word_1_361" title="bbox 1181 5234 1430 5309; x_wconf 97" lang="ita" dir="ltr" xml:lang="ita">Origine</span>
            <span class="ocrx_word" id="word_1_362" title="bbox 1455 5235 1553 5292; x_wconf 99" lang="ita" dir="ltr" xml:lang="ita">del</span>
            <span class="ocrx_word" id="word_1_363" title="bbox 1578 5235 1739 5292; x_wconf 98" lang="ita" dir="ltr" xml:lang="ita">culto</span>
            <span class="ocrx_word" id="word_1_364" title="bbox 1763 5243 2024 5309; x_wconf 98" lang="ita" dir="ltr" xml:lang="ita">prestato</span>
            <span class="ocrx_word" id="word_1_365" title="bbox 2050 5234 2212 5309; x_wconf 97" lang="ita" dir="ltr" xml:lang="ita">dagli</span>
            <span class="ocrx_word" id="word_1_366" title="bbox 2237 5234 2418 5309; x_wconf 98" lang="ita" dir="ltr" xml:lang="ita">egizii</span>
            <span class="ocrx_word" id="word_1_367" title="bbox 2444 5234 2564 5309; x_wconf 98" lang="ita" dir="ltr" xml:lang="ita">agli</span>
            <span class="ocrx_word" id="word_1_368" title="bbox 2590 5234 2853 5302; x_wconf 98" lang="ita" dir="ltr" xml:lang="ita">animali,</span>
            <span class="ocrx_word" id="word_1_369" title="bbox 2881 5234 3329 5302; x_wconf 97" lang="ita" dir="ltr" xml:lang="ita">dissertazione,</span>
            <span class="ocrx_word" id="word_1_370" title="bbox 3356 5234 3629 5292; x_wconf 97" lang="ita" dir="ltr" xml:lang="ita">Venezia</span>
            <span class="ocrx_word" id="word_1_371" title="bbox 3659 5235 3833 5302; x_wconf 99" lang="ita" xml:lang="ita">1748,</span>
            <span class="ocrx_word" id="word_1_372" title="bbox 3860 5234 3922 5291; x_wconf 98" lang="ita" dir="ltr" xml:lang="ita">in</span>
            <span class="ocrx_word" id="word_1_373" title="bbox 3945 5235 4002 5302; x_wconf 99" lang="ita" xml:lang="ita">4,</span>
            <span class="ocrx_word" id="word_1_374" title="bbox 4029 5236 4117 5292; x_wconf 97" lang="ita" dir="ltr" xml:lang="ita">M.</span>
            <span class="ocrx_word" id="word_1_375" title="bbox 4145 5235 4224 5291; x_wconf 99" lang="ita" xml:lang="ita">44</span>
            <span class="ocrx_word" id="word_1_376" title="bbox 4250 5253 4283 5292; x_wconf 99" lang="ita" dir="ltr" xml:lang="ita">e</span>
            <span class="ocrx_word" id="word_1_377" title="bbox 4309 5234 4404 5292; x_wconf 99" lang="ita" xml:lang="ita">65.</span>
          </span>
          <span class="ocr_line" id="line_1_37" title="bbox 700 5329 3411 5404; baseline -0 -17">
            <span class="ocrx_word" id="word_1_378" title="bbox 700 5330 927 5401; x_wconf 89" lang="ita" dir="ltr" xml:lang="ita">Questa</span>
            <span class="ocrx_word" id="word_1_379" title="bbox 950 5330 983 5387; x_wconf 87" lang="ita" dir="ltr" xml:lang="ita">e</span>
            <span class="ocrx_word" id="word_1_380" title="bbox 1008 5348 1126 5387; x_wconf 98" lang="ita" dir="ltr" xml:lang="ita">una</span>
            <span class="ocrx_word" id="word_1_381" title="bbox 1149 5329 1210 5387; x_wconf 99" lang="ita" dir="ltr" xml:lang="ita">di</span>
            <span class="ocrx_word" id="word_1_382" title="bbox 1235 5330 1435 5404; x_wconf 99" lang="ita" dir="ltr" xml:lang="ita">quelle</span>
            <span class="ocrx_word" id="word_1_383" title="bbox 1460 5329 1877 5387; x_wconf 97" lang="ita" dir="ltr" xml:lang="ita">dissertazioni</span>
            <span class="ocrx_word" id="word_1_384" title="bbox 1900 5329 2245 5404; x_wconf 97" lang="ita" dir="ltr" xml:lang="ita">pubblicate</span>
            <span class="ocrx_word" id="word_1_385" title="bbox 2270 5330 2368 5387; x_wconf 97" lang="ita" dir="ltr" xml:lang="ita">dal</span>
            <span class="ocrx_word" id="word_1_386" title="bbox 2394 5330 2663 5404; x_wconf 93" lang="ita" dir="ltr" xml:lang="ita">Groppo,</span>
            <span class="ocrx_word" id="word_1_387" title="bbox 2690 5348 2723 5387; x_wconf 99" lang="ita" dir="ltr" xml:lang="ita">e</span>
            <span class="ocrx_word" id="word_1_388" title="bbox 2745 5338 2917 5404; x_wconf 98" lang="ita" dir="ltr" xml:lang="ita">porta</span>
            <span class="ocrx_word" id="word_1_389" title="bbox 2939 5329 2982 5386; x_wconf 99" lang="ita" dir="ltr" xml:lang="ita">il</span>
            <span class="ocrx_word" id="word_1_390" title="bbox 3006 5331 3080 5387; x_wconf 93" lang="ita" dir="ltr" xml:lang="ita">N.</span>
            <span class="ocrx_word" id="word_1_391" title="bbox 3109 5329 3170 5387; x_wconf 99" lang="ita" dir="ltr" xml:lang="ita">di</span>
            <span class="ocrx_word" id="word_1_392" title="bbox 3194 5331 3411 5387; x_wconf 89" lang="ita" dir="ltr" xml:lang="ita">XXIII.</span>
          </span>
        </p>
      </div>
      <div class="ocr_carea" id="block_1_15" title="bbox 473 5521 4487 5884">
        <p class="ocr_par" dir="ltr" id="par_1_15" title="bbox 473 5521 4487 5884">
          <span class="ocr_line" id="line_1_38" title="bbox 473 5521 4485 5596; baseline 0 -17">
            <span class="ocrx_word" id="word_1_393" title="bbox 473 5521 655 5579; x_wconf 99" lang="ita" xml:lang="ita">4677.</span>
            <span class="ocrx_word" id="word_1_394" title="bbox 684 5523 778 5579; x_wconf 98" lang="ita" dir="ltr" xml:lang="ita">De</span>
            <span class="ocrx_word" id="word_1_395" title="bbox 804 5523 1205 5579; x_wconf 84" lang="ita" dir="ltr" xml:lang="ita">BENSERADE</span>
            <span class="ocrx_word" id="word_1_396" title="bbox 1230 5523 1340 5589; x_wconf 97" lang="ita" dir="ltr" xml:lang="ita">M.,</span>
            <span class="ocrx_word" id="word_1_397" title="bbox 1369 5521 1840 5579; x_wconf 97" lang="ita" dir="ltr" xml:lang="ita">Metamorfoses</span>
            <span class="ocrx_word" id="word_1_398" title="bbox 1868 5521 2137 5579; x_wconf 98" lang="ita" dir="ltr" xml:lang="ita">d’Ovide</span>
            <span class="ocrx_word" id="word_1_399" title="bbox 2164 5540 2239 5579; x_wconf 99" lang="ita" dir="ltr" xml:lang="ita">en</span>
            <span class="ocrx_word" id="word_1_400" title="bbox 2264 5522 2599 5579; x_wconf 77" lang="ita" dir="ltr" xml:lang="ita">Rondeaux</span>
            <span class="ocrx_word" id="word_1_401" title="bbox 2624 5521 2935 5596; x_wconf 87" lang="ita" dir="ltr" xml:lang="ita">imprimés</span>
            <span class="ocrx_word" id="word_1_402" title="bbox 2963 5530 3021 5579; x_wconf 99" lang="ita" dir="ltr" xml:lang="ita">et</span>
            <span class="ocrx_word" id="word_1_403" title="bbox 3046 5521 3304 5579; x_wconf 98" lang="ita" dir="ltr" xml:lang="ita">enrichis</span>
            <span class="ocrx_word" id="word_1_404" title="bbox 3332 5522 3407 5579; x_wconf 99" lang="ita" dir="ltr" xml:lang="ita">de</span>
            <span class="ocrx_word" id="word_1_405" title="bbox 3434 5521 3660 5596; x_wconf 98" lang="ita" dir="ltr" xml:lang="ita">figures</span>
            <span class="ocrx_word" id="word_1_406" title="bbox 3686 5540 3793 5596; x_wconf 97" lang="ita" dir="ltr" xml:lang="ita">par</span>
            <span class="ocrx_word" id="word_1_407" title="bbox 3818 5522 3990 5579; x_wconf 99" lang="ita" dir="ltr" xml:lang="ita">ordre</span>
            <span class="ocrx_word" id="word_1_408" title="bbox 4016 5522 4091 5579; x_wconf 99" lang="ita" dir="ltr" xml:lang="ita">de</span>
            <span class="ocrx_word" id="word_1_409" title="bbox 4120 5522 4177 5579; x_wconf 98" lang="ita" dir="ltr" xml:lang="ita">S.</span>
            <span class="ocrx_word" id="word_1_410" title="bbox 4207 5522 4485 5596; x_wconf 87" lang="ita" dir="ltr" xml:lang="ita">Majesté,</span>
          </span>
          <span class="ocr_line" id="line_1_39" title="bbox 699 5617 1731 5685; baseline 0 -11">
            <span class="ocrx_word" id="word_1_411" title="bbox 699 5618 818 5675; x_wconf 98" lang="ita" dir="ltr" xml:lang="ita">vol.</span>
            <span class="ocrx_word" id="word_1_412" title="bbox 847 5618 903 5685; x_wconf 99" lang="ita" xml:lang="ita">2,</span>
            <span class="ocrx_word" id="word_1_413" title="bbox 930 5617 992 5674; x_wconf 99" lang="ita" dir="ltr" xml:lang="ita">in</span>
            <span class="ocrx_word" id="word_1_414" title="bbox 1023 5618 1114 5685; x_wconf 99" lang="ita" xml:lang="ita">12,</span>
            <span class="ocrx_word" id="word_1_415" title="bbox 1141 5618 1528 5675; x_wconf 97" lang="ita" dir="ltr" xml:lang="ita">Amsterdam</span>
            <span class="ocrx_word" id="word_1_416" title="bbox 1557 5618 1731 5675; x_wconf 99" lang="ita" xml:lang="ita">1714.</span>
          </span>
          <span class="ocr_line" id="line_1_40" title="bbox 700 5713 4487 5788; baseline 0 -17">
            <span class="ocrx_word" id="word_1_417" title="bbox 700 5714 984 5788; x_wconf 97" lang="ita" dir="ltr" xml:lang="ita">Operetta</span>
            <span class="ocrx_word" id="word_1_418" title="bbox 1017 5713 1078 5771; x_wconf 99" lang="ita" dir="ltr" xml:lang="ita">di</span>
            <span class="ocrx_word" id="word_1_419" title="bbox 1111 5732 1271 5788; x_wconf 98" lang="ita" dir="ltr" xml:lang="ita">poco</span>
            <span class="ocrx_word" id="word_1_420" title="bbox 1305 5713 1536 5781; x_wconf 98" lang="ita" dir="ltr" xml:lang="ita">merito,</span>
            <span class="ocrx_word" id="word_1_421" title="bbox 1575 5732 1827 5788; x_wconf 97" lang="ita" dir="ltr" xml:lang="ita">apparsa</span>
            <span class="ocrx_word" id="word_1_422" title="bbox 1860 5732 1893 5771; x_wconf 99" lang="ita" dir="ltr" xml:lang="ita">e</span>
            <span class="ocrx_word" id="word_1_423" title="bbox 1930 5722 2235 5771; x_wconf 97" lang="ita" dir="ltr" xml:lang="ita">sostenuta</span>
            <span class="ocrx_word" id="word_1_424" title="bbox 2268 5714 2366 5771; x_wconf 97" lang="ita" dir="ltr" xml:lang="ita">dal</span>
            <span class="ocrx_word" id="word_1_425" title="bbox 2400 5715 2722 5771; x_wconf 97" lang="ita" dir="ltr" xml:lang="ita">Mecenate</span>
            <span class="ocrx_word" id="word_1_426" title="bbox 2757 5713 2868 5771; x_wconf 98" lang="ita" dir="ltr" xml:lang="ita">che</span>
            <span class="ocrx_word" id="word_1_427" title="bbox 2902 5732 2977 5771; x_wconf 99" lang="ita" dir="ltr" xml:lang="ita">ne</span>
            <span class="ocrx_word" id="word_1_428" title="bbox 3013 5713 3207 5771; x_wconf 86" lang="ita" dir="ltr" xml:lang="ita">favorì</span>
            <span class="ocrx_word" id="word_1_429" title="bbox 3242 5714 3300 5771; x_wconf 98" lang="ita" dir="ltr" xml:lang="ita">la</span>
            <span class="ocrx_word" id="word_1_430" title="bbox 3335 5732 3528 5788; x_wconf 97" lang="ita" dir="ltr" xml:lang="ita">spesa,</span>
            <span class="ocrx_word" id="word_1_431" title="bbox 3566 5732 3599 5771; x_wconf 99" lang="ita" dir="ltr" xml:lang="ita">e</span>
            <span class="ocrx_word" id="word_1_432" title="bbox 3635 5713 3895 5771; x_wconf 97" lang="ita" dir="ltr" xml:lang="ita">assistita</span>
            <span class="ocrx_word" id="word_1_433" title="bbox 3928 5714 4005 5771; x_wconf 98" lang="ita" dir="ltr" xml:lang="ita">da</span>
            <span class="ocrx_word" id="word_1_434" title="bbox 4038 5715 4122 5771; x_wconf 97" lang="ita" dir="ltr" xml:lang="ita">Le</span>
            <span class="ocrx_word" id="word_1_435" title="bbox 4156 5715 4337 5781; x_wconf 99" lang="ita" dir="ltr" xml:lang="ita">Brun,</span>
            <span class="ocrx_word" id="word_1_436" title="bbox 4375 5713 4487 5771; x_wconf 98" lang="ita" dir="ltr" xml:lang="ita">che</span>
          </span>
          <span class="ocr_line" id="line_1_41" title="bbox 699 5809 3361 5884; baseline 0 -17">
            <span class="ocrx_word" id="word_1_437" title="bbox 699 5809 953 5884; x_wconf 92" lang="ita" dir="ltr" xml:lang="ita">disegnò</span>
            <span class="ocrx_word" id="word_1_438" title="bbox 979 5818 1340 5867; x_wconf 97" lang="ita" dir="ltr" xml:lang="ita">certamente</span>
            <span class="ocrx_word" id="word_1_439" title="bbox 1366 5810 1578 5867; x_wconf 98" lang="ita" dir="ltr" xml:lang="ita">alcune</span>
            <span class="ocrx_word" id="word_1_440" title="bbox 1603 5810 1762 5867; x_wconf 99" lang="ita" dir="ltr" xml:lang="ita">delle</span>
            <span class="ocrx_word" id="word_1_441" title="bbox 1786 5818 1944 5867; x_wconf 98" lang="ita" dir="ltr" xml:lang="ita">tante</span>
            <span class="ocrx_word" id="word_1_442" title="bbox 1968 5810 2187 5877; x_wconf 98" lang="ita" dir="ltr" xml:lang="ita">tavole,</span>
            <span class="ocrx_word" id="word_1_443" title="bbox 2215 5809 2276 5867; x_wconf 99" lang="ita" dir="ltr" xml:lang="ita">di</span>
            <span class="ocrx_word" id="word_1_444" title="bbox 2301 5809 2398 5867; x_wconf 98" lang="ita" dir="ltr" xml:lang="ita">cui</span>
            <span class="ocrx_word" id="word_1_445" title="bbox 2425 5828 2575 5867; x_wconf 98" lang="ita" dir="ltr" xml:lang="ita">sono</span>
            <span class="ocrx_word" id="word_1_446" title="bbox 2601 5809 2902 5884; x_wconf 98" lang="ita" dir="ltr" xml:lang="ita">composti</span>
            <span class="ocrx_word" id="word_1_447" title="bbox 2926 5809 2946 5866; x_wconf 99" lang="ita" dir="ltr" xml:lang="ita">i</span>
            <span class="ocrx_word" id="word_1_448" title="bbox 2971 5810 3087 5867; x_wconf 98" lang="ita" dir="ltr" xml:lang="ita">due</span>
            <span class="ocrx_word" id="word_1_449" title="bbox 3113 5809 3361 5867; x_wconf 98" lang="ita" dir="ltr" xml:lang="ita">volumi.</span>
          </span>
        </p>
      </div>
      <div class="ocr_carea" id="block_1_16" title="bbox 473 6000 4484 6164">
        <p class="ocr_par" dir="ltr" id="par_1_16" title="bbox 473 6000 4484 6164">
          <span class="ocr_line" id="line_1_42" title="bbox 473 6000 4484 6075; baseline 0 -17">
            <span class="ocrx_word" id="word_1_450" title="bbox 473 6000 655 6058; x_wconf 99" lang="ita" xml:lang="ita">4678.</span>
            <span class="ocrx_word" id="word_1_451" title="bbox 687 6002 974 6058; x_wconf 85" lang="ita" dir="ltr" xml:lang="ita">BIANCHI</span>
            <span class="ocrx_word" id="word_1_452" title="bbox 1002 6001 1200 6058; x_wconf 98" lang="ita" dir="ltr" xml:lang="ita">dottor</span>
            <span class="ocrx_word" id="word_1_453" title="bbox 1229 6000 1533 6058; x_wconf 86" lang="ita" dir="ltr" xml:lang="ita">Giovanni</span>
            <span class="ocrx_word" id="word_1_454" title="bbox 1563 6000 1624 6058; x_wconf 99" lang="ita" dir="ltr" xml:lang="ita">di</span>
            <span class="ocrx_word" id="word_1_455" title="bbox 1654 6000 1951 6068; x_wconf 97" lang="ita" dir="ltr" xml:lang="ita">Arimino,</span>
            <span class="ocrx_word" id="word_1_456" title="bbox 1983 6002 2217 6058; x_wconf 97" lang="ita" dir="ltr" xml:lang="ita">Lettera</span>
            <span class="ocrx_word" id="word_1_457" title="bbox 2246 6001 2321 6058; x_wconf 97" lang="ita" dir="ltr" xml:lang="ita">ad</span>
            <span class="ocrx_word" id="word_1_458" title="bbox 2349 6019 2430 6058; x_wconf 99" lang="ita" dir="ltr" xml:lang="ita">un</span>
            <span class="ocrx_word" id="word_1_459" title="bbox 2462 6019 2571 6058; x_wconf 99" lang="ita" dir="ltr" xml:lang="ita">suo</span>
            <span class="ocrx_word" id="word_1_460" title="bbox 2603 6000 2800 6058; x_wconf 97" lang="ita" dir="ltr" xml:lang="ita">amico</span>
            <span class="ocrx_word" id="word_1_461" title="bbox 2831 6000 2892 6058; x_wconf 99" lang="ita" dir="ltr" xml:lang="ita">di</span>
            <span class="ocrx_word" id="word_1_462" title="bbox 2921 6000 3168 6058; x_wconf 92" lang="ita" dir="ltr" xml:lang="ita">Firenze</span>
            <span class="ocrx_word" id="word_1_463" title="bbox 3197 6000 3434 6058; x_wconf 98" lang="ita" dir="ltr" xml:lang="ita">intorno</span>
            <span class="ocrx_word" id="word_1_464" title="bbox 3464 6000 3507 6057; x_wconf 99" lang="ita" dir="ltr" xml:lang="ita">il</span>
            <span class="ocrx_word" id="word_1_465" title="bbox 3537 6002 3760 6058; x_wconf 97" lang="ita" dir="ltr" xml:lang="ita">Panteo</span>
            <span class="ocrx_word" id="word_1_466" title="bbox 3793 6001 3976 6058; x_wconf 98" lang="ita" dir="ltr" xml:lang="ita">Sacro</span>
            <span class="ocrx_word" id="word_1_467" title="bbox 4007 6000 4068 6058; x_wconf 99" lang="ita" dir="ltr" xml:lang="ita">di</span>
            <span class="ocrx_word" id="word_1_468" title="bbox 4098 6001 4299 6075; x_wconf 98" lang="ita" dir="ltr" xml:lang="ita">quella</span>
            <span class="ocrx_word" id="word_1_469" title="bbox 4327 6000 4484 6068; x_wconf 82" lang="ita" dir="ltr" xml:lang="ita">città,</span>
          </span>
          <span class="ocr_line" id="line_1_43" title="bbox 698 6096 1851 6164; baseline 0.001 -11">
            <span class="ocrx_word" id="word_1_470" title="bbox 698 6096 943 6154; x_wconf 98" lang="ita" dir="ltr" xml:lang="ita">Rimino</span>
            <span class="ocrx_word" id="word_1_471" title="bbox 976 6097 1046 6154; x_wconf 99" lang="ita" xml:lang="ita">18</span>
            <span class="ocrx_word" id="word_1_472" title="bbox 1074 6115 1277 6154; x_wconf 98" lang="ita" dir="ltr" xml:lang="ita">marzo</span>
            <span class="ocrx_word" id="word_1_473" title="bbox 1310 6096 1485 6164; x_wconf 99" lang="ita" xml:lang="ita">1752,</span>
            <span class="ocrx_word" id="word_1_474" title="bbox 1511 6096 1573 6153; x_wconf 99" lang="ita" dir="ltr" xml:lang="ita">in</span>
            <span class="ocrx_word" id="word_1_475" title="bbox 1600 6097 1653 6164; x_wconf 99" lang="ita" xml:lang="ita">8,</span>
            <span class="ocrx_word" id="word_1_476" title="bbox 1679 6098 1767 6154; x_wconf 97" lang="ita" dir="ltr" xml:lang="ita">M.</span>
            <span class="ocrx_word" id="word_1_477" title="bbox 1803 6097 1851 6154; x_wconf 98" lang="ita" xml:lang="ita">1.</span>
          </span>
        </p>
      </div>
      <div class="ocr_carea" id="block_1_17" title="bbox 473 6288 4488 6459">
        <p class="ocr_par" dir="ltr" id="par_1_17" title="bbox 473 6288 4488 6459">
          <span class="ocr_line" id="line_1_44" title="bbox 473 6288 4488 6363; baseline 0 -18">
            <span class="ocrx_word" id="word_1_478" title="bbox 473 6288 655 6347; x_wconf 90" lang="ita" xml:lang="ita">4679.</span>
            <span class="ocrx_word" id="word_1_479" title="bbox 692 6290 1088 6346; x_wconf 85" lang="ita" dir="ltr" xml:lang="ita">BOCCACCIO</span>
            <span class="ocrx_word" id="word_1_480" title="bbox 1123 6288 1446 6356; x_wconf 85" lang="ita" dir="ltr" xml:lang="ita">Giovanni,</span>
            <span class="ocrx_word" id="word_1_481" title="bbox 1486 6288 1861 6363; x_wconf 92" lang="ita" dir="ltr" xml:lang="ita">Genealogia</span>
            <span class="ocrx_word" id="word_1_482" title="bbox 1894 6288 2057 6363; x_wconf 98" lang="ita" dir="ltr" xml:lang="ita">degli</span>
            <span class="ocrx_word" id="word_1_483" title="bbox 2091 6288 2226 6356; x_wconf 98" lang="ita" dir="ltr" xml:lang="ita">Dei,</span>
            <span class="ocrx_word" id="word_1_484" title="bbox 2264 6288 2399 6346; x_wconf 98" lang="ita" dir="ltr" xml:lang="ita">libri</span>
            <span class="ocrx_word" id="word_1_485" title="bbox 2434 6288 2702 6363; x_wconf 98" lang="ita" dir="ltr" xml:lang="ita">quindici</span>
            <span class="ocrx_word" id="word_1_486" title="bbox 2736 6288 2974 6346; x_wconf 97" lang="ita" dir="ltr" xml:lang="ita">tradotti</span>
            <span class="ocrx_word" id="word_1_487" title="bbox 3009 6289 3086 6346; x_wconf 98" lang="ita" dir="ltr" xml:lang="ita">da</span>
            <span class="ocrx_word" id="word_1_488" title="bbox 3120 6288 3429 6363; x_wconf 93" lang="ita" dir="ltr" xml:lang="ita">Giuseppe</span>
            <span class="ocrx_word" id="word_1_489" title="bbox 3463 6288 3722 6356; x_wconf 99" lang="ita" dir="ltr" xml:lang="ita">Betussi,</span>
            <span class="ocrx_word" id="word_1_490" title="bbox 3761 6288 4108 6363; x_wconf 97" lang="ita" dir="ltr" xml:lang="ita">aggiuntavi</span>
            <span class="ocrx_word" id="word_1_491" title="bbox 4143 6289 4201 6346; x_wconf 98" lang="ita" dir="ltr" xml:lang="ita">la</span>
            <span class="ocrx_word" id="word_1_492" title="bbox 4234 6288 4356 6346; x_wconf 98" lang="ita" dir="ltr" xml:lang="ita">vita</span>
            <span class="ocrx_word" id="word_1_493" title="bbox 4389 6289 4488 6346; x_wconf 98" lang="ita" dir="ltr" xml:lang="ita">del</span>
          </span>
          <span class="ocr_line" id="line_1_45" title="bbox 698 6384 2626 6459; baseline -0.001 -17">
            <span class="ocrx_word" id="word_1_494" title="bbox 698 6384 1061 6452; x_wconf 97" lang="ita" dir="ltr" xml:lang="ita">Boccaccio,</span>
            <span class="ocrx_word" id="word_1_495" title="bbox 1088 6384 1375 6452; x_wconf 97" lang="ita" dir="ltr" xml:lang="ita">Venezia,</span>
            <span class="ocrx_word" id="word_1_496" title="bbox 1404 6384 1765 6459; x_wconf 97" lang="ita" dir="ltr" xml:lang="ita">all’insegna</span>
            <span class="ocrx_word" id="word_1_497" title="bbox 1788 6385 1886 6442; x_wconf 99" lang="ita" dir="ltr" xml:lang="ita">del</span>
            <span class="ocrx_word" id="word_1_498" title="bbox 1910 6384 2248 6452; x_wconf 97" lang="ita" dir="ltr" xml:lang="ita">Diamante,</span>
            <span class="ocrx_word" id="word_1_499" title="bbox 2283 6384 2458 6452; x_wconf 99" lang="ita" xml:lang="ita">1553,</span>
            <span class="ocrx_word" id="word_1_500" title="bbox 2485 6384 2547 6441; x_wconf 98" lang="ita" dir="ltr" xml:lang="ita">in</span>
            <span class="ocrx_word" id="word_1_501" title="bbox 2570 6385 2626 6442; x_wconf 99" lang="ita" xml:lang="ita">4.</span>
          </span>
        </p>
      </div>
      <div class="ocr_carea" id="block_1_18" title="bbox 521 6604 4439 6608">
        <p class="ocr_par" dir="ltr" id="par_1_18" title="bbox 521 6604 4439 6608">
          <span class="ocr_line" id="line_1_46" title="bbox 521 6604 4439 6608; baseline 0 0">
            <span class="ocrx_word" id="word_1_502" title="bbox 521 6604 4439 6608; x_wconf 95" lang="ita" dir="ltr" xml:lang="ita"> </span>
          </span>
        </p>
      </div>
      <div class="ocr_carea" id="block_1_19" title="bbox 2171 6637 2791 6710">
        <p class="ocr_par" dir="ltr" id="par_1_19" title="bbox 2171 6637 2791 6710">
          <span class="ocr_line" id="line_1_47" title="bbox 2171 6637 2791 6710; baseline 0 -16">
            <span class="ocrx_word" id="word_1_503" title="bbox 2171 6657 2347 6694; x_wconf 88" lang="ita" dir="ltr" xml:lang="ita">WWW.</span>
            <span class="ocrx_word" id="word_1_504" title="bbox 2358 6637 2734 6710; x_wconf 78" lang="ita" dir="ltr" xml:lang="ita">memofonte.</span>
            <span class="ocrx_word" id="word_1_505" title="bbox 2748 6639 2791 6694; x_wconf 77" lang="ita" dir="ltr" xml:lang="ita">il</span>
          </span>
        </p>
      </div>
    </div>
  </body>
</html>
