4958 7017
1981 864 2366 922 Fondazione
2390 864 2775 922 Memofonte
2800 865 2976 922 onlus

1390 960 1600 1018 Studio
1624 979 1731 1035 per
1754 960 2226 1018 l’elaborazione
2250 960 2632 1018 informatica
2655 961 2813 1018 delle
2838 960 2991 1018 fonti
3018 960 3571 1018 storico—artistiche

708 1247 792 1305 lui
816 1250 1010 1305 servir
1031 1248 1106 1305 de
1132 1247 1429 1305 mausolie
1457 1267 1572 1305 une
1599 1247 1755 1305 belle
1783 1267 1930 1305 urne
1956 1250 2202 1321 antique
2228 1248 2303 1305 de
2321 1248 2629 1321 porphire,
2662 1267 2769 1305 sur
2792 1247 2851 1305 la
2878 1247 3077 1321 quelle
3105 1259 3195 1305 est
3219 1267 3334 1305 une
3362 1247 3573 1321 lampe.
3613 1250 3741 1305 Une
3759 1247 3990 1321 plaque
4015 1248 4090 1305 de
4116 1248 4352 1315 bronze,
4386 1250 4489 1321 qui

708 1355 798 1401 est
827 1364 907 1401 au
940 1344 1167 1411 dessus,
1201 1355 1380 1417 parte
1415 1364 1493 1401 un
1528 1344 1810 1417 epitaphe
1830 1344 1963 1417 fort
1992 1344 2275 1401 modeste.
2313 1346 2394 1401 M.
2433 1344 2694 1401 Diderot
2725 1346 2829 1417 qui
2860 1345 2925 1401 n’
2959 1346 3172 1401 aimait
3194 1363 3314 1417 pas
3347 1355 3443 1401 cet
3472 1344 3733 1401 autheur
3761 1364 3799 1401 a
3819 1344 3943 1417 fait
3973 1355 4181 1401 contre
4217 1343 4301 1401 lui
4333 1355 4485 1401 cette

706 1442 916 1497 satire:

1933 1537 2018 1609 Cy
2042 1538 2130 1609 git
2151 1555 2296 1593 sous
2321 1547 2473 1593 cette
2499 1536 2721 1593 emehe
2748 1547 3030 1609 etrusque

1971 1634 2062 1689 Un
2087 1634 2430 1705 antiquaire
2458 1632 2604 1689 rude
2631 1643 2689 1689 et
2711 1632 2988 1705 bmsque.

474 1822 655 1880 2486.
683 1823 1103 1890 CICOGNARA,
1133 1822 1328 1880 Storia
1351 1823 1511 1880 della
1536 1823 1824 1880 Scultura.
1852 1822 2011 1880 Vedi
2036 1822 2126 1880 fra
2148 1822 2168 1879 i
2192 1822 2435 1880 Trattati
2459 1823 2617 1880 delle
2643 1822 2749 1880 arti
2773 1822 2835 1879 in
2859 1823 3154 1897 generale.

479 2016 557 2089 [13-
588 2015 646 2084 3]

474 2207 655 2264 2487.
693 2207 930 2264 CHOLX
962 2207 1068 2264 des
1103 2215 1487 2264 monuments
1523 2207 1610 2264 les
1643 2207 1779 2281 plus
1813 2207 2258 2281 remarquables
2294 2207 2400 2264 des
2436 2206 2680 2264 anciens
2716 2206 3049 2281 egyptiens,
3087 2225 3276 2281 grecs,
3311 2206 3596 2274 romains,
3633 2215 3743 2264 etc.
3782 2207 3819 2263 2
3854 2207 3973 2264 vol.
4011 2215 4333 2264 contenant
4366 2207 4487 2264 234

705 2301 941 2376 planch.
971 2320 1117 2359 avec
1143 2302 1271 2359 leur
1294 2301 1678 2376 explication,
1706 2303 1901 2359 Rome
1933 2302 2087 2359 1788
2122 2302 2296 2369 1789,
2323 2301 2385 2358 in
2409 2301 2536 2369 fol.,
2564 2301 2668 2376 fig.

706 2399 731 2454 I
768 2397 1090 2455 Bouchard
1127 2416 1160 2455 e
1199 2397 1450 2455 Gravier
1486 2397 1658 2455 librai
1695 2397 1758 2454 in
1794 2399 1992 2455 Roma
2030 2406 2412 2472 stamparono
2451 2397 2646 2472 questi
2684 2398 2801 2455 due
2839 2397 3071 2455 volumi
3107 2416 3214 2472 per
3248 2398 3428 2455 bassa
3467 2397 3891 2472 speculazione
3929 2416 3962 2455 e
4002 2397 4486 2472 saccheggiando

709 2512 889 2551 senza
927 2502 1102 2568 gusto
1142 2512 1175 2551 e
1217 2512 1397 2551 senza
1437 2494 1622 2551 scelta
1660 2512 1693 2551 e
1735 2512 1915 2551 senza
1953 2493 2162 2551 ordine
2200 2493 2331 2551 tutti
2369 2493 2389 2550 i
2429 2493 2564 2551 libri
2603 2493 2664 2551 di
2705 2493 2988 2551 antichità
3025 2512 3058 2551 e
3095 2494 3486 2568 producendo
3527 2512 3561 2551 a
3599 2493 3682 2551 vil
3720 2512 3940 2568 prezzo
3979 2512 4099 2551 uno
4141 2493 4486 2551 sterminato

706 2608 956 2647 numero
982 2589 1043 2647 di
1067 2590 1267 2647 tavole
1292 2589 1699 2647 orribilmente
1725 2589 2035 2664 disegnate
2060 2608 2093 2647 e
2116 2589 2340 2664 peggio
2365 2589 2688 2664 intagliate.

474 2782 655 2839 2488.
688 2782 969 2839 GRAEVII
989 2783 1156 2839 Joan.
1189 2781 1457 2856 Georgii,
1488 2781 1699 2839 Jacobi
1728 2781 2023 2839 Gronovii
2051 2790 2183 2849 etc.,
2213 2781 2550 2839 Thesaurus
2580 2781 2999 2856 antiquitatum
3025 2800 3374 2856 graecarum
3400 2790 3458 2839 et
3483 2800 3866 2839 romanarum
3894 2782 3968 2839 33
4000 2782 4119 2839 vol.
4150 2781 4213 2838 in
4240 2781 4345 2839 fol.
4378 2781 4483 2856 fig.

707 2876 1072 2951 compresivi
1096 2876 1116 2933 i
1140 2885 1225 2934 tre
1251 2876 1482 2934 volumi
1507 2877 1605 2934 del
1632 2877 1941 2951 Sallengre
1966 2895 1999 2934 e
2023 2876 2043 2933 i
2068 2876 2285 2951 cinque
2310 2877 2408 2934 del
2435 2877 2854 2951 supplemento
2880 2877 2978 2934 del
3002 2876 3230 2944 Poleni,
3257 2876 3528 2934 Venezia
3558 2877 3842 2934 1732-37.

702 2955 750 3029 È
781 2972 990 3030 inutile
1022 2972 1134 3030 che
1166 2972 1227 3030 di
1259 2973 1554 3047 un’opera
1586 2973 1635 3030 si
1668 2981 1837 3030 vasta
1867 2991 1900 3030 e
1935 2973 1984 3030 si
2017 2972 2375 3030 accreditata
2407 2972 2457 3030 si
2487 2991 2772 3047 pongano
2805 2972 2907 3047 qui
2940 2972 3341 3030 annotazioni.
3376 2974 3620 3047 Troppo
3652 2981 3793 3030 nota
3823 2973 3856 3030 e
3888 2973 3946 3030 la
3974 2972 4298 3047 preziosità
4328 2973 4488 3030 della

705 3069 969 3126 raccolta
992 3087 1025 3126 e
1049 3068 1092 3125 il
1116 3068 1328 3126 merito
1354 3068 1517 3143 degli
1543 3068 1733 3126 autori
1758 3068 1856 3126 dai
1881 3068 2043 3143 quali
2068 3069 2101 3126 e
2126 3068 2397 3126 formata.

474 3261 655 3319 2489.
688 3262 1186 3328 HANCARVILLE,
1217 3260 1597 3318 Recherches
1630 3279 1727 3318 sur
1755 3260 2055 3335 l’origine,
2088 3260 2338 3335 l’esprit,
2370 3269 2428 3318 et
2455 3261 2543 3318 les
2571 3261 2818 3335 progrès
2848 3261 2954 3318 des
2985 3269 3099 3318 arts
3130 3261 3205 3318 de
3234 3261 3292 3318 la
3320 3261 3535 3328 Grece;
3569 3279 3666 3318 sur
3694 3261 3821 3318 leur
3848 3260 4192 3318 connexion
4222 3279 4368 3318 avec
4399 3261 4486 3318 les

708 3364 822 3413 arts
848 3364 906 3413 et
929 3356 987 3413 la
1009 3355 1267 3430 religion
1291 3356 1397 3413 des
1422 3356 1558 3430 plus
1585 3355 1829 3413 anciens
1853 3356 2105 3430 peuples
2131 3374 2384 3423 connus;
2415 3374 2512 3413 sur
2535 3356 2623 3413 les
2649 3374 3010 3413 monumens
3036 3356 3111 3413 de
3137 3356 3350 3423 l’Inde,
3378 3356 3453 3413 de
3478 3356 3536 3413 la
3558 3357 3755 3423 Perse,
3783 3356 3863 3413 du
3885 3364 4040 3413 reste
4066 3356 4141 3413 de
4166 3355 4383 3423 l’Asie,
4412 3356 4487 3413 de

707 3452 994 3526 l’Europe
1020 3460 1078 3509 et
1102 3452 1177 3509 de
1203 3452 1503 3526 l’Egypte,
1532 3452 1569 3508 2
1596 3452 1737 3519 vol.,
1765 3452 2033 3509 Londres
2067 3451 2242 3519 1785,
2270 3451 2332 3508 in
2356 3452 2394 3508 4
2421 3452 2623 3526 grand.
2653 3451 2757 3526 fig.
2788 3470 2934 3509 avec
2960 3470 3040 3509 un
3064 3451 3371 3509 troisième
3398 3452 3643 3509 volume
3668 3451 3919 3509 intitulé:
3952 3452 4346 3526 Supplement
4371 3470 4487 3509 aux

705 3547 1057 3605 recherches
1083 3556 1193 3605 etc.

708 3644 1112 3718 Quest’opera
1163 3643 1447 3701 divenuta
1496 3643 1818 3711 rarissima,
1874 3644 1932 3701 la
1983 3644 2159 3718 quale
2212 3643 2490 3701 contiene
2546 3643 2619 3701 85
2675 3644 2876 3701 tavole
2929 3643 2990 3701 di
3041 3662 3224 3701 rozzo
3277 3643 3545 3718 intaglio,
3601 3644 3821 3701 dettata
3872 3644 3949 3701 da
3999 3662 4079 3701 un
4129 3643 4400 3701 bizzarro
4454 3662 4487 3701 e

705 3739 1183 3814 profondissimo
1213 3739 1496 3814 ingegno,
1527 3739 1747 3797 rimase
1776 3739 2132 3814 imperfetta,
2163 3739 2383 3814 poiché
2415 3739 2761 3814 sdegnatosi
2791 3740 3046 3797 l’autore
3074 3758 3181 3814 per
3209 3740 3265 3797 le
3295 3758 3544 3797 censure
3574 3739 3635 3797 di
3666 3739 3863 3797 alcuni
3894 3739 4227 3814 giornalisti
4257 3739 4401 3797 fatte
4432 3739 4487 3797 ai

707 3836 823 3893 due
847 3835 1025 3910 primi
1052 3835 1301 3903 volumi,
1329 3835 1520 3893 intese
1546 3835 1607 3893 di
1631 3835 1982 3910 rispondere
2009 3854 2043 3893 a
2067 3844 2275 3910 queste
2301 3836 2399 3893 col
2424 3844 2587 3893 terzo
2614 3836 2712 3893 del
2739 3836 3176 3910 supplemento:
3207 3854 3307 3893 ma
3331 3835 3632 3910 divagato,
3661 3836 3742 3893 od
3766 3835 3989 3893 irritato
4015 3854 4137 3893 non
4162 3835 4339 3893 diede
4365 3835 4486 3893 mai

707 3930 832 3988 fine
862 3949 896 3988 a
923 3931 1327 4005 quest’opera,
1358 3931 1518 3988 nella
1545 3931 1722 4005 quale
1750 3930 1979 3988 rimane
2007 3930 2281 3988 indeciso
2314 3949 2377 3988 se
2407 3930 2585 3988 abbia
2612 3930 2888 4005 maggior
2913 3949 3063 4005 peso
3094 3931 3152 3988 la
3177 3930 3524 4005 profondità
3551 3931 3709 3988 delle
3739 3930 4104 4005 cognizioni,
4136 3949 4173 3988 o
4201 3931 4488 4005 prevalga

706 4027 954 4084 talvolta
977 4027 1035 4084 la
1056 4026 1486 4101 piacevolezza
1509 4026 1607 4084 dei
1634 4026 1825 4101 sogni.

474 4219 655 4277 2490.
716 4220 1214 4286 HANCARVILLE,
1275 4218 1617 4293 Antiquités
1676 4227 2005 4293 etrusques,
2066 4237 2376 4293 grecques,
2437 4227 2495 4276 et
2549 4218 2850 4276 romaines
2908 4218 3085 4276 tirées
3144 4219 3224 4276 du
3281 4218 3520 4276 cabinet
3576 4219 3656 4276 du
3712 4220 3800 4276 M.
3862 4218 4189 4286 Hamilton,
4250 4219 4488 4293 envoyé

707 4314 1170 4372 extraordinaire
1195 4315 1270 4372 de
1297 4315 1354 4372 S.
1382 4316 1470 4372 M.
1498 4314 1887 4389 Britannique
1913 4315 1947 4372 à
1970 4315 2028 4372 la
2051 4333 2197 4372 cour
2220 4315 2295 4372 de
2319 4315 2565 4389 Naples,
2592 4315 2880 4372 Florence
2912 4315 3062 4372 1801
3095 4315 3150 4372 al
3181 4315 3355 4382 1808,
3382 4323 3524 4372 tom.
3552 4315 3609 4382 4,
3636 4314 3698 4371 in
3722 4314 3827 4372 fol.

713 4411 940 4482 Questa
984 4411 1017 4468 e
1062 4429 1181 4468 una
1222 4410 1509 4485 ristampa
1552 4411 1712 4468 della
1754 4410 1859 4485 più
1901 4410 2251 4485 pregievole
2296 4410 2575 4468 edizione
2620 4410 2681 4468 di
2727 4411 3114 4485 quest’opera
3157 4410 3268 4468 che
3314 4410 3380 4468 fu
3422 4410 3770 4485 pubblicata
3814 4429 3848 4468 a
3890 4410 4114 4485 Napoli
4159 4411 4257 4468 nel
4309 4410 4483 4468 1766.

706 4505 1095 4563 Nondimeno
1131 4505 1320 4563 anche
1354 4514 1564 4580 questa
1596 4505 1875 4563 edizione
1908 4505 1985 4563 ha
2016 4505 2059 4562 il
2095 4524 2204 4563 suo
2237 4505 2447 4580 pregio
2482 4524 2515 4563 e
2548 4524 2670 4563 non
2704 4505 2981 4563 contiene
3015 4505 3213 4563 minor
3244 4524 3494 4563 numero
3529 4505 3590 4563 di
3624 4505 3850 4580 oggetti
3884 4506 4264 4580 egualmente
4298 4505 4410 4563 che
4443 4505 4486 4562 il

706 4610 859 4659 testo
889 4601 1122 4676 inglese
1152 4620 1185 4659 e
1216 4601 1507 4659 francese:
1542 4601 1702 4659 circa
1732 4601 1852 4659 500
1882 4601 2090 4676 intagli
2120 4601 2181 4659 di
2212 4601 2360 4669 vasi,
2393 4601 2769 4659 monumenti
2799 4620 2832 4659 e
2862 4601 3195 4659 ornamenti
3227 4601 3670 4659 arricchiscono
3701 4602 3936 4676 l’opera
3962 4601 4487 4659 raccomandabile

705 4716 812 4772 per
842 4697 1202 4755 l’immensa
1225 4697 1572 4755 erudizione
1597 4698 1972 4755 dell’autore.

479 4891 557 4964 [p.
585 4890 646 4959 4]

474 5081 655 5139 2491.
685 5082 1093 5138 MEDDLETON
1115 5081 1406 5155 Convers,
1437 5081 1739 5138 Germana
1765 5081 2064 5155 quaedam
2090 5080 2454 5155 antiquitatis
2482 5080 2747 5138 eruditae
2774 5089 3181 5148 monumenta,
3211 5080 3429 5155 quibus
3457 5082 3872 5138 Romanorum
3898 5089 4169 5138 veterum
4192 5080 4337 5138 ritus
4364 5089 4488 5138 tam

709 5176 860 5234 sacri
885 5195 1068 5251 quam
1088 5176 1345 5251 profani,
1372 5185 1500 5234 tum
1524 5195 1878 5251 graecorum
1901 5185 2076 5251 atque
2102 5195 2171 5234 ae
2176 5176 2520 5251 gyptiorum
2543 5176 2817 5234 nonnulli
2841 5176 3222 5244 illustrantur,
3249 5176 3509 5234 Londini
3541 5176 3716 5244 1745,
3743 5176 3805 5233 in
3828 5177 3906 5244 4.,
3934 5176 4038 5251 fig.

707 5273 842 5330 Con
875 5273 951 5330 23
989 5272 1198 5347 grandi
1231 5273 1431 5330 tavole
1464 5272 1527 5329 in
1558 5291 1723 5330 rame
1760 5291 1940 5330 senza
1972 5281 2214 5330 contare
2248 5273 2304 5330 le
2339 5272 2602 5347 vignette
2636 5291 2669 5330 e
2703 5272 2746 5329 il
2781 5272 3165 5347 medaglione
3199 5273 3297 5330 col
3329 5272 3553 5330 ritratto
3588 5273 3964 5340 dell’autore,
4001 5272 4112 5330 che
4147 5272 4355 5330 vedesi
4389 5273 4487 5330 nel

707 5368 1117 5443 frontespizio.

474 5560 655 5618 2492.
682 5561 943 5627 MILLIN,
970 5561 1341 5617 Monumens
1368 5559 1640 5634 antiques
1665 5559 1902 5627 inédits,
1930 5578 2010 5617 ou
2033 5560 2485 5617 nouvellement
2509 5559 2841 5634 expliqués,
2869 5560 2906 5616 2
2932 5560 3051 5617 vol.
3080 5578 3155 5617 en
3178 5560 3235 5627 4,
3262 5559 3425 5617 Paris
3458 5560 3633 5627 1802,
3661 5559 3765 5634 fig.

706 5657 754 5712 E
779 5664 989 5730 questa
1011 5655 1324 5730 un’ampia
1349 5655 1500 5713 serie
1525 5655 1586 5713 di
1611 5655 2028 5713 dissertazioni
2055 5674 2232 5713 sovra
2254 5674 2372 5713 una
2395 5655 2662 5730 quantità
2685 5655 2746 5713 di
2771 5655 3146 5713 monumenti
3171 5655 3467 5730 disegnati
3492 5656 3568 5713 ed
3591 5655 3769 5713 incisi
3793 5655 3855 5712 in
3879 5656 3958 5714 92
3983 5656 4200 5713 tavole.

474 5848 655 5906 2493.
685 5849 1167 5905 MONTFAUCON
1195 5848 1322 5918 (de)
1350 5849 1424 5905 D.
1455 5848 1739 5915 Bernard,
1768 5847 2134 5922 L’antiquité
2163 5848 2265 5918 (en
2292 5847 2574 5922 francois,
2604 5856 2662 5905 et
2687 5866 2763 5905 en
2789 5847 2979 5918 latin),
3009 5856 3068 5905 et
3091 5848 3468 5922 représentée
3496 5866 3571 5905 en
3598 5847 3842 5922 figures.
3872 5847 4035 5905 Paris
4070 5848 4245 5915 1719,
4276 5847 4309 5905 5
4339 5856 4482 5905 tom.

707 5962 782 6001 en
813 5944 885 6001 10
911 5944 1052 6011 vol.,
1079 5943 1141 6000 in
1165 5943 1292 6011 fol.,
1321 5962 1467 6001 avec
1493 5944 1549 6001 le
1576 5944 1972 6018 supplément,
1999 5943 2162 6001 Paris
2195 5944 2370 6011 1724,
2399 5943 2432 6001 5
2460 5944 2601 6011 vol.,
2628 5943 2690 6000 in
2714 5943 2841 6011 fol.,
2869 5943 2974 6018 fig.

706 6041 773 6096 In
799 6048 1009 6114 questa
1035 6040 1436 6114 grand’opera
1460 6039 1683 6097 trovasi
1708 6039 1925 6097 riunita
1950 6058 1983 6097 e
2008 6039 2338 6114 riprodotta
2362 6058 2480 6097 una
2504 6039 2845 6097 Biblioteca
2870 6039 3129 6097 d’autori
3156 6039 3526 6107 d’antichità,
3556 6058 3656 6097 ma
3680 6039 3743 6096 in
3770 6039 3968 6097 alcuni
3993 6039 4144 6097 rami
4171 6040 4204 6097 e
4229 6039 4488 6114 prolissa

707 6153 824 6192 con
879 6134 1136 6192 inutilità
1191 6153 1224 6192 e
1280 6143 1495 6209 troppo
1553 6134 1614 6192 di
1673 6143 1920 6192 sovente
1977 6153 2204 6209 espone
2261 6135 2558 6209 l’oggetto
2614 6143 2962 6209 puramente
3019 6134 3483 6192 descrivendolo
3541 6153 3574 6192 e
3630 6153 3752 6192 non
3807 6134 4313 6209 interpretandolo
4371 6153 4488 6192 con

708 6230 1155 6305 accorgimento
1186 6249 1219 6288 e
1249 6249 1366 6288 con
1395 6230 1617 6298 critica,
1652 6249 1831 6288 senza
1857 6239 2057 6305 portar
2085 6231 2219 6288 luce
2248 6231 2408 6288 nella
2436 6230 2697 6288 oscurità
2725 6249 2758 6288 e
2790 6230 3061 6305 spianare
3091 6230 3174 6305 gli
3204 6230 3459 6288 ostacoli
3489 6249 3522 6288 e
3552 6231 3608 6288 le
3638 6230 3955 6288 difficoltà.
3990 6231 4191 6305 Opera
4219 6230 4488 6305 eseguita

707 6345 824 6384 con
868 6335 1081 6401 troppa
1125 6326 1298 6384 fretta
1342 6345 1375 6384 e
1421 6326 1532 6384 che
1579 6326 1991 6401 abbisognava
2035 6326 2096 6384 di
2141 6345 2260 6384 una
2306 6327 2491 6384 scelta
2535 6326 2596 6384 di
2642 6326 2791 6384 dotti
2837 6326 3278 6394 collaboratori,
3326 6327 3589 6384 volendo
3637 6326 4016 6384 abbracciare
4061 6345 4179 6384 una
4225 6327 4274 6384 si
4320 6335 4489 6384 vasta

707 6422 1066 6480 estensione.
1094 6424 1320 6480 Manca
1342 6422 1756 6480 intieramente
1781 6422 1842 6480 di
1867 6431 2041 6497 gusto
2068 6422 2257 6480 anche
2282 6423 2440 6480 nelle
2464 6423 2665 6480 tavole
2692 6441 2903 6497 spesso
2928 6422 3196 6480 infedeli.

2171 6657 2347 6694 WWW.
2358 6637 2734 6710 memofonte.
2748 6639 2791 6694 il
