4958 7017
1981 864 2366 922 Fondazione
2390 838 2775 922 Memofonte
2800 865 2976 922 onlus

1390 960 1600 1018 Studio
1624 979 1731 1035 per
1754 960 2226 1018 l’elaborazione
2250 960 2632 1018 informatica
2655 961 2813 1018 delle
2838 960 2991 1018 fonti
3018 960 3571 1018 storico—artistiche

714 1248 1026 1305 renderete
1051 1250 1329 1305 scrittore
1357 1250 1605 1321 insigne,
1638 1248 1748 1305 che
1774 1248 2196 1321 componendo
2221 1267 2411 1315 meno,
2446 1249 2808 1305 interesserà
2833 1250 3329 1321 maggiormente.

475 1444 690 1513 2279.
745 1444 1067 1512 GOLTZII
1110 1443 1433 1525 Huberti,
1485 1443 1847 1512 Lamberti
1897 1443 2286 1512 Lombardi
2338 1443 2528 1533 apud
2575 1443 2947 1512 Eburones
2997 1443 3292 1533 pictoris
3344 1443 3793 1512 celeberrimi
3843 1443 4010 1512 vita:
4065 1443 4483 1533 pictoribus,

715 1558 1218 1648 sculptoribus,
1267 1558 1692 1640 architectis,
1742 1558 2047 1648 aliisque
2090 1558 2165 1627 id
2208 1580 2433 1648 genus
2480 1558 2878 1627 artificibus
2922 1558 3118 1627 utilis
3164 1569 3233 1627 et
3274 1558 3700 1640 necessaria,
3747 1558 4035 1648 Burgiis
4079 1558 4349 1640 Fland.,
4397 1580 4486 1627 ex

713 1673 1020 1742 officina
1047 1673 1348 1742 Huberti
1379 1673 1646 1755 Golzii,
1688 1673 1894 1742 1565.

711 1784 1178 1859 Elegantissimo
1204 1803 1237 1842 e
1260 1803 1392 1842 raro
1418 1785 1714 1859 opuscolo
1740 1803 1857 1842 con
1880 1803 1960 1842 un
1982 1784 2322 1842 bellissimo
2346 1784 2570 1842 ritratto
2596 1785 2694 1842 del
2718 1784 3060 1842 Lombardi.

471 1981 686 2049 2280.
721 1981 970 2049 GOOL.
1004 1980 1194 2049 Vedi
1230 1983 1387 2050 Voti
1419 1980 1632 2050 Gool.

479 2191 694 2259 2281.
738 2191 943 2259 GORI
981 2190 1347 2259 Giovanni
1387 2190 1826 2272 Gandellini,
1867 2190 2159 2259 Notizie
2197 2190 2515 2259 istoriate
2554 2190 2748 2280 degli
2787 2190 3243 2280 intagliatori,
3288 2190 3506 2259 Siena
3551 2191 3759 2272 1771,
3801 2190 3875 2258 in
3918 2191 3981 2272 8,
4023 2190 4167 2259 vol.
4212 2191 4251 2259 3
4296 2190 4488 2259 colla

713 2305 1269 2374 continuazione
1313 2305 1385 2374 di
1430 2305 1619 2374 dette
1662 2305 1932 2374 notizie
1976 2305 2093 2374 del
2136 2307 2208 2374 P.
2255 2307 2578 2374 Maestro
2623 2305 2738 2374 de’
2789 2305 3095 2395 Angelis
3143 2305 3302 2374 sino
3349 2306 3411 2374 a’
3464 2305 3648 2374 notri
3694 2305 3947 2395 giorni.
3996 2305 4136 2374 Dal
4188 2306 4371 2374 1808
4421 2305 4487 2374 al

721 2420 907 2489 1816
937 2420 1081 2489 vol.
1124 2421 1232 2502 12,
1265 2420 1481 2510 legati
1511 2420 1585 2488 in
1614 2420 1759 2489 vol.
1794 2420 1860 2502 6,
1892 2420 2111 2489 totale
2141 2420 2542 2510 dell’opera
2568 2420 2749 2489 tomi
2778 2422 2939 2489 XV.

714 2532 977 2589 Sarebbe
1007 2540 1155 2589 stata
1181 2532 1569 2606 quest’opera
1594 2540 1796 2589 tenuta
1821 2531 1884 2588 in
1911 2531 2188 2606 maggior
2212 2531 2422 2606 pregio
2453 2550 2516 2589 se
2545 2531 2916 2589 l’addizione
2945 2550 3157 2589 avesse
3184 2531 3533 2606 pareggiato
3561 2531 3604 2588 il
3633 2531 3846 2589 merito
3875 2531 3973 2589 dei
3999 2531 4177 2606 primi
4204 2540 4289 2589 tre
4317 2531 4484 2599 tomi,

711 2646 811 2685 ma
833 2646 956 2685 non
980 2628 1013 2685 e
1038 2627 1149 2685 che
1173 2646 1292 2685 una
1315 2627 1494 2702 copia
1517 2627 1679 2702 degli
1706 2627 1895 2685 autori
1920 2627 2341 2685 oltramontani
2368 2646 2549 2685 senza
2574 2628 2777 2695 scelta,
2807 2646 2987 2685 senza
3010 2627 3216 2685 critica
3239 2646 3272 2685 e
3297 2646 3414 2685 con
3437 2627 3734 2685 immense
3760 2627 4096 2685 omissioni.

475 2824 690 2892 2282.
731 2824 1074 2892 GUALDO
1106 2823 1473 2892 Galeazzo
1509 2823 1848 2905 Priorato,
1887 2823 2057 2892 Vita
2092 2823 2209 2892 del
2245 2823 2623 2892 Cavaliere
2658 2823 2892 2892 Pietro
2929 2823 3168 2892 Liberi
3203 2823 3461 2913 pittore
3497 2823 3903 2913 padovano,
3942 2823 4335 2913 riprodotta
4369 2823 4486 2892 dal

713 2939 947 3007 Conte
976 2938 1309 3007 Lunardo
1339 2938 1684 3020 Trissino,
1717 2938 2042 3007 Vicenza
2078 2939 2286 3020 1818,
2319 2938 2393 3006 in
2426 2939 2489 3020 8,
2521 2940 2627 3007 M.
2670 2939 2827 3007 103.

475 3150 690 3218 2283.
727 3150 1037 3218 GUIBAL
1060 3151 1166 3218 M.
1201 3149 1525 3231 Nicolas,
1559 3149 1788 3239 Eloge
1820 3149 1909 3218 de
1939 3149 2239 3218 Nicolas
2272 3149 2601 3231 Poussin,
2637 3149 2963 3218 discours
2996 3149 3119 3239 qui
3153 3171 3193 3218 a
3221 3150 3578 3239 remporté
3609 3149 3677 3218 le
3707 3149 3852 3239 pris
3887 3150 3927 3218 à
3956 3149 4483 3231 l’Accademie,

712 3264 906 3333 Paris
946 3265 1154 3346 1783,
1187 3264 1332 3346 in8,
1364 3266 1470 3333 M.
1508 3264 1599 3333 86

471 3475 686 3543 2284.
735 3475 1229 3543 GUIDALOTTI
1266 3474 1645 3543 Franchini
1690 3474 2055 3556 Gioseffo,
2103 3474 2273 3543 Vita
2315 3474 2387 3543 di
2432 3474 2843 3543 Domenico
2886 3474 3124 3543 Maria
3165 3474 3382 3543 Viani
3426 3474 3642 3564 pittor
3681 3474 4104 3564 bolognese,
4152 3474 4489 3564 Bologna

721 3589 929 3671 1716,
962 3589 1036 3657 in
1074 3590 1181 3658 12.

467 3819 682 3888 2285.
732 3821 1070 3888 HARMES
1117 3819 1436 3888 Antoine
1482 3819 1799 3901 Fédéric,
1848 3819 2109 3888 Tables
2155 3819 2613 3909 historiques,
2663 3830 2732 3888 et
2782 3821 2875 3909 [p.
2927 3820 3097 3902 389]
3151 3819 3761 3909 chronologiques
3810 3819 3936 3888 des
3982 3819 4144 3909 plus
4192 3819 4487 3888 fameux

711 3934 1022 4024 peintres
1055 3934 1347 4003 anciens
1379 3945 1448 4003 et
1475 3934 1881 4016 modernes,
1914 3934 2343 4003 Bronswich
2381 3935 2589 4016 1742,
2622 3934 2696 4002 in
2725 3934 2852 4003 fol.
2885 3936 2991 4003 M.
3026 3935 3141 4004 91.

711 4045 892 4103 Libro
918 4045 1459 4120 giudiziosamente
1483 4045 1851 4120 invaginato,
1881 4046 1971 4103 sul
1996 4045 2093 4103 cui
2118 4046 2387 4103 modello
2411 4046 2702 4120 potrebbe
2727 4045 2869 4103 farsi
2894 4045 3148 4120 qualche
3173 4064 3357 4120 opera
3380 4045 3441 4103 di
3466 4045 3741 4120 maggior
3764 4054 4062 4103 esattezza
4085 4064 4118 4103 e
4141 4045 4246 4120 più
4270 4054 4482 4103 estesa.

471 4241 686 4310 2286.
726 4243 1335 4310 HAUCHECORNE
1363 4243 1469 4310 M.
1510 4241 1776 4323 l’abbé,
1815 4241 1955 4310 Vie
1991 4241 2080 4310 de
2114 4241 2645 4331 Michel-Ange
2680 4241 3108 4310 Buonarroti
3143 4241 3438 4331 peintre,
3481 4241 3842 4331 sculpteur
3876 4252 3945 4310 et
3980 4241 4362 4310 architecte
4398 4241 4488 4310 de

711 4356 1078 4438 Florence,
1113 4357 1153 4425 à
1180 4356 1375 4425 Paris
1415 4357 1623 4438 1783,
1656 4356 1730 4424 in
1763 4357 1825 4425 8.

483 4568 698 4636 2287.
748 4569 1136 4636 HOLLARD
1177 4567 1650 4649 Venceslaus,
1698 4568 1767 4635 A
1813 4567 2253 4657 description
2299 4567 2384 4636 of
2422 4567 2542 4636 the
2587 4567 2970 4657 ingenious
3018 4567 3434 4649 delineator,
3486 4567 3625 4636 and
3670 4589 4017 4657 engraver
4060 4567 4234 4636 with
4282 4589 4486 4636 some

714 4693 1020 4751 account
1048 4682 1133 4751 of
1154 4682 1266 4751 his
1297 4682 1442 4764 lite,
1475 4682 1783 4751 London
1821 4682 2029 4764 1745,
2062 4682 2136 4750 in
2164 4683 2231 4751 4.

712 4794 828 4851 Col
861 4793 1085 4851 ritratto
1121 4793 1182 4851 di
1217 4794 1469 4851 Hollard
1502 4794 1600 4851 nel
1635 4793 2027 4868 frontespizio
2063 4794 2139 4851 ed
2174 4794 2386 4851 alcune
2421 4793 2685 4868 vignette
2721 4794 2819 4851 col
2852 4802 3160 4868 prospetto
3195 4793 3256 4851 di
3290 4794 3529 4851 Londra
3562 4812 3595 4851 e
3630 4794 3833 4868 quello
3869 4793 3930 4851 di
3964 4795 4169 4868 Praga,
4205 4793 4395 4868 patria
4427 4793 4488 4851 di

712 4898 924 4964 questo
965 4890 1201 4947 valente
1240 4889 1634 4964 intagliatore.
1677 4889 1982 4947 Abbiamo
2021 4898 2199 4964 posto
2239 4898 2326 4947 tra
2363 4889 2383 4946 i
2421 4889 2682 4964 biografi
2723 4898 2935 4964 questo
2976 4889 3129 4947 libro
3168 4889 3388 4964 poiché
3428 4889 3705 4947 contiene
3745 4898 3889 4947 tutte
3929 4890 3985 4947 le
4025 4889 4248 4947 notizie
4288 4890 4344 4947 le
4382 4889 4487 4964 più

714 4985 999 5060 singolari
1024 4985 1085 5043 di
1109 5004 1189 5043 un
1212 4986 1355 5043 tant’
1372 4986 1597 5043 ’uomo.

483 5181 698 5249 2288.
741 5182 1034 5249 HONDII
1066 5180 1383 5262 Henrici,
1425 5180 1790 5249 Pictorum
1829 5180 2103 5270 aliquot
2140 5180 2557 5262 celebrium,
2598 5180 2983 5270 praecipue
3022 5180 3413 5249 Germania
3450 5180 3834 5262 inferioris,
3878 5180 4193 5270 effigies,
4236 5182 4487 5270 Hagae

713 5295 1047 5377 Comitis,
1080 5295 1154 5363 in
1183 5295 1310 5364 fol.
1343 5317 1537 5385 parv.

711 5408 778 5463 In
809 5415 1022 5481 questo
1055 5407 1088 5464 e
1120 5406 1375 5481 qualche
1409 5406 1633 5464 varietà
1663 5407 1762 5464 dal
1796 5415 2081 5481 seguente
2114 5407 2466 5481 esemplare,
2501 5425 2677 5464 come
2713 5407 2845 5464 suol
2877 5406 3207 5464 osservarsi
3238 5406 3301 5463 in
3332 5406 3504 5481 quasi
3536 5406 3667 5464 tutti
3699 5406 3719 5463 i
3752 5406 3984 5464 volumi
4016 5406 4077 5464 di
4107 5406 4332 5474 ritratti,
4367 5425 4489 5464 non

711 5502 957 5560 marcati
982 5521 1099 5560 con
1123 5521 1373 5560 numero
1397 5502 1801 5577 progressivo.
1829 5503 2028 5560 L’uno
2054 5502 2332 5560 contiene
2358 5502 2435 5561 69
2462 5521 2495 5560 e
2520 5503 2718 5560 l’altro
2744 5503 2823 5560 70
2848 5503 3048 5560 tavole
3073 5502 3134 5560 di
3159 5502 3355 5560 fresca
3378 5521 3411 5560 e
3434 5503 3596 5560 bella
3618 5502 4033 5577 impressione.

479 5718 694 5787 2289.
738 5719 1031 5786 HONDII
1064 5717 1381 5799 Henrici,
1424 5717 1789 5786 Pictorum
1829 5717 2103 5807 aliquot
2141 5717 2538 5786 celebrium
2575 5717 2960 5807 praecipue
3000 5717 3434 5786 Germaniae
3474 5717 3834 5786 inferioris
3876 5717 4191 5807 effigies.
4235 5719 4487 5807 Hagae

713 5832 1047 5914 Comitis,
1081 5854 1169 5901 ex
1200 5832 1507 5901 officina
1534 5832 1829 5901 Henrici
1859 5832 2154 5914 Hondii,
2187 5832 2261 5900 in
2289 5833 2357 5914 4,
2390 5832 2542 5922 fig.,
2574 5843 2808 5922 partes
2838 5843 2999 5901 tres.

467 6044 682 6113 2290.
716 6045 1240 6125 HOCBRAKEN,
1273 6043 1441 6112 Vite
1472 6065 1511 6112 e
1539 6043 1785 6112 ritratti
1816 6043 1929 6112 de’
1966 6043 2207 6133 pittori
2238 6043 2588 6125 olandesi,
2620 6043 3084 6112 Amsterdam
3121 6044 3329 6125 1718,
3362 6043 3516 6133 fig.,
3549 6043 3693 6112 vol.
3729 6044 3768 6112 3
3802 6043 3876 6111 in
3909 6044 3971 6112 8.

711 6156 778 6211 In
806 6154 1012 6229 lingua
1039 6155 1345 6222 olandese,
1377 6173 1495 6212 con
1523 6154 1936 6229 copiosissimi
1965 6173 1998 6212 e
2025 6154 2347 6212 bellissimi
2375 6154 2581 6212 ritratti
2610 6154 2902 6229 intagliati
2931 6154 2993 6211 in
3020 6173 3201 6212 rame.
3234 6154 3527 6212 Edizione
3556 6155 3633 6212 da
3659 6154 3878 6212 tenersi
3905 6154 4111 6229 perciò
4140 6154 4203 6211 in
4231 6154 4486 6229 qualche

710 6249 938 6324 pregio.
966 6251 1077 6307 Per
1099 6249 1332 6324 compir
1355 6258 1565 6324 questa
1591 6249 1742 6307 serie
1767 6250 1800 6307 e
1825 6250 2029 6324 duopo
2056 6268 2196 6307 aver
2220 6249 2408 6307 anche
2432 6249 2452 6306 i
2477 6250 2593 6307 due
2618 6249 2850 6307 volumi
2875 6249 2936 6307 di
2965 6252 3091 6307 Van
3119 6249 3293 6307 Gool.
3326 6250 3473 6307 vedi.

2171 6657 2347 6694 WWW.
2358 6637 2734 6710 memofonte.
2748 6639 2791 6694 it
