4958 7017
1981 864 2366 922 Fondazione
2390 838 2775 922 Memofonte
2800 865 2976 922 onlus

1390 960 1600 1018 Studio
1624 979 1731 1035 per
1754 960 2226 1018 l’elaborazione
2250 960 2632 1018 informatica
2655 961 2813 1018 delle
2838 960 2991 1018 fonti
3018 960 3571 1018 storico—artistiche

697 1283 780 1287 —
802 1249 888 1305 La
913 1248 1178 1305 seconda
1201 1248 1400 1322 quelle
1425 1247 1486 1305 di
1510 1247 1789 1315 Frascati,
1817 1266 1850 1305 e
1875 1247 1936 1305 di
1959 1248 2320 1305 Tusculano.

697 1379 780 1383 —
802 1345 888 1401 La
910 1352 1071 1401 terza
1094 1343 1192 1401 dei
1215 1343 1449 1418 palazzi
1474 1362 1507 1401 e
1532 1343 1786 1418 giardini
1811 1343 1872 1401 di
1896 1345 2109 1401 Roma.

701 1440 865 1497 Sono
891 1441 968 1497 77
995 1440 1195 1497 tavole
1220 1439 1521 1514 compresi
1545 1439 1565 1496 i
1590 1439 1937 1514 frontespizj
1968 1439 2029 1497 di
2052 1439 2390 1497 bellissimo
2416 1439 2539 1497 inta
2567 1441 2645 1514 [p.
2674 1440 2818 1509 217]
2849 1439 2992 1514 glio,
3020 1440 3076 1497 le
3101 1439 3263 1514 quali
3290 1458 3440 1497 sono
3466 1439 3527 1497 di
3550 1439 3743 1514 prima
3766 1439 4131 1507 freschezza,
4159 1458 4192 1497 e
4215 1440 4485 1497 rendono

698 1554 816 1593 una
837 1535 1073 1610 precisa
1095 1535 1233 1593 idea
1256 1535 1354 1593 dei
1379 1535 1587 1610 luoghi
1612 1554 1645 1593 e
1670 1536 1829 1593 delle
1854 1554 1998 1593 cose
2021 1544 2480 1610 rappresentate.

476 1726 655 1784 3864.
691 1728 889 1784 ROSSI
922 1727 1087 1797 (De),
1122 1726 1378 1801 Disegni
1411 1726 1472 1784 di
1506 1727 1626 1801 varj
1666 1726 1850 1794 altari,
1886 1745 1919 1784 e
1952 1727 2226 1801 cappelle
2259 1727 2417 1784 nelle
2451 1726 2655 1784 chiese
2689 1726 2750 1784 di
2783 1728 2980 1784 Roma
3012 1727 3170 1784 colle
3203 1727 3333 1784 loro
3367 1726 3640 1794 facciate,
3674 1726 3893 1801 piante,
3930 1745 3963 1784 e
3996 1726 4219 1784 misure
4252 1726 4350 1784 dei
4382 1726 4487 1801 più

699 1822 922 1880 celebri
948 1822 1255 1880 architetti.
1283 1824 1439 1880 Data
1461 1822 1523 1879 in
1547 1823 1682 1880 luce
1708 1823 1785 1880 da
1807 1822 2149 1880 Domenico
2175 1823 2250 1880 de
2274 1822 2455 1880 Rossi
2480 1823 2640 1880 nella
2665 1841 2772 1880 sua
2797 1822 3117 1897 stamperia
3139 1822 3201 1879 in
3225 1824 3438 1890 Roma,
3465 1822 3528 1879 in
3552 1822 3679 1890 fol.,
3707 1822 3834 1897 fig.,
3861 1831 3976 1880 tav.
4006 1822 4102 1880 50.

699 1919 834 1976 Con
858 1937 939 1976 un
962 1919 1062 1976 bel
1088 1918 1481 1993 frontespizio
1508 1918 1767 1993 figurato
1794 1918 1855 1976 di
1881 1918 2024 1976 Ciro
2050 1918 2226 1976 Ferri.
2254 1920 2321 1975 In
2345 1918 2489 1976 tanti
2516 1918 2700 1986 altari,
2729 1937 2762 1976 e
2788 1919 3062 1993 cappelle
3087 1937 3209 1976 non
3233 1918 3456 1976 trovasi
3481 1937 3561 1976 un
3589 1919 3721 1976 solo
3749 1919 3929 1976 altare
3955 1918 4016 1976 di
4040 1937 4190 1993 puro
4217 1937 4250 1976 e
4277 1937 4487 1976 severo

701 2014 833 2072 stile
857 2014 1163 2072 inventato
1189 2033 1306 2072 con
1331 2033 1509 2072 aurea
1534 2014 1887 2089 semplicità.

476 2206 655 2264 3865.
682 2208 880 2264 ROSSI
904 2207 1069 2277 (De),
1096 2207 1333 2264 Vedute
1358 2207 1517 2264 delle
1542 2206 1870 2274 fabbriche,
1896 2206 2125 2281 piazze,
2155 2207 2366 2274 strade,
2394 2206 2537 2264 fatte
2562 2206 2687 2264 fare
2711 2215 3114 2264 nuovamente
3138 2206 3201 2263 in
3225 2208 3422 2264 Roma
3445 2207 3522 2264 da
3545 2207 3916 2264 Alessandro
3941 2208 4071 2264 VII.

697 2337 780 2341 —
802 2301 983 2359 Libro
1007 2301 1203 2376 primo
1236 2301 1389 2359 1665
1418 2310 1736 2376 composto
1762 2301 1823 2359 di
1850 2301 1924 2359 35
1951 2302 2168 2359 tavole.

697 2433 780 2437 —
802 2397 983 2455 Libro
1011 2398 1277 2455 secondo
1310 2397 1463 2455 1665
1492 2406 1809 2472 composto
1835 2397 1896 2455 di
1928 2398 1998 2455 17
2025 2398 2242 2455 tavole.

697 2529 780 2533 —
802 2493 983 2551 Libro
1008 2502 1171 2551 terzo
1204 2493 1356 2551 1665
1385 2502 1703 2568 composto
1729 2493 1790 2551 di
1817 2494 1892 2551 38
1919 2494 2136 2551 tavole.

697 2625 780 2629 —
806 2589 987 2647 Libro
1016 2598 1224 2664 quarto
1260 2589 1413 2647 1665
1445 2598 1764 2664 composto
1793 2589 1854 2647 di
1883 2589 1961 2647 52
1989 2590 2207 2657 tavole,
2238 2608 2271 2647 e
2298 2589 2647 2664 pubblicato
2675 2590 2774 2647 nel
2809 2589 2964 2648 1699
2996 2598 3151 2647 sotto
3179 2589 3222 2646 il
3248 2589 3606 2664 pontificato
3635 2589 3696 2647 di
3725 2591 4067 2647 Innocenzo
4096 2591 4226 2647 XII.
4257 2591 4282 2646 I
4308 2589 4486 2664 primi

698 2694 783 2743 tre
808 2685 943 2743 libri
968 2685 1263 2760 disegnati
1288 2686 1364 2743 ed
1387 2685 1680 2760 intagliati
1706 2686 1783 2743 da
1807 2685 2047 2743 Giovan
2070 2685 2323 2743 Battista
2345 2686 2545 2743 Falda.
2573 2685 2864 2743 L’ultimo
2890 2686 2967 2743 da
2989 2686 3360 2743 Alessandro
3388 2685 3662 2760 Specchi.

698 2781 1050 2839 Bellissimo
1087 2782 1441 2856 esemplare;
1480 2800 1513 2839 e
1549 2790 1762 2856 questo
1799 2782 1832 2839 e
1867 2800 1987 2839 uno
2024 2782 2119 2839 de’
2162 2781 2427 2856 migliori
2463 2781 2598 2839 libri
2634 2782 2792 2839 delle
2828 2782 3045 2839 vedute
3081 2781 3142 2839 di
3178 2783 3375 2839 Roma
3409 2781 3521 2839 che
3555 2782 3739 2839 rende
3774 2781 4022 2839 un’idea
4057 2782 4350 2856 adeguata
4384 2782 4479 2839 de’

699 2876 925 2951 luoghi,
953 2895 986 2934 e
1011 2877 1106 2934 de’
1138 2876 1530 2934 monumenti.

476 3068 655 3126 3866.
682 3070 776 3126 De
800 3070 998 3126 ROSSI
1020 3068 1276 3143 Filippo,
1303 3068 1554 3126 Ritratto
1580 3068 1641 3126 di
1665 3070 1861 3126 Roma
1884 3069 2189 3126 moderna.
2217 3070 2438 3126 Nuova
2461 3068 2739 3126 edizione
2764 3068 3104 3143 migliorata
3127 3069 3203 3126 ed
3228 3068 3610 3136 accresciuta,
3637 3070 3835 3126 Roma
3865 3068 4040 3136 1652,
4067 3068 4129 3125 in
4156 3069 4209 3136 8,
4237 3068 4341 3143 fig.

476 3260 655 3318 3867.
693 3262 787 3318 De
821 3262 1019 3318 ROSSI
1050 3260 1307 3335 Filippo,
1344 3260 1594 3318 Ritratto
1630 3260 1691 3318 di
1725 3262 1922 3318 Roma
1956 3260 2152 3318 antica
2186 3260 2444 3318 formato
2480 3269 2883 3318 nuovamente
2918 3261 3076 3318 colle
3112 3260 3364 3318 autorità
3397 3260 3559 3335 degli
3595 3260 3817 3318 antichi
3854 3260 4125 3328 scrittori,
4164 3261 4390 3318 adorno
4426 3260 4487 3318 di

699 3355 893 3430 figure
917 3355 980 3412 in
1002 3374 1184 3423 rame,
1211 3357 1409 3413 Roma
1439 3355 1614 3423 1688,
1641 3355 1703 3412 in
1730 3356 1782 3413 8.

476 3547 655 3605 3868.
682 3549 776 3605 De
800 3549 998 3605 ROSSI
1020 3547 1276 3622 Filippo,
1303 3547 1554 3605 Ritratto
1580 3547 1641 3605 di
1665 3549 1861 3605 Roma
1884 3548 2174 3605 moderna
2197 3547 2442 3605 distinto
2467 3547 2530 3604 in
2554 3547 2911 3622 quattordici
2934 3547 3089 3605 rioni
3114 3566 3231 3605 con
3256 3547 3468 3622 figure,
3503 3547 3678 3615 1689,
3704 3547 3766 3604 in
3793 3548 3846 3615 8,
3874 3548 3993 3605 vol.
4022 3548 4077 3605 2.

700 3643 912 3715 Questi
938 3644 1054 3701 due
1081 3643 1313 3701 volumi
1340 3643 1497 3701 assai
1522 3644 1641 3701 ben
1667 3643 1797 3701 fatti
1824 3643 2074 3701 viddero
2101 3644 2159 3701 la
2183 3644 2317 3701 luce
2344 3644 2402 3701 la
2424 3643 2619 3718 prima
2644 3644 2809 3701 volta
2832 3644 2930 3701 nel
2964 3643 3117 3701 1645
3145 3662 3252 3718 per
3276 3662 3460 3718 opera
3484 3643 3545 3701 di
3570 3643 3807 3718 Filippo
3834 3644 3909 3701 de
3934 3643 4133 3711 Rossi,
4162 3662 4195 3701 e
4222 3662 4486 3701 vennero

697 3739 1010 3814 riprodotti
1035 3740 1112 3797 da
1134 3739 1367 3797 Michel
1392 3740 1633 3814 Angelo
1658 3739 1858 3807 Rossi,
1886 3739 2049 3814 negli
2075 3739 2214 3797 anni
2238 3739 2503 3797 indicati:
2536 3739 2753 3797 sonovi
2779 3739 2968 3797 anche
2993 3740 3179 3797 molte
3207 3748 3437 3814 stampe
3461 3739 3524 3796 in
3547 3758 3729 3807 rame,
3758 3758 3791 3797 e
3816 3739 4307 3797 massimamente
4335 3758 4486 3797 sono

698 3835 963 3910 migliori
988 3836 1187 3910 quelle
1212 3835 1273 3893 di
1297 3837 1495 3893 Roma
1518 3836 1823 3893 moderna.

476 4026 655 4085 3869.
692 4028 959 4084 ROSSINI
990 4026 1205 4094 Pietro,
1241 4027 1289 4083 Il
1322 4026 1629 4084 Mercurio
1664 4035 1891 4084 errante
1925 4027 2083 4084 delle
2118 4027 2451 4101 grandezze
2486 4026 2547 4084 di
2580 4028 2777 4084 Roma
2809 4035 2971 4084 tanto
3007 4026 3243 4084 antiche
3277 4026 3389 4084 che
3423 4027 3730 4094 moderne,
3767 4026 3965 4084 diviso
3999 4026 4062 4083 in
4095 4027 4211 4084 due
4243 4026 4412 4101 parti,
4449 4045 4486 4084 0

699 4122 948 4190 volumi,
975 4124 1173 4180 Roma
1203 4123 1378 4190 1789,
1406 4123 1525 4180 vol.
1554 4123 1610 4190 2,
1637 4122 1699 4179 in
1729 4123 1819 4180 12.

700 4219 929 4290 Questo
971 4237 1078 4293 per
1119 4219 1309 4276 molto
1352 4227 1556 4293 tempo
1600 4219 1633 4276 e
1679 4227 1830 4276 stato
1874 4218 2272 4293 giustamente
2313 4218 2653 4293 riguardato
2698 4237 2873 4276 come
2916 4237 3037 4276 uno
3081 4219 3176 4276 de’
3227 4218 3362 4276 libri
3405 4218 3631 4293 meglio
3676 4218 3806 4276 fatti
3847 4237 3954 4293 per
3994 4218 4037 4275 il
4080 4218 4409 4286 forestiere,
4455 4237 4488 4276 e

701 4314 990 4382 succinto,
1019 4333 1052 4372 e
1078 4314 1301 4382 chiaro,
1330 4333 1363 4372 e
1388 4314 1549 4372 utile.
1578 4314 1658 4372 Vi
1687 4333 1838 4372 sono
1866 4315 2078 4372 alcune
2102 4314 2391 4389 passabili
2417 4315 2617 4372 tavole
2644 4315 2946 4389 all’acqua
2975 4316 3053 4389 [p.
3083 4315 3227 4384 218]
3259 4314 3412 4372 forte
3437 4314 3743 4389 intagliate
3770 4315 3847 4372 da
3871 4315 4010 4389 quel
4034 4315 4221 4372 bravo
4247 4314 4484 4382 Nicole,

699 4429 732 4468 e
757 4411 834 4468 da
856 4410 1121 4468 Piranesi
1145 4410 1500 4468 medesimo.

476 4602 655 4659 3870.
682 4603 947 4670 RYCQUI
968 4601 1136 4669 Justi,
1163 4603 1257 4659 De
1282 4601 1546 4676 capitolo
1570 4620 1821 4659 romano
1847 4601 2364 4669 commentarium,
2393 4601 2693 4659 Gandavii
2725 4601 2900 4669 1617,
2927 4601 2989 4658 in
3012 4602 3068 4659 4.

476 4794 655 4851 3871.
681 4794 985 4851 SADELER
1007 4793 1244 4868 Egidio,
1271 4793 1532 4868 Vestigii
1557 4794 1715 4851 delle
1741 4793 2024 4851 antichità
2047 4793 2108 4851 di
2132 4795 2345 4861 Roma,
2372 4793 2592 4861 Tivoli,
2619 4794 2945 4861 Pozzuolo,
2972 4794 3048 4851 ed
3073 4793 3202 4851 altri
3227 4793 3452 4868 luoghi,
3480 4795 3669 4868 Praga
3699 4793 3873 4861 1606,
3900 4793 3962 4850 in
3986 4793 4091 4851 fol.
4118 4793 4235 4868 pic.
4264 4794 4384 4851 obl.

698 4889 1059 4964 Magnifico,
1090 4908 1123 4947 e
1152 4889 1567 4947 freschissimo
1596 4890 1931 4964 esemplare
1959 4908 2076 4947 con
2104 4889 2182 4947 50
2210 4890 2410 4947 tavole
2437 4889 2500 4946 in
2525 4908 2689 4947 rame
2718 4889 2779 4947 di
2807 4889 2935 4947 fino
2963 4889 3214 4964 intaglio
3243 4889 3355 4947 che
3384 4898 3783 4964 apparteneva
3810 4890 3927 4947 alla
3951 4889 4280 4947 biblioteca
4306 4889 4367 4947 di
4394 4891 4482 4947 M.

699 4986 774 5043 de
799 4986 857 5043 la
879 4985 1235 5060 Popliniere.
1263 4987 1347 5043 Le
1371 4986 1571 5043 tavole
1598 5004 1750 5043 sono
1774 4986 2096 5060 precedute
2121 4986 2198 5043 da
2220 5004 2300 5043 un
2322 4985 2661 5043 bellissimo
2687 4985 3080 5060 frontespizio
3106 4985 3382 5060 figurato.

476 5177 655 5234 3872.
685 5177 1048 5234 SANDRART
1070 5176 1386 5244 Joachimi,
1413 5178 1645 5234 Romae
1671 5176 1949 5251 antiquae
1974 5185 2032 5234 et
2054 5195 2249 5234 novae
2273 5176 2584 5244 theatrum,
2611 5176 3048 5251 Norimbergae
3080 5176 3255 5244 1684,
3282 5176 3344 5233 in
3368 5176 3495 5244 fol.,
3523 5176 3627 5251 fig.

700 5273 901 5347 Opera
927 5272 988 5330 di
1017 5272 1094 5331 59
1123 5273 1323 5330 tavole
1350 5272 1657 5347 intagliate
1684 5272 1747 5329 in
1772 5291 1955 5340 rame,
1985 5291 2108 5330 non
2135 5291 2454 5347 compreso
2483 5291 2564 5330 un
2592 5272 2985 5347 frontespizio
3014 5272 3291 5347 figurato.
3322 5274 3432 5330 Fra
3458 5281 3667 5347 queste
3695 5272 3983 5330 osservisi
4011 5291 4133 5330 non
4161 5272 4402 5330 manchi
4430 5273 4488 5330 la

697 5369 859 5426 bella
880 5368 1083 5443 pianta
1105 5368 1167 5425 in
1192 5369 1414 5443 grande
1439 5368 1500 5426 di
1524 5370 1738 5436 Roma,
1766 5368 1877 5426 che
1902 5369 1979 5426 da
2003 5368 2200 5426 alcuni
2225 5368 2545 5443 esemplari
2571 5368 2636 5426 fu
2659 5369 2822 5426 tolta.
2852 5369 3053 5443 Opera
3076 5369 3234 5426 delle
3257 5368 3362 5443 più
3384 5368 3719 5443 pregievoli
3743 5368 3805 5425 in
3829 5377 4042 5443 questo
4068 5387 4302 5443 genere.

476 5560 655 5617 3873.
698 5560 1060 5617 SANDRART
1095 5559 1324 5627 Jacobi,
1363 5559 1699 5634 Insignium
1734 5561 1966 5617 Romae
2003 5560 2367 5634 templorum
2400 5568 2754 5634 prospectus
2792 5559 3135 5627 exteriores,
3175 5568 3233 5617 et
3268 5559 3598 5627 interiores,
3640 5559 4015 5634 septuaginta
4049 5559 4235 5617 tribus
4274 5559 4486 5634 figuris

700 5674 834 5713 aere
858 5655 1066 5713 incisis
1091 5655 1153 5712 in
1177 5656 1379 5713 lucem
1402 5655 1564 5723 editi,
1591 5655 2045 5730 Norimbergae,
2072 5655 2135 5712 in
2159 5655 2264 5713 fol.

698 5753 839 5809 Non
870 5752 992 5826 può
1027 5751 1250 5809 lodarsi
1284 5752 1342 5809 la
1376 5752 1561 5809 scelta
1593 5752 1750 5809 delle
1784 5751 1987 5809 chiese
2020 5751 2326 5826 intagliate
2359 5751 2422 5808 in
2455 5760 2663 5826 queste
2696 5752 2915 5819 tavole,
2952 5752 3210 5809 essendo
3245 5751 3559 5809 eccessivo
3593 5751 3636 5808 il
3669 5770 3919 5809 numero
3954 5751 4015 5809 di
4049 5752 4248 5826 quelle
4282 5751 4393 5809 che
4426 5751 4488 5808 in

699 5856 920 5922 quanto
947 5848 1002 5905 al
1027 5856 1203 5922 gusto
1228 5866 1350 5905 non
1374 5866 1642 5905 onorano
1668 5848 1727 5905 la
1750 5847 2005 5922 capitale
2030 5848 2128 5905 del
2152 5848 2379 5905 mondo
2405 5847 2705 5915 cristiano,
2734 5866 2767 5905 e
2791 5847 2834 5904 il
2859 5856 3062 5905 centro
3088 5848 3246 5905 delle
3269 5848 3470 5905 buone
3496 5847 3619 5905 arti.

476 6040 655 6097 3874.
682 6041 776 6097 De
803 6040 1080 6097 SANCTIS
1107 6039 1469 6107 Domenico,
1496 6039 1946 6097 Dissertazione
1973 6058 2150 6114 sopra
2173 6040 2231 6097 la
2254 6039 2399 6097 villa
2422 6039 2714 6097 d’Orazio
2739 6040 2976 6107 Flacco,
3003 6041 3199 6097 Roma
3229 6039 3404 6107 1768,
3431 6039 3493 6096 in
3516 6040 3573 6107 4,
3601 6039 3727 6114 fig.,
3754 6041 3842 6097 M.
3878 6040 3926 6097 1.

700 6135 927 6206 Questa
953 6134 1384 6192 dissertazione
1412 6135 1566 6192 ebbe
1593 6153 1674 6192 un
1703 6153 1987 6192 successo
2018 6134 2456 6202 straordinario,
2487 6153 2520 6192 e
2548 6143 2759 6209 questa
2785 6135 2818 6192 e
2846 6134 2945 6209 già
2971 6135 3029 6192 la
3057 6135 3321 6192 seconda
3347 6134 3643 6202 edizione,
3674 6134 3785 6192 che
3813 6134 3879 6192 fu
3904 6134 4009 6209 poi
4038 6134 4226 6192 anche
4257 6134 4488 6209 seguita

699 6231 776 6288 da
798 6249 916 6288 una
938 6239 1114 6288 terza.
1142 6231 1259 6288 Nel
1284 6230 1677 6305 frontespizio
1705 6239 1793 6288 sta
1816 6231 1874 6288 la
1895 6230 2098 6305 pianta
2121 6231 2281 6288 della
2304 6230 2466 6298 villa,
2494 6249 2527 6288 e
2551 6230 2613 6287 in
2638 6230 2763 6288 fine
2788 6231 2821 6288 e
2845 6249 2964 6288 una
2987 6239 3147 6288 carta
3169 6230 3562 6305 topografica.

476 6422 655 6480 3875.
692 6424 786 6480 De
823 6423 1101 6480 SANCTIS
1137 6422 1500 6490 Domenico,
1537 6422 1972 6480 Dissertazioni
2010 6441 2187 6497 sopra
2220 6423 2278 6480 la
2311 6422 2456 6480 villa
2490 6422 2781 6480 d’Orazio
2816 6423 3055 6490 Flacco;
3092 6422 3135 6479 il
3170 6423 3484 6480 mausoleo
3521 6422 3619 6480 dei
3653 6422 3881 6480 Plauzii
3917 6441 3951 6480 a
3983 6422 4202 6490 Tivoli,
4239 6422 4484 6490 Antino,

2171 6657 2347 6694 WWW.
2358 6637 2734 6710 memofonte.
2748 6639 2791 6694 il
