4958 7017
1981 864 2366 922 Fondazione
2390 864 2775 922 Memofonte
2800 865 2976 922 onlus

1390 960 1600 1018 Studio
1624 979 1731 1035 per
1754 960 2226 1018 l’elaborazione
2250 960 2632 1018 informatica
2655 961 2813 1018 delle
2838 960 2991 1018 fonti
3018 960 3571 1018 storico—artistiche

476 1344 655 1402 3793.
682 1345 950 1400 MILIZIA
972 1345 1325 1411 Francesco,
1352 1345 1549 1401 Roma
1572 1344 1730 1401 delle
1753 1344 1913 1401 belle
1939 1343 2045 1401 arti
2070 1344 2168 1401 del
2193 1343 2465 1418 disegno,
2493 1345 2766 1401 Bassano
2799 1344 2974 1411 1787,
3001 1343 3063 1400 in
3090 1344 3142 1401 8.

698 1441 765 1496 In
790 1439 919 1497 altri
944 1439 1152 1514 luoghi
1176 1439 1239 1496 in
1261 1439 1574 1514 proposito
1600 1439 1661 1497 di
1685 1448 1897 1514 questo
1924 1448 2127 1497 autore
2153 1439 2434 1497 abbiamo
2460 1439 2607 1497 fatto
2631 1439 2930 1497 bastevoli
2955 1439 3385 1497 osservazioni.

476 1632 655 1690 3794.
682 1633 1046 1688 MIRABILIA
1064 1633 1314 1689 Romae.

698 1726 820 1784 Noi
853 1726 1164 1801 possiamo
1201 1726 1303 1801 qui
1336 1735 1677 1801 presentare
1712 1735 1797 1784 tre
1832 1726 2151 1801 esemplari
2186 1726 2206 1783 i
2239 1726 2344 1801 più
2377 1726 2491 1784 rari
2526 1726 2587 1784 di
2622 1735 2835 1801 questo
2871 1726 3126 1794 libretto,
3164 1726 3275 1784 che
3308 1745 3415 1801 per
3448 1727 3506 1784 la
3542 1745 3649 1784 sua
3682 1726 3968 1784 celebrità
4000 1726 4122 1784 tien
4157 1727 4342 1801 luogo
4378 1726 4468 1784 fra
4501 1726 4521 1783 i

699 1822 897 1897 cimelj
936 1822 1041 1897 più
1074 1822 1418 1897 importanti
1453 1822 1907 1890 dell’antichità,
1946 1822 2196 1897 giacché
2233 1841 2402 1880 serve
2438 1822 2803 1880 moltissimo
2841 1841 2875 1880 a
2908 1822 3177 1880 dinotare
3211 1822 3231 1879 i
3264 1822 3582 1897 principali
3617 1822 3844 1897 oggetti
3879 1822 3940 1880 di
3975 1822 4276 1890 curiosità,
4314 1822 4426 1880 che
4460 1822 4523 1879 in

699 1919 1085 1993 quell’epoca
1114 1937 1386 1976 avevano
1415 1918 1625 1993 pregio
1655 1918 1718 1975 in
1747 1920 1960 1986 Roma,
1993 1937 2026 1976 e
2056 1918 2099 1975 il
2129 1919 2315 1976 modo
2345 1918 2407 1975 in
2437 1918 2534 1976 cui
2565 1918 3044 1993 dall’ignoranza
3073 1919 3319 1993 volgare
3350 1918 3650 1976 venivano
3682 1918 4037 1993 apprezzati.
4070 1920 4205 1976 Due
4235 1918 4296 1976 di
4326 1918 4521 1993 questi

698 2014 884 2072 nostri
914 2014 1234 2089 esemplari
1267 2015 1584 2072 sembrano
1615 2014 2097 2072 evidentemente
2128 2014 2272 2072 editi
2302 2015 2379 2072 da
2407 2015 2648 2072 Adamo
2679 2016 2815 2082 Rot,
2848 2033 2881 2072 e
2909 2014 3429 2089 particolarmente
3461 2033 3495 2072 a
3523 2014 3620 2072 ciò
3651 2033 3726 2072 ne
3758 2015 4031 2072 conduce
4061 2015 4210 2072 oltre
4240 2015 4298 2072 la
4328 2014 4524 2072 forma

699 2110 797 2168 dei
829 2110 1098 2168 caratteri
1129 2110 1172 2167 il
1203 2119 1408 2168 notare
1440 2110 1551 2168 che
1583 2110 1626 2167 il
1657 2119 1821 2168 terzo
1852 2110 2201 2185 pubblicato
2234 2111 2311 2168 da
2343 2111 2656 2168 Gerardus
2687 2113 2739 2167 F
2740 2110 2980 2168 landria
3012 2111 3110 2168 nel
3149 2110 3302 2168 1475
3337 2110 3399 2167 in
3429 2110 3689 2185 Trevigi,
3723 2129 3845 2168 non
3874 2111 3996 2185 può
4029 2129 4229 2168 essere
4261 2110 4373 2168 che
4404 2129 4523 2168 una

697 2206 983 2281 ristampa
1010 2206 1071 2264 di
1100 2206 1285 2281 quelli
1314 2206 1426 2264 che
1455 2225 1635 2264 erano
1665 2206 1836 2264 esciti
1864 2206 1926 2263 in
1954 2208 2151 2264 Roma
2178 2207 2276 2264 col
2305 2225 2518 2264 mezzo
2548 2207 2643 2264 de’
2677 2206 2855 2281 primi
2886 2206 3232 2281 stampatori
3260 2206 3280 2263 i
3309 2206 3471 2281 quali
3500 2207 3637 2264 colà
3663 2206 4071 2264 introdussero
4101 2207 4289 2264 l’arte.
4321 2207 4520 2264 L’uno

697 2302 843 2376 però
869 2301 930 2359 di
954 2301 1148 2376 questi
1173 2302 1289 2359 due
1312 2301 1417 2376 più
1442 2301 1664 2359 antichi
1690 2301 2009 2376 esemplari
2034 2302 2067 2359 e
2091 2301 2153 2358 in
2180 2301 2266 2359 sei
2291 2310 2449 2359 carte
2473 2301 2535 2358 in
2562 2302 2594 2359 8
2622 2320 2655 2359 e
2680 2302 2879 2359 l’altro
2905 2302 2938 2359 e
2962 2301 3024 2358 in
3048 2310 3191 2359 otto.

699 2397 1143 2455 Cominciando
1173 2398 1271 2455 dal
1298 2397 1513 2472 primo,
1545 2397 1656 2455 che
1685 2397 1762 2455 ha
1789 2398 2176 2472 l’apparenza
2203 2398 2363 2455 della
2390 2397 2701 2472 maggiore
2731 2397 3030 2465 antichità,
3062 2416 3095 2455 e
3125 2416 3159 2455 a
3184 2397 3380 2472 primo
3411 2406 3642 2472 aspetto
3672 2397 3974 2455 direbbesi
4002 2397 4340 2472 xylografo,
4372 2416 4520 2455 ecco

699 2493 958 2551 l’ordine
985 2493 1083 2551 dei
1110 2493 1373 2568 capitoli.
1401 2493 1719 2551 Mirabilia
1744 2496 1974 2551 Romae
2004 2496 2307 2567 incipiunt.
2339 2496 2434 2551 De
2454 2496 2652 2567 portis
2681 2494 2836 2567 infra
2865 2494 3086 2551 urbem.
3118 2496 3213 2551 De
3233 2496 3431 2567 portis
3459 2494 3879 2551 transtiberim.
3911 2496 4006 2551 De
4033 2494 4336 2551 montibus
4365 2494 4520 2567 infra

700 2590 921 2647 urbem.
955 2592 1050 2647 De
1072 2590 1363 2663 pontibus
1393 2590 1559 2647 urbis
1585 2592 1828 2647 Romae.
1863 2589 2120 2647 Palacia
2151 2592 2580 2663 imperatorum
2608 2601 2746 2647 sunt
2772 2590 2897 2647 hec.
2931 2592 3026 2647 De
3054 2590 3320 2647 arcubus
3348 2610 3469 2647 non
3500 2589 3975 2663 triumphalibus.
4009 2592 4104 2647 De
4135 2590 4391 2647 thermis.
4425 2592 4520 2647 De

700 2686 962 2743 theatris.
1002 2688 1097 2743 De
1132 2685 1356 2759 agulea
1392 2687 1598 2743 Sancti
1630 2688 1806 2743 Petri.
1846 2688 1941 2743 De
1977 2688 2301 2743 cimiteriis.
2341 2688 2506 2743 Loca
2543 2686 2646 2743 ubi
2679 2688 2876 2743 sancti
2902 2688 3078 2759 passi
3111 2697 3250 2743 sunt
3283 2697 3592 2743 tormenta.
3629 2686 3727 2743 Ad
3758 2687 4042 2743 Sanctam
4071 2686 4387 2759 Agatham.
4427 2688 4522 2743 De

700 2781 948 2855 templis.
988 2784 1083 2839 De
1120 2784 1291 2855 equis
1325 2784 1696 2839 marmoreis.
1737 2784 1832 2839 De
1854 2782 2090 2855 femina
2126 2782 2501 2839 circumclata
2536 2782 2930 2855 serpentibus.
2970 2784 3065 2839 De
3103 2784 3327 2839 rustico
3362 2782 3608 2839 sedente
3643 2801 3829 2855 super
3861 2801 4092 2855 equum.
4135 2783 4417 2855 Sequitur
4447 2782 4522 2839 de

702 2876 985 2934 Colliseo.
1019 2879 1114 2934 De
1144 2878 1367 2934 Sancta
1394 2879 1600 2934 Maria
1632 2877 1905 2934 rotuncla.
1939 2879 2034 2934 De
2067 2878 2406 2934 Octaviano
2438 2879 2815 2950 imperatore.
2849 2876 3166 2934 Mirabilia
3193 2879 3423 2934 Romae
3439 2877 3680 2950 finiunt.
3719 2876 3930 2934 Simile
3960 2877 4015 2934 al
4044 2876 4147 2951 qui
4176 2876 4458 2934 descritto
4488 2877 4521 2934 è

699 2973 1083 3047 l’esemplare
1129 2973 1289 3030 della
1332 2972 1674 3030 Biblioteca
1719 2972 1959 3030 Corsini
2005 2972 2067 3029 in
2112 2974 2326 3040 Roma,
2375 2972 2849 3030 dall’Audifredi
2896 2981 3158 3047 appunto
3203 2972 3612 3030 riconosciuto
3658 2972 3955 3047 impresso
4002 2972 4100 3030 coi
4146 2972 4415 3030 caratteri
4461 2972 4522 3030 di

698 3069 938 3126 Adamo
964 3070 1098 3126 Rot.

698 3165 746 3221 Il
782 3165 1048 3222 secondo
1083 3165 1435 3239 esemplare,
1472 3165 1852 3239 egualmente
1889 3183 2069 3222 senza
2102 3165 2255 3232 data,
2294 3173 2588 3239 stampato
2622 3164 2685 3221 in
2719 3173 2844 3222 otto
2879 3173 3055 3232 carte,
3092 3183 3191 3222 ma
3223 3183 3341 3222 con
3374 3164 3643 3222 caratteri
3675 3164 3781 3239 più
3812 3164 4069 3232 rotondi,
4109 3165 4371 3222 sebbene
4406 3165 4523 3222 alla

697 3260 890 3335 prima
918 3260 1196 3318 edizione
1224 3260 1694 3335 rassomiglianti
1724 3260 1786 3317 in
1815 3279 1959 3335 gran
1986 3269 2169 3335 parte,
2202 3279 2235 3318 e
2263 3261 2543 3335 prodotto
2574 3279 2691 3318 con
2718 3260 2962 3335 miglior
2990 3279 3131 3318 cura
3158 3261 3737 3318 nell’assettamento
3768 3260 3866 3318 dei
3895 3260 4021 3335 tipi,
4054 3261 4087 3318 e
4114 3260 4430 3335 parimenti
4459 3260 4522 3317 in

699 3364 921 3423 ottavo,
956 3355 1018 3412 in
1051 3356 1291 3430 grande,
1327 3374 1360 3413 e
1391 3355 1730 3413 bellissima
1761 3355 1973 3423 forma,
2009 3374 2042 3413 e
2074 3355 2094 3412 i
2127 3355 2373 3430 capitoli
2409 3374 2559 3413 sono
2593 3355 2848 3413 ordinati
2881 3356 2979 3413 nel
3012 3356 3198 3413 modo
3234 3364 3537 3430 seguente:
3572 3355 3891 3413 Mirabilia
3922 3358 4166 3413 Romae.
4204 3358 4299 3413 De
4325 3358 4522 3429 portis

701 3452 856 3525 infra
889 3452 1110 3509 urbem.
1146 3454 1241 3509 De
1265 3454 1464 3525 portis
1497 3452 1917 3509 transtiberim.
1953 3454 2048 3509 De
2080 3452 2383 3509 montibus
2416 3452 2571 3525 infra
2604 3452 2826 3509 urbem.
2862 3454 2957 3509 De
2981 3452 3273 3525 pontibus
3305 3452 3471 3509 urbis
3500 3454 3744 3509 Romae.
3781 3451 4038 3509 Palacia
4072 3454 4514 3525 imperatorum.

696 3550 791 3605 De
819 3548 1085 3605 arcubus
1114 3547 1589 3621 triumphalibus.
1622 3550 1717 3605 De
1746 3550 2026 3605 terminis.
2059 3550 2154 3605 De
2184 3548 2446 3605 theatris.
2479 3550 2574 3605 De
2602 3547 2825 3621 agulea
2854 3549 3059 3605 Sancti
3084 3550 3261 3605 Petri.
3294 3550 3389 3605 De
3418 3550 3741 3605 cimiteriis.
3771 3548 3869 3605 Ad
3893 3549 4177 3605 Sanctam
4198 3548 4514 3621 Agatham.

696 3646 791 3701 De
823 3646 1012 3717 pinea
1051 3663 1237 3701 aerea
1277 3655 1335 3701 et
1370 3644 1681 3701 cleaurata.
1724 3646 1819 3701 De
1860 3643 2108 3717 templis.
2152 3646 2247 3701 De
2288 3646 2459 3717 equis
2497 3646 2867 3701 marmoreis.
2911 3646 3006 3701 De
3032 3644 3268 3717 femina
3308 3644 3683 3701 circumclata
3721 3644 4115 3717 serpentibus.
4159 3646 4254 3701 De
4296 3646 4520 3701 rustico

698 3740 944 3797 sedente
975 3759 1161 3813 super
1187 3759 1434 3797 aereum
1466 3759 1696 3813 equum.
1734 3741 2017 3813 Sequitur
2042 3740 2117 3797 de
2152 3739 2412 3797 Coliseo.
2448 3742 2543 3797 De
2575 3741 2796 3797 Sancta
2825 3742 3031 3797 Maria
3065 3740 3336 3797 rotuncla.
3372 3742 3467 3797 De
3502 3741 3841 3797 Octaviano
3875 3742 4252 3813 imperatore.
4294 3739 4522 3797 Totilae

700 3838 1083 3909 exasperatio
1118 3838 1176 3893 in
1208 3855 1418 3893 servos
1447 3838 1579 3893 Dei.
1617 3838 1755 3893 Deo
1790 3837 2055 3893 Gratias.
2090 3837 2115 3892 I
2147 3835 2301 3893 titoli
2333 3835 2431 3893 dei
2464 3835 2710 3910 capitoli
2745 3854 2895 3893 sono
2931 3835 3207 3910 stampati
3238 3835 3301 3892 in
3333 3836 3667 3910 majuscole
3700 3835 3829 3893 fino
3863 3854 3897 3893 a
3927 3836 4131 3910 quello
4163 3836 4238 3893 de
4272 3836 4522 3893 theatris

698 3930 1013 3998 inclusive,
1044 3949 1077 3988 e
1106 3930 1190 4005 gli
1219 3930 1348 3988 altri
1379 3930 1511 3988 sino
1541 3931 1596 3988 al
1626 3930 1752 3988 fine
1779 3930 1841 3987 in
1867 3930 2092 4005 piccoli
2120 3930 2406 3988 caratteri.
2438 3932 2522 3988 Le
2552 3931 2695 3988 altre
2724 3930 2964 3998 varietà,
2994 3930 3014 3987 i
3043 3930 3289 4005 capitoli
3315 3930 3535 3998 riuniti,
3566 3949 3599 3988 e
3628 3930 3712 4005 gli
3742 3930 4009 4005 aggiunti
4040 3930 4089 3988 si
4116 3930 4520 3988 riconoscono

699 4026 1197 4084 evidentemente.
1231 4028 1309 4101 [p.
1338 4027 1482 4096 203]
1512 4026 1822 4094 L’ultimo,
1851 4045 1884 4084 e
1908 4026 1951 4083 il
1975 4026 2080 4101 più
2103 4027 2267 4084 bello
2293 4026 2391 4084 dei
2416 4026 2602 4084 nostri
2627 4026 2948 4101 esemplari
2971 4045 3078 4101 per
3101 4027 3441 4101 l’eleganza
3464 4026 3562 4084 dei
3587 4026 3713 4101 tipi,
3742 4027 3775 4084 e
3800 4027 4003 4101 quello
4029 4027 4127 4084 del
4160 4026 4313 4084 1475
4342 4026 4522 4084 citato

699 4123 797 4180 dal
821 4124 1047 4180 Panzer
1069 4122 1231 4197 negli
1256 4122 1479 4180 Annali
1503 4122 1864 4197 tipograﬁci,
1892 4122 2003 4180 che
2028 4141 2150 4180 non
2176 4122 2488 4197 sappiamo
2514 4122 2761 4180 esistere
2785 4122 2847 4179 in
2872 4123 3086 4180 alcuna
3107 4122 3436 4180 biblioteca
3459 4122 3520 4180 di
3544 4124 3757 4180 Roma.

700 4219 929 4290 Questo
959 4219 992 4276 e
1020 4227 1339 4293 composto
1369 4218 1430 4276 di
1457 4237 1616 4276 nove
1644 4227 1803 4276 carte
1830 4227 2137 4276 numerate
2165 4219 2325 4276 nella
2354 4218 2636 4276 sommità
2663 4237 2780 4276 con
2807 4218 3039 4276 numeri
3066 4218 3300 4276 romani
3328 4219 3505 4276 dall’1
3534 4219 3589 4276 al
3617 4220 3702 4275 IX
3729 4218 4026 4293 impresso
4055 4237 4173 4276 con
4198 4218 4521 4276 bellissimi

699 4314 986 4382 caratteri,
1032 4333 1065 4372 e
1108 4314 1206 4372 coi
1249 4314 1495 4389 capitoli
1538 4315 1667 4372 così
1710 4314 2047 4372 distribuiti:
2092 4314 2410 4372 Mirabilia
2451 4317 2695 4372 Romae.
2743 4317 2838 4372 De
2874 4317 3072 4388 portis
3117 4315 3272 4388 infra
3317 4315 3538 4372 urbem.
3586 4317 3681 4372 De
3716 4317 3914 4388 portis
3958 4315 4377 4372 transtiberim.
4425 4317 4520 4372 De

698 4411 1001 4468 montibus
1036 4411 1191 4484 infra
1226 4411 1447 4468 urbem.
1485 4413 1580 4468 De
1606 4411 1899 4484 pontibus
1933 4411 2099 4468 urbis
2129 4413 2373 4468 Romae.
2412 4410 2669 4468 Palacia
2705 4413 3147 4484 imperatorum.
3185 4413 3280 4468 De
3313 4411 3579 4468 arcubus
3613 4410 4091 4484 triumphalibus.
4129 4413 4224 4468 De
4257 4411 4523 4468 arcubus

698 4526 820 4563 non
847 4505 1309 4579 triumphalium.
1339 4508 1434 4563 De
1461 4506 1719 4563 thermis.
1749 4508 1844 4563 De
1871 4506 2133 4563 theatris.
2164 4508 2259 4563 De
2284 4505 2508 4579 agulea
2534 4507 2739 4563 Sancti
2761 4508 2938 4563 Petri.
2968 4508 3063 4563 De
3090 4508 3414 4563 cimiteriis.
3441 4506 3539 4563 Ad
3561 4507 3845 4563 Sanctam
3864 4506 4181 4579 Agatham.
4211 4508 4306 4563 De
4330 4508 4522 4563 Pinea

698 4621 884 4659 aerea
915 4613 973 4659 et
998 4602 1309 4659 cleaurata.
1342 4604 1437 4659 De
1468 4601 1716 4675 templis.
1750 4604 1845 4659 De
1876 4604 2047 4675 equis
2075 4604 2445 4659 marmoreis.
2479 4604 2574 4659 De
2590 4602 2825 4675 femina
2855 4602 3230 4659 circumclata
3258 4602 3652 4675 serpentibus.
3685 4604 3780 4659 De
3812 4604 4036 4659 rustico
4065 4602 4311 4659 sedente
4340 4621 4526 4675 super

700 4717 918 4771 equum
950 4717 1210 4755 aereum.
1248 4700 1343 4755 De
1380 4697 1640 4755 Coliseo.
1678 4700 1773 4755 De
1807 4699 2030 4755 Sancta
2061 4700 2267 4755 Maria
2303 4698 2574 4755 rotuncla.
2612 4700 2706 4755 De
2743 4699 3083 4755 Octaviano
3119 4700 3496 4771 imperatore.
3540 4697 3768 4755 Totilae
3803 4700 4186 4771 exasperatio
4222 4700 4280 4755 in
4313 4717 4522 4755 servos

696 4796 828 4851 Dei.
860 4796 1028 4851 Finis
1050 4796 1211 4851 Laus
1233 4796 1384 4851 Deo.
1419 4794 1580 4851 1475
1607 4794 1681 4850 12
1707 4793 1921 4867 aprilis
1949 4796 2214 4851 Tarvisii.
2249 4795 2316 4851 G.
2348 4796 2409 4851 F.
2444 4793 2605 4864 (cioè
2632 4794 2986 4851 Gherardus
3010 4794 3085 4851 de
3110 4796 3162 4850 F
3163 4793 3449 4864 landria).

698 4891 839 4947 Non
871 4889 1009 4947 avvi
1043 4890 1188 4947 altra
1218 4889 1443 4947 varietà
1472 4898 1559 4947 tra
1589 4889 2005 4964 quest’ultimo
2038 4908 2071 4947 e
2103 4889 2146 4946 il
2176 4890 2553 4964 precedente,
2590 4908 2653 4947 se
2685 4908 2808 4947 non
2839 4890 3086 4947 l’errore
3117 4890 3192 4947 de
3226 4892 3493 4947 terminis
3525 4890 3937 4964 correggendo
3969 4890 4044 4947 de
4078 4892 4299 4957 termis,
4333 4889 4377 4946 il
4409 4889 4521 4947 che

698 4985 1175 5060 maggiormente
1207 4986 1443 5043 sembra
1470 4985 1846 5043 confermare
1875 4985 1986 5043 che
2015 4985 2201 5060 quelli
2232 5004 2413 5043 senza
2440 4986 2577 5043 data
2606 5004 2784 5060 sopra
2811 4985 2973 5043 citati
3004 4985 3172 5043 sieno
3203 4985 3499 5043 anteriori:
3535 5004 3598 5043 se
3626 5004 3702 5043 ne
3729 4985 4166 5060 pubblicarono
4195 4985 4257 5042 in
4287 4985 4520 5060 seguito

699 5080 842 5155 ogni
868 5089 1197 5148 momento,
1226 5099 1259 5138 e
1287 5080 1336 5138 si
1360 5080 1676 5138 riunivano
1705 5080 1760 5138 ai
1786 5080 2004 5138 libretti
2030 5081 2188 5138 delle
2213 5080 2574 5155 indulgenze
2601 5080 2855 5138 ﬁntanto
2882 5080 2993 5138 che
3018 5082 3352 5138 Francesco
3379 5080 3693 5138 Albertino
3721 5080 3786 5138 fu
3810 5080 3854 5137 il
3878 5080 4074 5155 primo
4102 5099 4136 5138 a
4162 5080 4461 5155 separarli,
4490 5099 4523 5138 e

699 5176 1027 5234 vendicarli
1070 5177 1228 5234 dalle
1272 5177 1557 5234 stoltezze
1598 5176 1852 5234 ridicole
1894 5176 1955 5234 di
1997 5176 2094 5234 cui
2135 5195 2242 5251 per
2282 5176 2514 5251 volgari
2554 5176 2885 5251 pregiudizj
2933 5195 3113 5234 erano
3154 5176 3386 5251 ripieni.
3431 5178 3479 5233 E
3522 5176 3717 5251 questi
3760 5176 3978 5234 libretti
4020 5195 4200 5234 erano
4243 5176 4522 5251 impressi

699 5272 1268 5330 cumulativamente
1304 5273 1402 5330 nel
1437 5272 1609 5330 titolo
1644 5272 1962 5330 Mirabilia
2000 5284 2058 5330 et
2093 5272 2504 5346 indulgentiae
2542 5273 2708 5330 urbis
2741 5275 2990 5340 Romae,
3029 5291 3204 5330 come
3240 5272 3472 5347 leggesi
3508 5272 3570 5329 in
3605 5291 3686 5330 un
3722 5273 4055 5347 esemplare
4093 5281 4387 5347 stampato
4424 5273 4522 5330 dal

698 5369 894 5426 Blado
929 5387 963 5426 a
996 5387 1170 5443 spese
1203 5368 1264 5426 di
1296 5368 1663 5426 Mazocchio
1698 5369 2012 5426 coll’arme
2046 5368 2107 5426 di
2140 5370 2308 5426 Leon
2340 5370 2397 5425 X
2428 5387 2602 5443 papa,
2639 5369 2774 5426 vale
2808 5387 2842 5426 a
2873 5368 2999 5426 dire
3032 5369 3192 5426 nella
3226 5369 3490 5426 seconda
3521 5368 3761 5426 diecina
3792 5368 3952 5426 circa
3983 5369 4081 5426 del
4113 5370 4258 5426 XVI
4294 5369 4518 5426 secolo.

699 5464 1129 5539 Copiosissimi
1158 5464 1427 5522 divenuti
1455 5465 1697 5539 dunque
1725 5465 1823 5522 nel
1850 5464 2148 5539 principio
2177 5465 2275 5522 del
2310 5464 2466 5522 1500
2493 5465 2593 5539 pel
2621 5483 2917 5522 concorso
2946 5464 3044 5522 dei
3073 5464 3387 5532 forestieri,
3416 5483 3523 5539 per
3549 5465 3607 5522 la
3634 5464 3863 5522 facilità
3889 5465 4049 5522 della
4078 5473 4326 5539 stampa,
4357 5483 4390 5522 e
4416 5483 4523 5539 per

699 5560 759 5617 lo
795 5560 1113 5634 splendore
1146 5559 1257 5617 che
1291 5560 1447 5617 andò
1478 5559 1923 5634 riacquistando
1956 5561 2153 5617 Roma
2186 5568 2376 5617 stessa
2409 5568 2564 5617 sotto
2597 5559 2617 5616 i
2650 5559 2873 5617 celebri
2904 5559 3243 5634 pontificati
3276 5559 3337 5617 di
3371 5559 3596 5627 Giulio,
3632 5578 3665 5617 e
3698 5559 3758 5617 di
3790 5561 4012 5627 Leone,
4048 5560 4344 5617 durarono
4376 5560 4522 5634 però

699 5656 1083 5730 lungamente
1110 5656 1185 5713 ad
1210 5674 1409 5713 essere
1435 5655 1676 5713 confusi
1703 5655 1801 5713 coi
1827 5655 2101 5713 libercoli
2127 5655 2271 5713 detti
2296 5656 2376 5713 da
2399 5658 2712 5723 Istoriaro,
2741 5674 2778 5713 o
2805 5656 2983 5713 vendi
3010 5658 3215 5713 istorie
3242 5655 3303 5713 di
3329 5655 3426 5713 cui
3452 5674 3632 5713 erano
3660 5655 3997 5713 avidissimi
4022 5655 4042 5712 i
4066 5655 4383 5730 pellegrini
4409 5655 4521 5713 che

699 5751 1036 5809 visitavano
1087 5751 1107 5808 i
1161 5752 1439 5826 santuarj;
1493 5770 1526 5809 e
1577 5751 1772 5826 questi
1823 5751 2041 5809 libretti
2091 5760 2421 5826 portavano
2472 5751 2492 5808 i
2543 5751 2697 5809 titoli
2749 5751 2810 5809 di
2858 5751 3279 5825 Indulgentiae
3332 5751 3729 5809 ecclesiarum
3781 5752 3947 5809 urbis
3995 5754 4239 5809 Romae.
4295 5752 4521 5809 Modus

699 5848 1042 5921 confitencli.
1104 5850 1454 5905 Divisiones
1510 5848 1720 5905 decem
1776 5850 2102 5905 nationum.
2170 5849 2496 5905 Orationes
2553 5849 2604 5905 S.
2666 5850 2974 5921 Brigittae.
3042 5847 3271 5905 Tabula
3329 5850 3634 5905 cristiana.
3702 5849 4060 5921 Conjuratio
4117 5847 4522 5921 malignorum

698 5946 1027 6017 spirituum.
1057 5946 1406 6017 Descriptio
1431 5944 1646 6001 domus
1668 5946 2052 6001 Lauretanae
2079 5955 2184 6001 etc.
2218 5955 2323 6001 etc.

698 6041 808 6097 Ma
833 6040 866 6097 e
891 6039 996 6114 più
1025 6039 1324 6114 singolare
1351 6039 1625 6097 l’unione
1652 6039 1891 6097 curiosa
1916 6039 2014 6097 dei
2040 6039 2462 6097 memorabilia
2491 6039 2546 6097 ai
2573 6039 2880 6097 mirabilia
2905 6042 3135 6097 Romae
3163 6058 3338 6097 come
3366 6039 3647 6097 abbiamo
3674 6039 3737 6096 in
3761 6039 3866 6114 più
3893 6039 4102 6114 luoghi
4129 6048 4458 6107 osservato,
4488 6058 4521 6097 e

700 6153 734 6192 a
758 6143 962 6192 nostro
991 6134 1128 6209 agio
1154 6143 1364 6209 potuto
1390 6134 1774 6192 riconoscere
1801 6134 2277 6209 maggiormente
2304 6135 2464 6192 nella
2487 6135 2647 6192 reale
2674 6153 2707 6192 e
2733 6134 3112 6192 ricchissima
3136 6134 3478 6192 Biblioteca
3503 6134 3564 6192 di
3590 6136 3860 6192 Monaco
3888 6153 4004 6192 ove
4031 6134 4087 6192 ci
4114 6135 4147 6192 e
4176 6143 4326 6192 stato
4355 6134 4524 6192 forza

699 6231 1097 6288 l’ammettere
1128 6230 1478 6288 l’esistenza
1507 6230 1568 6288 di
1597 6230 1878 6305 parecchi
1909 6230 2211 6305 xylografi
2243 6230 2432 6288 anche
2464 6230 2636 6288 molti
2668 6230 2806 6288 anni
2838 6231 3001 6305 dopo
3033 6231 3194 6288 l’uso
3226 6230 3712 6305 divulgatissimo
3745 6231 3903 6288 delle
3936 6239 4166 6305 stampe
4196 6230 4259 6287 in
4289 6230 4521 6288 torchio

699 6326 797 6384 coi
829 6326 1056 6384 metodi
1087 6326 1149 6383 in
1180 6345 1292 6384 uso
1326 6327 1381 6384 al
1411 6335 1703 6401 presente.
1739 6326 1984 6384 Piacerà
2013 6335 2211 6384 trovar
2241 6326 2343 6401 qui
2373 6326 2658 6401 riportato
2692 6327 2866 6384 alcun
2900 6326 3175 6401 squarcio
3208 6335 3449 6384 estratto
3482 6327 3644 6384 dallo
3679 6335 3871 6384 stesso
3902 6326 4070 6401 regio
4101 6326 4520 6384 bibliotecario

701 6422 808 6497 sig.
850 6422 1101 6480 Scherer
1135 6423 1212 6480 da
1245 6441 1325 6480 un
1359 6422 1678 6497 xylografo
1716 6422 1827 6480 che
1861 6431 2033 6497 porta
2067 6423 2279 6480 l’arme
2315 6422 2376 6480 di
2413 6422 2619 6480 Giulio
2655 6424 2708 6479 II
2744 6423 2842 6480 col
2877 6422 3155 6497 triregno,
3194 6441 3227 6480 e
3263 6423 3379 6480 due
3414 6422 3636 6497 targhe,
3675 6423 3843 6480 l’una
3877 6423 4035 6480 colle
4071 6422 4288 6490 chiavi,
4327 6423 4524 6480 l’altra

2171 6657 2347 6694 WWW.
2358 6637 2734 6710 memofonte.
2748 6639 2791 6694 it
