4958 7017
1981 864 2366 922 Fondazione
2390 838 2775 922 Memofonte
2800 865 2976 922 onlus

1390 960 1600 1018 Studio
1624 979 1731 1035 per
1754 960 2226 1018 l’elaborazione
2250 960 2632 1018 informatica
2655 961 2813 1018 delle
2838 960 2991 1018 fonti
3018 960 3571 1018 storico—artistiche

2289 1344 2670 1401 MDCCLXI

473 1440 655 1497 4417.
682 1441 901 1507 REMY,
929 1440 1261 1514 Catalogue
1286 1440 1392 1497 des
1418 1439 1597 1497 effets
1623 1439 1870 1497 curieux
1894 1440 1974 1497 du
1999 1439 2255 1497 Cabinet
2278 1440 2353 1497 de
2377 1441 2465 1497 M.
2496 1440 2674 1507 Selle,
2701 1439 2763 1496 in
2790 1440 2843 1507 8,
2870 1439 3033 1497 Paris
3066 1439 3240 1507 1761,
3268 1442 3367 1497 coi
3382 1442 3601 1513 prezzi.

2275 1632 2684 1689 MDCCLXII

473 1727 655 1784 4418.
684 1728 902 1783 HELLE
927 1735 985 1784 et
1009 1728 1228 1794 REMY,
1257 1727 1589 1801 Catalogue
1615 1727 1801 1784 d’une
1826 1727 1942 1784 trés
1967 1727 2127 1784 belle
2153 1726 2478 1784 collection
2504 1727 2579 1784 de
2603 1727 2858 1784 bronzes
2885 1735 2943 1784 et
2968 1735 3160 1784 autres
3187 1726 3502 1784 curiosités
3529 1727 3609 1784 du
3633 1728 3767 1784 Duc
3794 1727 3869 1784 de
3897 1727 4085 1801 Sully,
4113 1726 4276 1784 Paris
4310 1726 4484 1794 1762,

698 1822 760 1879 in
791 1823 881 1880 12.

473 2015 655 2073 4419.
700 2016 918 2071 HELLE
959 2023 1017 2072 et
1056 2016 1275 2082 REMY,
1320 2015 1652 2089 Catalogue
1694 2015 1879 2072 d’une
1921 2014 2246 2072 collection
2287 2015 2362 2072 de
2404 2014 2695 2082 desseins,
2739 2015 3018 2072 tableaux
3059 2023 3117 2072 et
3157 2023 3457 2089 estampes
3501 2015 3581 2072 du
3622 2014 3878 2072 Cabinet
3918 2015 3993 2072 de
4034 2016 4122 2072 M.
4167 2015 4488 2089 Manglard

697 2110 944 2185 peintre,
971 2110 1134 2168 Paris
1167 2110 1341 2178 1762,
1368 2110 1430 2167 in
1457 2111 1509 2168 8.

473 2302 655 2359 4420.
685 2303 904 2369 REMY,
935 2302 1267 2376 Catalogue
1293 2301 1572 2359 raisonné
1600 2302 1706 2359 des
1734 2302 2031 2369 tableaux,
2060 2301 2480 2376 porcellaines,
2509 2301 2720 2376 bijoux
2747 2302 2827 2359 du
2854 2301 3111 2359 Cabinet
3137 2302 3212 2359 de
3239 2303 3327 2359 M.
3360 2301 3629 2359 Gaillard
3656 2302 3731 2359 de
3760 2302 3993 2376 Gagny,
4023 2301 4186 2359 Paris
4222 2301 4397 2369 1762,
4427 2301 4489 2358 in

706 2398 797 2465 12,
825 2400 1158 2471 coiprezzi.

2261 2590 2698 2647 MDCCLXIII

473 2686 655 2743 4421.
683 2687 901 2742 HELLE
925 2694 983 2743 et
1006 2687 1225 2753 REMY,
1253 2686 1585 2760 Catalogue
1610 2685 1860 2743 d’effets
1886 2685 2132 2743 curieux
2156 2686 2237 2743 du
2261 2685 2518 2743 Cabinet
2541 2686 2616 2743 de
2640 2687 2728 2743 M.
2757 2685 3015 2753 Hennin,
3042 2685 3205 2743 Paris
3238 2685 3412 2753 1763,
3439 2685 3500 2742 in
3531 2686 3621 2743 12.

479 2878 557 2951 [p.
586 2876 729 2946 295]

473 3069 655 3126 4422.
684 3070 1026 3136 JOULLAIN,
1057 3069 1390 3143 Catalogue
1417 3069 1524 3126 des
1552 3068 1843 3136 desseins,
1872 3069 2170 3136 tableaux,
2200 3077 2520 3143 estampes,
2548 3069 2823 3136 bronzes,
2853 3077 2911 3126 et
2936 3068 3115 3126 livres
3144 3069 3224 3126 du
3251 3068 3507 3126 Cabinet
3533 3069 3608 3126 de
3634 3070 3722 3126 M.
3752 3070 3826 3126 D.
3862 3069 3995 3136 ***,
4024 3068 4187 3126 Paris
4222 3068 4397 3136 1763,
4426 3068 4488 3125 in

702 3165 754 3222 8.

473 3356 655 3413 4423.
684 3357 952 3423 PICARD,
982 3364 1040 3413 et
1067 3356 1311 3430 Glorny,
1342 3356 1675 3430 Catalogue
1701 3355 1981 3413 raisonné
2008 3356 2114 3413 des
2144 3355 2407 3423 fossiles,
2437 3355 2752 3430 coquilles,
2783 3355 3111 3423 mineraux,
3140 3355 3383 3430 pierres,
3413 3355 3727 3423 diamants,
3757 3364 3868 3413 etc.
3899 3356 3979 3413 du
4006 3355 4263 3413 Cabinet
4288 3356 4369 3413 du
4394 3357 4482 3413 M.

698 3452 1000 3519 Barbault,
1027 3451 1190 3509 Paris
1223 3451 1397 3519 1763,
1424 3451 1486 3508 in
1517 3452 1606 3509 12.

2259 3644 2700 3701 MDCCLXIV

473 3740 655 3797 4424.
688 3741 906 3807 REMY,
939 3740 1271 3814 Catalogue
1302 3740 1487 3797 d’une
1518 3739 1843 3797 collection
1872 3740 1947 3797 de
1976 3740 2092 3797 très
2121 3740 2319 3797 beaux
2348 3740 2644 3807 tableaux,
2677 3739 2969 3807 desseins,
3002 3748 3060 3797 et
3088 3748 3389 3814 estampes
3420 3740 3662 3814 d’après
3693 3740 3749 3797 le
3779 3740 3959 3797 décés
3990 3740 4065 3797 de
4094 3741 4182 3797 M.
4218 3740 4275 3797 S.
4308 3741 4378 3797 B.
4412 3740 4487 3797 de

698 3835 889 3903 Trois,
916 3835 1079 3893 Paris
1112 3835 1286 3903 1764,
1312 3835 1374 3892 in
1405 3836 1495 3893 12.

473 4026 655 4084 4425.
682 4028 776 4084 De
801 4027 859 4084 la
881 4028 1057 4094 LIVE,
1085 4027 1418 4101 Catalogue
1442 4026 1772 4101 historique
1797 4027 1877 4084 du
1901 4026 2158 4084 Cabinet
2181 4027 2256 4084 de
2279 4026 2569 4101 peinture,
2597 4035 2655 4084 et
2680 4027 2936 4084 sculture
2962 4026 3276 4101 francaise,
3303 4026 3466 4084 Paris
3499 4026 3673 4084 1764.

698 4124 746 4179 E
771 4123 848 4180 da
871 4122 1199 4180 osservarsi
1223 4122 1266 4179 il
1289 4122 1513 4180 ritratto
1539 4123 1896 4180 dell’autore
1921 4122 2235 4197 disegnato
2261 4123 2338 4180 da
2361 4122 2598 4180 Cochin
2621 4122 2664 4179 il
2690 4122 2884 4197 figlio,
2912 4123 2988 4180 ed
3011 4122 3205 4180 inciso
3231 4123 3308 4180 da
3331 4122 3414 4180 lui
3441 4131 3651 4180 stesso.

2259 4315 2700 4372 MDCCLXVI

473 4410 655 4468 4426.
683 4407 901 4467 HELLÉ
925 4419 983 4468 et
1007 4411 1252 4485 Glorny,
1280 4411 1613 4485 Catalogue
1636 4410 1916 4468 raisonné
1941 4411 2047 4468 des
2073 4410 2387 4468 differents
2413 4410 2593 4468 effets
2619 4410 2866 4468 curieux
2890 4411 2970 4468 du
2995 4410 3251 4468 Cabinet
3274 4411 3349 4468 de
3373 4412 3461 4468 M.
3489 4410 3707 4485 Bailly,
3734 4410 3897 4468 Paris
3930 4410 4104 4478 1766,
4131 4410 4193 4467 in
4220 4411 4272 4468 8.

473 4602 655 4659 4427.
695 4603 913 4669 REMY,
953 4602 1285 4676 Catalogue
1323 4602 1398 4659 de
1434 4602 1714 4659 tableaux
1750 4602 1825 4659 de
1862 4601 2177 4659 differents
2213 4602 2367 4659 bons
2406 4601 2646 4659 maitres
2684 4602 2759 4659 de
2795 4601 2939 4659 trois
2977 4602 3180 4659 ecoles
3220 4602 3390 4676 après
3428 4602 3484 4659 le
3522 4602 3702 4659 décés
3740 4602 3815 4659 de
3851 4603 3939 4659 M.
3979 4603 4063 4659 Le
4100 4601 4373 4676 Marquis
4412 4602 4487 4659 de

698 4697 944 4755 Villette
967 4698 1127 4772 pere,
1154 4697 1317 4755 Paris
1350 4697 1523 4755 1766.

473 4890 655 4947 4428.
687 4891 906 4957 REMY,
939 4890 1271 4964 Catalogue
1301 4890 1376 4947 de
1405 4890 1684 4947 tableaux
1713 4889 2029 4964 originaux
2058 4890 2133 4947 de
2163 4889 2477 4947 differents
2509 4889 2748 4947 maitres
2779 4890 2854 4947 de
2883 4891 3005 4947 Feu
3033 4891 3121 4947 M.
3155 4890 3213 4947 la
3240 4889 3552 4964 Marquise
3582 4890 3657 4947 de
3686 4890 4080 4964 Pampadour,
4112 4889 4275 4947 Paris
4313 4889 4485 4957 1766,

699 4987 800 5043 ca’
819 4988 1038 5059 prezzi.

473 5177 655 5235 4429.
682 5178 901 5244 REMY,
929 5177 1261 5251 Catalogue
1284 5176 1564 5234 raisonné
1589 5177 1695 5234 des
1721 5176 2035 5234 curiosités
2061 5177 2141 5234 du
2165 5176 2422 5234 Cabinet
2445 5177 2521 5234 de
2545 5177 2712 5234 Mad.
2740 5176 2976 5234 Dubois
3001 5176 3303 5244 Jourdain,
3330 5176 3493 5234 Paris
3525 5176 3699 5244 1766,
3726 5196 3876 5234 avec
3892 5179 4047 5250 prix.

473 5369 655 5426 4430.
686 5370 905 5436 REMY,
936 5369 1268 5443 Catalogue
1297 5369 1403 5426 des
1432 5369 1712 5426 tableaux
1740 5369 1815 5426 de
1843 5368 1987 5426 trois
2017 5369 2239 5436 écoles,
2270 5377 2451 5426 terres
2481 5368 2687 5436 cuites,
2719 5377 3038 5443 estampes,
3070 5377 3180 5426 etc.
3213 5369 3293 5426 du
3321 5368 3578 5426 Cabinet
3605 5369 3680 5426 de
3708 5370 3796 5426 M.
3828 5369 3908 5426 du
3940 5369 3990 5436 *,
4021 5368 4184 5426 Paris
4221 5368 4396 5436 1766,
4426 5368 4488 5425 in

702 5465 754 5522 8.

473 5656 655 5713 4431.
682 5657 901 5723 REMY,
929 5656 1261 5730 Catalogue
1284 5655 1564 5713 raisonné
1589 5656 1695 5713 des
1721 5655 2035 5713 curiosités
2061 5656 2141 5713 du
2165 5655 2422 5713 Cabinet
2445 5656 2526 5713 du
2549 5656 2716 5713 Mad.
2745 5656 2825 5713 du
2848 5655 3084 5713 Dubois
3109 5655 3411 5723 Jourdain,
3438 5655 3601 5713 Paris
3634 5655 3809 5723 1766,
3836 5655 3898 5712 in
3929 5656 4018 5713 12.

473 5848 655 5905 4432.
689 5849 907 5915 REMY,
941 5848 1274 5922 Catalogue
1303 5847 1583 5905 raisonné
1615 5848 1690 5905 de
1720 5848 2000 5905 tableaux
2030 5848 2105 5905 de
2136 5847 2428 5905 differens
2459 5848 2613 5905 bons
2645 5847 2885 5905 maitres
2917 5848 3024 5905 des
3055 5847 3199 5905 trois
3231 5848 3454 5915 écoles,
3489 5848 3569 5905 du
3600 5847 3856 5905 Cabinet
3886 5848 3961 5905 de
3991 5849 4079 5905 M.
4114 5848 4290 5915 Avet,
4323 5847 4486 5905 Paris

706 5943 881 6011 1766,
907 5943 969 6000 in
1000 5944 1091 6011 12,
1119 5946 1452 6017 coiprezzi.

2245 6135 2714 6192 MDCCLXVII

473 6231 655 6288 4433.
682 6232 932 6298 BASAN,
961 6231 1294 6305 Catalogue
1319 6231 1425 6288 des
1451 6239 1751 6305 estampes
1778 6231 2027 6305 gravées
2053 6231 2293 6305 d’après
2318 6231 2583 6298 Rubens,
2610 6230 2773 6288 Paris
2806 6230 2981 6298 1767,
3008 6230 3070 6287 in
3097 6231 3149 6288 8.

697 6362 780 6366 —
804 6327 901 6384 On
925 6346 963 6401 y
988 6345 1022 6384 a
1037 6326 1196 6401 joint
1219 6327 1275 6384 le
1300 6327 1615 6401 catalogue
1640 6327 1715 6384 de
1741 6327 2014 6384 l’oeuvre
2039 6327 2114 6384 de
2139 6326 2444 6384 Corneille
2467 6326 2794 6394 Wisscher,
2822 6335 2880 6384 et
2903 6327 3175 6384 l’oeuvre
3200 6327 3275 6384 de
3299 6328 3554 6401 Jacques
3579 6327 3847 6384 Jordans.

2171 6657 2347 6694 WWW.
2358 6637 2734 6710 memofonte.
2748 6639 2766 6694 i
2770 6648 2791 6694 t
