4958 7017
1981 864 2366 922 Fondazione
2390 838 2775 922 Memofonte
2800 865 2976 922 onlus

1390 960 1600 1018 Studio
1624 979 1731 1035 per
1754 960 2226 1018 l’elaborazione
2250 960 2632 1018 informatica
2655 961 2813 1018 delle
2838 960 2991 1018 fonti
3018 960 3571 1018 storico—artistiche

483 1251 690 1320 1826.
740 1253 1092 1320 WERNER
1134 1251 1449 1333 Samuel,
1498 1251 1864 1320 Judicium
1909 1251 2225 1320 veterani
2273 1251 2362 1320 de
2409 1251 2691 1341 capillis
2738 1251 3132 1341 peregrinis
3181 1262 3250 1320 et
3296 1251 3623 1320 ascititiis
3671 1251 3989 1320 maxime
4036 1251 4484 1333 clericorum,

712 1366 1179 1456 Regiomonti
1218 1366 1426 1448 1684,
1459 1366 1533 1434 in
1561 1367 1629 1448 4,
1661 1368 1767 1435 M.
1800 1366 1917 1435 45.

483 1578 690 1646 1827.
728 1579 1066 1646 WELLER
1095 1577 1352 1667 Singer
1386 1577 1702 1659 Samuel,
1740 1577 2183 1646 Researches
2219 1577 2370 1646 into
2404 1577 2522 1646 the
2555 1577 2830 1667 history
2864 1577 2949 1646 of
2975 1577 3272 1667 playing
3307 1577 3511 1646 cards
3547 1577 3721 1646 with
3755 1577 4221 1646 illustrations
4258 1577 4343 1646 of
4369 1577 4488 1646 the

713 1692 946 1782 origin
976 1692 1061 1761 of
1082 1692 1396 1782 printing
1427 1692 1566 1761 and
1596 1692 1990 1782 engraving
2020 1714 2116 1761 on
2145 1692 2384 1774 wood,
2417 1692 2725 1761 London
2763 1692 2971 1774 1816,
3004 1692 3130 1782 fig.
3164 1692 3238 1760 in
3271 1693 3334 1774 8,
3369 1714 3466 1782 gr.

713 1804 914 1878 Opera
938 1803 1277 1861 dottissima
1301 1822 1334 1861 e
1360 1803 1751 1861 interessante
1777 1822 1894 1861 con
1919 1803 2090 1861 molti
2103 1804 2215 1877 fac
2240 1803 2435 1861 simile
2462 1803 2523 1861 di
2550 1812 2827 1861 accurato
2853 1803 3103 1878 intaglio
3129 1803 3191 1860 in
3215 1822 3379 1861 rame
3405 1804 3481 1861 ed
3505 1803 3568 1860 in
3593 1804 3793 1878 legno,
3822 1803 4105 1861 collocati
4131 1803 4221 1861 fra
4244 1803 4287 1860 il
4312 1812 4484 1871 testo,

711 1899 883 1957 molti
908 1899 1006 1957 dei
1031 1899 1193 1974 quali
1220 1899 1496 1974 stampati
1520 1899 1583 1956 in
1607 1908 1768 1957 carta
1791 1900 1951 1957 della
1974 1899 2185 1957 China.

487 2115 694 2183 1828.
730 2116 992 2183 WOOD
1019 2114 1227 2196 John,
1261 2115 1380 2182 An
1413 2136 1624 2204 essay
1656 2114 1971 2183 fowards
2008 2136 2048 2183 a
2079 2114 2519 2204 description
2552 2114 2637 2183 of
2660 2114 2835 2183 batti
2868 2114 2942 2182 in
2974 2114 3138 2183 four
3167 2125 3400 2204 partes
3435 2115 3479 2182 2
3513 2114 3683 2196 vol.,
3719 2114 4025 2183 London
4066 2115 4274 2196 1749,
4310 2114 4384 2182 in
4420 2115 4483 2196 8,

712 2229 921 2319 figur.

487 2441 694 2510 1829.
727 2442 1087 2522 ZOMPINI,
1115 2442 1216 2509 Le
1247 2440 1396 2522 arti,
1430 2440 1564 2509 che
1593 2462 1832 2509 vanno
1861 2462 1987 2530 per
2015 2440 2135 2509 via
2162 2440 2354 2509 nella
2382 2440 2552 2509 città
2580 2440 2652 2509 di
2682 2440 3007 2509 Venezia
3034 2440 3396 2509 inventate
3426 2440 3517 2509 ed
3545 2440 3795 2522 incise,
3837 2441 4045 2522 1789,
4078 2440 4152 2508 in
4181 2440 4308 2509 fol.

714 2552 838 2609 Son
862 2552 1063 2609 tavole
1088 2552 1187 2619 40,
1215 2570 1337 2609 non
1362 2570 1681 2626 compreso
1707 2551 1751 2608 il
1777 2551 2170 2626 frontespizio
2197 2551 2456 2626 figurato
2483 2570 2516 2609 e
2542 2552 2825 2619 l’elenco,
2854 2552 2910 2609 le
2936 2551 3098 2626 quali
3124 2551 3341 2609 furono
3367 2551 3558 2609 incise
3584 2570 3701 2609 con
3727 2570 3871 2626 gran
3896 2551 4177 2609 maestria
4201 2570 4234 2609 e
4260 2551 4489 2609 facilità

710 2646 1050 2721 pittoresca:
1092 2646 1374 2704 divenute
1409 2646 1731 2714 rarissime,
1769 2646 1989 2721 poiché
2026 2647 2082 2704 le
2119 2646 2341 2704 lamine
2378 2646 2665 2721 disperse,
2705 2665 2742 2704 o
2780 2646 3108 2704 convertite
3146 2647 3221 2704 ad
3258 2647 3405 2704 altro
3442 2665 3553 2704 uso
3590 2665 3712 2704 non
3748 2665 3823 2704 ne
3859 2646 4119 2704 tirarono
4157 2646 4268 2704 che
4303 2646 4486 2721 pochi

712 2742 1048 2817 esemplari.
1076 2744 1164 2800 M.
1200 2742 1332 2800 105.

2171 6657 2347 6694 WWW.
2358 6637 2734 6710 memofonte.
2748 6639 2791 6694 il
