4958 7017
1981 864 2366 922 Fondazione
2390 864 2775 922 Memofonte
2800 865 2976 922 onlus

1390 960 1600 1018 Studio
1624 979 1731 1035 per
1754 960 2226 1018 l’elaborazione
2250 960 2632 1018 informatica
2655 961 2813 1018 delle
2838 960 2991 1018 fonti
3018 960 3571 1018 storico—artistiche

479 1345 557 1418 [p.
586 1343 729 1413 215]

476 1535 655 1593 3854.
686 1537 780 1593 De
807 1537 1017 1593 ROMA
1040 1535 1255 1610 prisca,
1286 1544 1344 1593 et
1370 1554 1546 1593 nova.
1577 1535 1745 1593 Varii
1774 1544 2045 1593 auctores
2073 1544 2249 1610 prout
2274 1535 2337 1592 in
2366 1535 2638 1610 seguenti
2664 1536 2905 1610 pagella
2931 1554 3173 1593 cernere
3201 1544 3307 1603 est,
3337 1535 3510 1603 idest,
3541 1535 3843 1593 Francisci
3871 1535 4186 1603 Albertini,
4216 1537 4310 1593 De
4338 1536 4483 1593 urbe

698 1633 910 1689 Roma.
940 1633 1001 1689 P.
1031 1631 1314 1699 Victoris,
1344 1633 1438 1689 De
1463 1631 1812 1706 regionibus
1840 1631 2002 1689 urbis
2030 1633 2279 1689 Romae.
2310 1631 2547 1699 Vibius,
2577 1632 2652 1689 de
2680 1631 3035 1689 fluminibus
3064 1640 3174 1689 etc.
3205 1640 3263 1689 et
3289 1632 3364 1689 de
3391 1631 3641 1706 origine,
3673 1631 3806 1699 situ,
3836 1640 3894 1689 et
3920 1631 4202 1706 qualitate
4229 1633 4479 1689 Romae.

698 1726 1018 1801 Pomponii
1046 1726 1194 1794 Leti,
1223 1728 1317 1784 De
1346 1735 1637 1784 vetustate
1664 1726 1845 1784 urbis.
1875 1726 2131 1784 Fabricii
2157 1726 2399 1794 Varani,
2428 1728 2522 1784 De
2549 1727 2694 1784 urbe
2721 1728 2918 1784 Roma
2944 1727 3331 1784 collectanea.
3362 1726 3686 1801 Raphaelis
3715 1726 4109 1794 Volaterrani,
4138 1726 4481 1801 Descriptio

698 1822 860 1880 urbis
900 1824 1149 1880 Romae.
1192 1822 1451 1880 Flavius.
1494 1822 1704 1880 Rutilii
1745 1822 1985 1880 Claudii
2024 1822 2353 1890 Numantii,
2395 1824 2621 1880 Poema
2659 1822 2756 1880 cui
2795 1822 3018 1880 titulus:
3062 1822 3450 1880 Itinerarium.
3494 1822 3795 1880 Laurentii
3834 1823 4066 1890 Vallae,
4109 1823 4369 1880 Carmen
4408 1823 4483 1880 de

698 1918 879 1976 natali
902 1918 1127 1993 patriae
1154 1937 1313 1976 suae.
1342 1927 1400 1976 et
1422 1919 1752 1986 Volaterra,
1779 1918 1919 1976 inde
1944 1918 2175 1993 origine
2200 1918 2362 1976 urbis
2386 1937 2623 1993 poema.
2651 1920 2901 1986 Romae,
2929 1937 3005 1976 ex
3030 1918 3278 1976 aedibus
3303 1918 3684 1986 Mazzocchi,
3719 1918 3894 1986 1514,
3920 1918 3982 1975 in
4005 1919 4061 1976 4.

697 2050 780 2054 —
802 2014 1029 2072 Addito
1055 2014 1347 2072 Antonini
1371 2014 1544 2072 Ponti
1569 2014 1925 2072 Consentini
1950 2014 2404 2089 Rhomitypion,
2431 2016 2682 2082 Romae,
2708 2033 2815 2089 per
2837 2014 3172 2072 Antonium
3194 2015 3473 2082 Bladum,
3508 2014 3682 2072 1524.

708 2111 935 2182 Questa
979 2110 1317 2168 collezione
1363 2110 1655 2168 d’antichi
1703 2110 1956 2168 scrittori
2001 2110 2062 2168 di
2108 2110 2392 2168 antichità
2433 2129 2681 2168 romane
2727 2129 2760 2168 e
2803 2129 2933 2168 rara
2977 2129 3011 2168 a
3053 2110 3322 2178 trovarsi,
3371 2111 3447 2168 ed
3490 2110 4073 2168 interessantissima.
4121 2110 4280 2168 Vedi
4325 2111 4523 2168 l’altra

707 2206 1045 2264 collezione
1064 2208 1502 2280 Antiquitatum
1527 2209 1832 2264 variamm
1856 2218 2158 2274 auctores,
2186 2206 2297 2264 che
2322 2207 2485 2281 dopo
2510 2215 2720 2281 questa
2745 2225 3004 2281 apparve
3028 2206 3090 2263 in
3113 2206 3384 2264 Venezia
3407 2207 3505 2264 nel
3537 2206 3711 2264 1552.

476 2397 655 2455 3855.
683 2399 893 2455 ROMA
916 2397 1127 2465 antica,
1156 2416 1189 2455 e
1214 2398 1523 2465 moderna;
1551 2397 1715 2455 ossia
1738 2416 1940 2455 nuova
1964 2397 2339 2455 descrizione
2364 2397 2425 2455 di
2450 2397 2581 2455 tutti
2607 2397 2690 2472 gli
2717 2397 2939 2455 antichi
2964 2397 3173 2455 edifici
3198 2397 3490 2465 moderni,
3521 2397 3690 2465 sacri,
3718 2416 3751 2455 e
3774 2397 4013 2472 profani
4038 2416 4156 2455 con
4180 2398 4301 2455 200
4327 2416 4360 2455 e
4383 2397 4488 2472 più

699 2493 893 2568 figure
932 2493 994 2550 in
1031 2512 1215 2561 rame;
1257 2493 1300 2550 il
1339 2502 1488 2551 tutto
1528 2502 1741 2551 cavato
1781 2494 1879 2551 dal
1917 2493 2201 2561 Baronio,
2242 2495 2461 2561 Bosso,
2502 2493 2771 2561 Nardini,
2814 2493 3059 2561 Grevio,
3101 2494 3177 2551 ed
3216 2493 3345 2551 altri
3384 2493 3626 2551 classici
3666 2493 3874 2561 autori,
3914 2512 4124 2568 presso
4164 2493 4484 2561 Roisecco,

698 2591 911 2657 Roma,
946 2589 1121 2657 1765,
1149 2590 1268 2647 vol.
1299 2590 1353 2657 3,
1381 2589 1485 2664 fig.

700 2686 1104 2760 Quest’opera
1130 2704 1299 2743 serve
1324 2685 1756 2743 notabilmente
1783 2704 1817 2743 a
1841 2685 1938 2743 chi
1963 2704 2085 2743 non
2112 2685 2200 2743 sia
2225 2685 2446 2743 fornito
2473 2685 2635 2760 degli
2662 2685 2852 2743 autori
2878 2686 2955 2743 da
2979 2685 3076 2743 cui
3102 2685 3318 2743 furono
3344 2694 3512 2743 tratte
3538 2686 3594 2743 le
3619 2685 3861 2753 notizie,
3890 2686 3966 2743 ed
3991 2686 4024 2743 e
4048 2686 4360 2743 bastevole
4384 2704 4490 2760 per

699 2782 839 2839 dare
870 2781 1117 2839 un’idea
1147 2782 1425 2856 generale
1457 2782 1615 2839 delle
1647 2800 1791 2839 cose
1821 2800 2085 2839 romane.
2122 2782 2350 2853 Questa
2380 2782 2413 2839 e
2445 2782 2503 2839 la
2532 2790 2693 2839 terza
2722 2800 2755 2839 e
2785 2781 2890 2856 più
2922 2781 3121 2856 ampia
3151 2781 3447 2849 edizione,
3482 2782 3538 2839 le
3568 2781 3913 2856 precedenti
3945 2782 4204 2839 essendo
4238 2800 4488 2856 apparse

698 2877 796 2934 nel
828 2876 981 2934 1745
1010 2895 1043 2934 e
1075 2876 1248 2934 1750.

476 3068 655 3126 3856.
682 3070 892 3126 ROMA
916 3087 1083 3126 sacra
1107 3068 1318 3136 antica,
1346 3087 1379 3126 e
1404 3069 1710 3126 moderna.
1738 3068 2029 3143 Figurata,
2057 3087 2090 3126 e
2115 3068 2312 3126 divisa
2334 3068 2396 3125 in
2419 3077 2505 3126 tre
2528 3068 2697 3143 parti,
2724 3070 2936 3136 Roma,
2962 3087 3069 3143 per
3091 3068 3360 3126 Antonio
3386 3069 3461 3126 de
3485 3068 3684 3136 Rossi,
3719 3069 3894 3136 1700,
3921 3068 3983 3125 in
4010 3069 4062 3126 8.

700 3165 927 3236 Questa
950 3165 983 3222 e
1008 3183 1126 3222 una
1147 3165 1351 3222 buona
1375 3164 1571 3222 antica
1594 3164 1778 3239 guida
1800 3173 1970 3222 tratta
1993 3183 2026 3222 e
2051 3173 2367 3239 composta
2390 3164 2552 3239 dagli
2579 3164 2834 3222 scrittori
2859 3164 2920 3222 di
2946 3164 3228 3222 antichità
3249 3164 3354 3239 più
3379 3164 3739 3222 accreditati.

476 3355 655 3413 3857.
698 3357 1043 3413 ROMANAE
1083 3355 1513 3430 magnitudinis
1555 3364 1962 3423 monumenta,
2006 3374 2159 3430 quae
2199 3356 2411 3413 urbem
2449 3355 2620 3413 illam
2658 3355 2820 3413 orbis
2862 3355 3190 3423 dominam,
3235 3356 3399 3413 velut
3436 3355 3773 3413 redivivam
3812 3355 4097 3413 exhibent
4134 3355 4483 3430 posteritati,

699 3460 969 3509 veterum
1001 3451 1522 3526 recentiorumque
1560 3451 1908 3509 auctoritate
1942 3452 2209 3526 probata,
2246 3451 2529 3519 restituta,
2568 3452 2644 3509 ed
2680 3460 2869 3519 aucta,
2908 3470 3066 3519 cura,
3107 3451 3461 3526 sumptibus,
3501 3470 3569 3509 ac
3606 3451 3764 3526 typis
3800 3451 4112 3509 Dominici
4148 3452 4223 3509 de
4259 3451 4485 3509 Rubeis

698 3547 943 3605 Joannis
968 3547 1179 3605 Jacobi
1203 3547 1476 3605 haeredis
1503 3548 1578 3605 ad
1601 3548 1895 3622 templum
1920 3548 2173 3605 Sanctae
2197 3547 2430 3605 Mariae
2455 3548 2530 3605 de
2554 3549 2727 3615 Pace,
2754 3549 3004 3615 Romae,
3039 3547 3214 3615 1699,
3241 3547 3303 3604 in
3327 3547 3432 3605 fol.
3461 3548 3603 3615 obl.,
3631 3547 3735 3622 fig.

701 3644 870 3701 Sotto
910 3643 1194 3701 ciascuna
1234 3652 1465 3718 stampa
1502 3643 1780 3718 leggonsi
1820 3644 1876 3701 le
1915 3643 2346 3701 dichiarazioni
2384 3643 2691 3718 intagliate
2736 3645 2814 3718 [p.
2857 3643 3000 3713 216]
3044 3643 3106 3700 in
3142 3662 3324 3701 rame:
3371 3662 3521 3701 sono
3560 3652 3675 3701 tav.
3726 3644 3838 3701 138
3878 3644 4140 3701 raccolte
4178 3643 4240 3700 in
4278 3652 4488 3718 questa

699 3739 1066 3814 calcografia
1095 3758 1128 3797 e
1158 3739 1486 3814 riprodotte
1517 3758 1634 3797 con
1664 3748 1876 3814 questo
1909 3739 2321 3814 frontespizio,
2355 3740 2411 3797 le
2442 3739 2604 3814 quali
2636 3758 2816 3797 erano
2850 3748 2996 3797 state
3027 3739 3352 3814 impiegate
3381 3740 3944 3814 precedentemente
3974 3739 4037 3796 in
4069 3739 4253 3797 simili
4284 3758 4484 3814 opere,

699 3854 874 3893 come
900 3835 1108 3893 vedesi
1133 3836 1291 3893 dalle
1315 3836 1516 3893 tavole
1539 3835 1842 3903 ritoccate,
1870 3854 1903 3893 e
1927 3844 2330 3893 nuovamente
2354 3844 2661 3893 numerate
2685 3854 2792 3910 per
2813 3835 3033 3893 ridurle
3057 3835 3119 3892 in
3143 3844 3355 3910 questo
3381 3835 3607 3893 ordine.

476 4026 655 4084 3858.
689 4028 1049 4084 RONDININI
1078 4026 1408 4101 Philippus,
1443 4028 1537 4084 De
1571 4027 1790 4084 Sancto
1823 4027 2138 4084 Clemente
2169 4028 2347 4101 Papa,
2382 4035 2440 4084 et
2469 4035 2741 4101 martyre,
2776 4027 3026 4101 ejusque
3056 4026 3310 4084 basilica
3339 4026 3402 4083 in
3433 4027 3578 4084 urbe
3609 4028 3859 4094 Romae,
3894 4026 4029 4084 libri
4061 4027 4200 4094 duo,
4234 4028 4485 4094 Romae,

697 4141 804 4197 per
826 4122 1212 4180 Franciscum
1236 4123 1610 4197 Gonzagam,
1645 4122 1820 4190 1706,
1847 4122 1909 4179 in
1932 4123 1988 4180 4.

699 4219 834 4276 Con
866 4227 1097 4293 quattro
1130 4219 1330 4276 tavole
1362 4218 1425 4275 in
1455 4237 1636 4276 rame.
1672 4220 1845 4276 Tutte
1878 4219 1934 4276 le
1967 4237 2148 4293 opere
2181 4219 2279 4276 del
2311 4218 2639 4276 Rondinini
2675 4237 2825 4276 sono
2861 4227 3007 4276 state
3042 4227 3332 4293 stampate
3365 4237 3482 4276 con
3515 4227 3917 4286 accuratezza,
3953 4237 3986 4276 e
4019 4237 4136 4276 con
4166 4218 4486 4276 bellissimi

698 4314 823 4389 tipi.

476 4505 655 4564 3859.
684 4507 1044 4563 RONDININI
1067 4505 1397 4580 Philippus,
1426 4505 1693 4563 Historia
1717 4505 2064 4563 monasterii
2093 4506 2345 4563 Sanctae
2371 4505 2605 4563 Mariae
2631 4514 2689 4563 et
2715 4506 2818 4563 SS.
2847 4505 3093 4563 Joannis
3120 4514 3178 4563 et
3201 4505 3370 4563 Pauli
3396 4506 3471 4563 de
3498 4505 3909 4573 Casuemario,
3938 4507 4188 4573 Romae,
4224 4506 4399 4573 1707,
4427 4505 4489 4562 in

698 4602 755 4669 4,
783 4601 909 4676 fig.,
935 4620 1042 4676 per
1064 4601 1451 4659 Franciscum
1475 4602 1842 4676 Ganzagam.

698 4698 1046 4772 Esemplare
1071 4697 1132 4755 di
1157 4697 1373 4755 dedica
1395 4697 1457 4754 in
1481 4716 1623 4755 mar.
1652 4698 1777 4755 dor.
1806 4716 1923 4755 con
1947 4706 2178 4772 quattro
2203 4698 2403 4755 tavole
2427 4697 2489 4754 in
2511 4716 2692 4755 rame.

476 4889 655 4947 3860.
683 4889 1396 4964 RONDININIPhi1ippus,
1424 4891 1519 4947 De
1547 4889 1766 4947 sanctis
1793 4889 2149 4964 martyribus
2175 4891 2403 4947 Joanne
2429 4898 2487 4947 et
2511 4890 2697 4947 Paulo
2724 4908 3052 4964 eorumque
3076 4889 3330 4947 basilica
3353 4889 3416 4946 in
3441 4890 3586 4947 urbe
3611 4891 3861 4957 Romae,
3890 4898 4091 4947 vetera
4115 4889 4488 4947 monimenta

699 4986 972 5053 collecta,
1000 4994 1058 5043 et
1081 4985 1455 5053 concinnata,
1482 4987 1733 5053 Romae,
1768 4986 1942 5053 1707,
1970 4985 2096 5060 fig.,
2123 4985 2185 5042 in
2208 4986 2265 5053 4,
2291 5004 2398 5060 per
2420 4985 2807 5043 Franciscum
2831 4986 3203 5060 Gonzagam.

699 5081 834 5138 Con
858 5081 974 5138 due
998 5081 1199 5138 tavole
1223 5080 1285 5137 in
1308 5081 1364 5138 4.
1392 5080 1685 5138 Edizione
1709 5080 2088 5138 nitidissima.

476 5272 655 5330 3861.
704 5274 934 5330 ROSINI
977 5272 1243 5340 Joannis,
1292 5272 1735 5347 Antiquitatum
1777 5291 2161 5330 romanarum
2206 5291 2423 5347 corpus
2472 5272 2991 5330 absolutissimum
3036 5291 3177 5330 cum
3221 5272 3379 5330 notis
3425 5272 3787 5347 Dempsteri,
3836 5272 3934 5330 cui
3981 5273 4275 5330 accedunt
4318 5272 4486 5330 Pauli

698 5368 958 5426 Manutii
983 5368 1118 5426 libri
1143 5369 1263 5426 duo
1289 5369 1364 5426 de
1389 5368 1643 5443 legibus,
1671 5377 1729 5426 et
1752 5369 1827 5426 de
1854 5369 2074 5426 Senatu
2098 5377 2230 5436 etc.,
2258 5368 2703 5426 Amstelodami
2736 5369 2911 5436 1743,
2937 5368 2999 5425 in
3022 5369 3079 5436 4,
3107 5368 3211 5443 fig.

700 5465 929 5536 Questo
956 5465 989 5522 e
1013 5464 1270 5539 riputato
1296 5464 1339 5521 il
1366 5464 1519 5522 libro
1544 5464 1649 5539 più
1674 5465 1998 5539 completo,
2027 5483 2060 5522 e
2084 5464 2190 5539 più
2213 5464 2377 5522 ricco
2403 5464 2466 5521 in
2492 5464 2639 5522 fatto
2666 5464 2727 5522 di
2754 5464 3037 5522 antichità
3059 5483 3324 5522 romane.
3354 5466 3440 5522 La
3464 5464 3743 5539 migliore
3770 5464 4048 5522 edizione
4074 5465 4107 5522 e
4133 5473 4360 5539 questa,
4389 5464 4487 5522 cui

698 5578 773 5617 ne
800 5578 1149 5617 successero
1175 5559 1536 5617 moltissime
1562 5560 1726 5627 altre;
1753 5578 1828 5617 ne
1853 5578 1953 5617 era
1977 5578 2229 5634 apparsa
2251 5578 2369 5617 una
2391 5560 2581 5634 Lugd.
2609 5561 2739 5617 Bat.
2775 5559 2949 5627 1663,
2976 5559 3038 5616 in
3061 5560 3117 5617 4.

476 5751 655 5809 3862.
690 5753 888 5809 ROSSI
920 5752 1065 5822 (De)
1099 5751 1462 5819 Domenico,
1497 5752 1787 5809 Raccolta
1818 5751 1879 5809 di
1912 5751 2041 5809 vasi
2074 5751 2297 5809 diversi
2331 5751 2571 5809 formati
2604 5752 2681 5809 da
2711 5751 2925 5809 illustri
2959 5751 3190 5809 artefici
3224 5751 3465 5819 antichi,
3501 5770 3534 5809 e
3567 5751 3628 5809 di
3661 5751 3823 5809 varie
3855 5751 4059 5826 targhe
4095 5760 4487 5826 sovrapposte

700 5848 815 5905 alle
840 5847 1150 5905 fabbriche
1173 5847 1278 5922 più
1301 5847 1525 5922 insigni
1550 5847 1611 5905 di
1635 5849 1848 5915 Roma,
1876 5849 2073 5905 Roma
2103 5848 2278 5915 1713,
2305 5847 2367 5904 in
2391 5847 2496 5905 fol.

698 5943 1004 6018 Aggiunte
1038 5944 1154 6001 alle
1188 5943 1260 6001 51
1299 5944 1517 6011 tavole,
1553 5943 1665 6001 che
1699 5962 2129 6018 compongono
2163 5944 2565 6018 l’esemplare,
2604 5943 2690 6001 sei
2723 5944 2923 6001 tavole
2955 5943 3262 6018 intagliate
3295 5944 3372 6001 da
3404 5943 3646 6001 Giovan
3678 5943 3931 6001 Battista
3963 5943 4360 6001 Gallestruzzi
4396 5943 4487 6001 sui

699 6039 935 6114 disegni
960 6039 1021 6097 di
1045 6039 1347 6097 Polidoro.

476 6230 655 6288 3863.
689 6232 887 6288 ROSSI
917 6231 1062 6301 (De)
1096 6230 1338 6288 Giovan
1369 6230 1687 6298 Giacomo,
1721 6232 1805 6288 Le
1837 6230 2082 6288 fontane
2114 6230 2175 6288 di
2205 6232 2403 6288 Roma
2432 6230 2747 6298 delineate,
2781 6231 2857 6288 ed
2886 6230 3078 6288 incise
3109 6231 3186 6288 da
3216 6230 3457 6288 Giovan
3488 6230 3741 6288 Battista
3769 6231 3953 6288 Falda
3982 6249 4015 6288 e
4047 6231 4124 6288 da
4152 6232 4486 6288 Francesco

698 6326 1031 6394 Venturini,
1058 6326 1121 6383 in
1145 6326 1250 6384 fol.
1279 6327 1421 6394 obl.,
1451 6327 1799 6384 senz’anno.

697 6458 780 6462 —
802 6424 888 6480 La
909 6422 1103 6497 prima
1124 6431 1289 6497 parte
1314 6422 1375 6480 di
1400 6431 1612 6497 questo
1638 6422 1792 6480 libro
1818 6422 2095 6480 contiene
2120 6423 2176 6480 le
2201 6422 2446 6480 fontane
2470 6422 2569 6480 nei
2594 6422 2802 6497 luoghi
2825 6422 3097 6497 pubblici
3122 6422 3183 6480 di
3207 6424 3419 6480 Roma.

2171 6657 2347 6694 WWW.
2358 6637 2734 6710 memofonte.
2748 6639 2791 6694 il
