4958 7017
1981 864 2366 922 Fondazione
2390 838 2775 922 Mernofonte
2800 865 2976 922 onlus

1390 960 1600 1018 Studio
1624 979 1731 1035 per
1754 960 2226 1018 l’elaborazione
2250 960 2632 1018 informatica
2655 961 2813 1018 delle
2838 960 2991 1018 fonti
3018 960 3571 1018 storico—artistiche

482 1247 773 1305 Harduini
797 1249 908 1315 Io.,
939 1247 1395 1321 Chronologiae
1422 1267 1493 1305 ex
1514 1250 1770 1305 nummis
1797 1250 2123 1315 restitutae,
2151 1248 2332 1305 2877.

482 1393 698 1449 Harms
724 1392 884 1459 Ant.,
915 1391 1130 1449 Tables
1155 1391 1629 1465 cronologiques
1653 1392 1761 1449 des
1778 1394 2068 1465 peintres,
2096 1391 2276 1449 2285.

482 1535 935 1603 Hauchecorne,
967 1538 1069 1593 Vie
1094 1536 1169 1593 de
1192 1538 1273 1593 M.
1300 1537 1473 1609 Ange
1495 1538 1841 1603 Bonarroti,
1869 1535 2049 1593 2286.

482 1679 870 1754 Haudiquier,
895 1681 1068 1737 L’art
1089 1680 1164 1737 de
1191 1679 1250 1737 la
1276 1682 1558 1747 verrerie,
1593 1679 1766 1737 1674.

482 1822 907 1897 Havercarnpii
935 1822 1078 1897 Sig.,
1102 1822 1635 1896 Numophilacium
1657 1825 1720 1880 R.
1756 1823 2118 1890 Christinae,
2146 1823 2327 1880 2878.

482 1968 723 2024 Havern
749 1967 896 2037 (de),
921 1969 1016 2024 De
1043 1969 1223 2024 unico
1253 1969 1665 2040 Vespasianae
1689 1966 1904 2024 Pollae
1928 1987 2189 2034 nummo,
2216 1967 2396 2025 2879.

482 2112 617 2185 Hay
643 2111 771 2181 (le),
796 2113 910 2168 Les
934 2113 1177 2168 nations
1201 2111 1281 2168 du
1304 2113 1547 2178 Levant,
1582 2110 1755 2168 1675.

482 2255 718 2329 Hayley
740 2254 902 2322 Wil,
924 2256 1018 2312 An
1045 2257 1207 2312 essai
1231 2275 1310 2312 on
1328 2257 1628 2328 painting,
1656 2255 1794 2313 989.

482 2399 683 2472 Hayrn
705 2397 861 2465 Nio,
886 2397 1007 2455 Del
1031 2409 1233 2455 tesoro
1259 2398 1621 2465 britannico,
1649 2398 1829 2455 2880.

487 2687 565 2760 [p.
593 2685 823 2755 XXXVii]

482 2974 683 3047 Hayot
706 2973 781 3030 de
805 2974 977 3047 Long
1001 2974 1181 3040 Pres.,
1212 2972 1551 3046 Catalogue
1576 2973 1656 3030 du
1682 2973 1811 3030 cab.
1842 2973 1917 3030 de
1944 2972 1998 3030 le
2021 2975 2163 3040 Bas,
2189 2972 2370 3030 4500.

482 3116 828 3191 Hedlinger,
854 3116 1236 3190 Explication
1262 3117 1596 3190 historique
1623 3128 1681 3174 et
1703 3119 1957 3190 critique
1982 3117 2090 3174 des
2114 3116 2448 3184 médailles,
2475 3117 2656 3174 2881.

482 3262 719 3318 Heereu
743 3261 972 3328 Arnol.,
998 3263 1310 3334 Expositio
1337 3260 1581 3318 tabulae
1606 3280 1968 3328 marmorae,
1998 3261 2176 3318 3240.

482 3405 719 3461 Heereu
743 3404 972 3471 Arnol.,
1003 3405 1444 3461 Commentatio
1472 3406 1530 3461 in
1556 3423 1710 3477 opus
1735 3403 2054 3471 coelaturn,
2084 3404 2261 3461 3241.

482 3547 851 3615 Heinechen,
876 3548 1018 3605 Idee
1043 3548 1230 3605 d’une
1256 3547 1579 3605 collection
1604 3548 1646 3605 cl
1658 3549 1994 3621 ’estampes,
2020 3547 2201 3605 4451.

482 3691 718 3749 Heinsii
742 3693 916 3759 Dan.,
942 3694 1255 3759 Poemata,
1290 3691 1463 3750 1905.

482 3836 658 3893 Helle
683 3844 741 3893 et
763 3837 976 3910 Remy,
1008 3835 1199 3893 Catal.
1231 3836 1311 3893 du
1337 3836 1581 3893 cabinet
1602 3836 1677 3893 de
1700 3838 1781 3893 M.
1811 3838 2073 3903 Hennin,
2100 3836 2281 3893 4421.

482 3979 658 4036 Helle
683 3987 741 4036 et
763 3980 976 4053 Remy,
1008 3980 1134 4036 Cat.
1166 3979 1246 4036 du
1272 3979 1515 4036 cabinet
1536 3979 1611 4036 de
1634 3981 1715 4036 M.
1745 3978 1961 4052 Bailly,
1988 3978 2169 4036 4426.

482 4123 658 4180 Helle
683 4131 741 4180 et
763 4124 976 4197 Remy,
1008 4124 1134 4180 Cat.
1166 4123 1353 4180 d’une
1379 4122 1702 4180 collection
1727 4123 1802 4180 de
1828 4123 2082 4186 bronzes
2106 4123 2186 4180 du
2209 4125 2347 4180 Duc
2371 4123 2446 4180 de
2471 4122 2651 4196 Sully,
2678 4123 2859 4180 4418.

482 4267 658 4324 Helle
683 4275 741 4324 et
763 4268 976 4341 Remy,
1008 4268 1134 4324 Cat.
1166 4267 1246 4324 du
1272 4267 1401 4324 cab.
1433 4267 1507 4324 de
1530 4269 1611 4324 M.
1641 4266 1992 4340 Manglarcl,
2019 4267 2199 4325 4419.

482 4410 916 4478 Hernsterbuis,
941 4413 1138 4468 Lettre
1163 4430 1270 4468 sur
1292 4410 1351 4468 la
1376 4410 1702 4484 sculpture,
1737 4410 1910 4468 1161.

482 4553 843 4628 Hensbergii
867 4553 1028 4621 Vin.,
1060 4554 1422 4611 Viridariurn
1444 4556 1813 4621 Marianurn,
1840 4553 2021 4611 4715.

482 4697 839 4755 Herbestain
862 4699 1019 4765 Bar.,
1050 4699 1483 4755 Commentarii
1507 4697 1670 4755 della
1693 4700 2034 4765 Moscovia,
2061 4697 2241 4755 4261.

482 4843 640 4899 Here
664 4843 893 4909 Eman,
924 4842 1239 4899 Chateaux
1261 4842 1341 4899 du
1364 4844 1480 4899 Roi
1502 4842 1577 4899 de
1601 4841 1895 4915 Pologne,
1922 4842 2102 4899 4024.

482 4985 768 5043 Herronis
794 4986 990 5053 Alex.,
1018 4985 1407 5059 Spiritalium,
1435 4986 1575 5053 928,
1603 4986 1742 5053 929,
1769 4986 1909 5053 930,
1936 4986 2075 5053 931,
2103 4986 2241 5044 932.

482 5128 759 5203 Higgins,
785 5131 1170 5202 Experiment
1191 5129 1317 5186 and
1339 5128 1700 5186 calcareous
1725 5140 2007 5196 cements,
2035 5129 2174 5187 912.

482 5272 626 5330 Hire
653 5273 754 5343 (de
779 5273 881 5343 la),
912 5274 1111 5330 Traité
1132 5273 1207 5330 de
1232 5275 1607 5346 mecanique,
1635 5273 1773 5331 927.

482 5416 614 5474 Hirt
636 5416 831 5491 Luigi,
862 5418 1291 5480 Osservazioni
1314 5436 1500 5490 sopra
1528 5416 1570 5474 il
1591 5419 1886 5484 Panteon,
1915 5416 2093 5474 3755.

482 5559 700 5617 Hirsch
723 5561 812 5617 Jo.
841 5559 1055 5627 Chris,
1080 5559 1463 5617 Bibliotheca
1488 5562 1929 5627 numismatica,
1957 5560 2137 5617 2882.

479 5706 749 5761 Histoire
774 5704 1006 5777 abrege'
1027 5704 1135 5761 des
1158 5706 1489 5761 Provinces
1520 5706 1722 5771 Unies,
1750 5704 1930 5761 2884.

479 5850 749 5905 Histoire
774 5848 882 5905 des
907 5859 1120 5921 quatre
1148 5848 1470 5915 Gordiens,
1498 5848 1679 5905 2883.

479 5994 749 6049 Histoire
774 5992 882 6049 des
904 5994 1084 6049 Incas
1106 5994 1253 6049 Rois
1277 5992 1357 6049 du
1381 5994 1601 6059 Perou,
1629 5992 1809 6049 2041.

479 6137 749 6192 Histoire
774 6135 854 6192 du
884 6137 940 6192 V.
974 6146 1032 6192 et
1050 6137 1118 6192 N.
1154 6137 1492 6192 Testament
1507 6154 1631 6208 par
1649 6137 1924 6202 Mortier,
1952 6135 2133 6192 2040.

479 6281 749 6336 Histoire
774 6279 849 6336 de
876 6278 935 6336 la
953 6281 1234 6352 peinture
1261 6298 1334 6336 en
1357 6278 1549 6346 Italie,
1579 6279 1674 6336 38.

479 6425 889 6480 Historiarum
918 6425 1034 6480 Vet.
1070 6425 1191 6480 Tes.
1226 6425 1451 6490 icones,
1480 6423 1661 6480 2042.

2171 6657 2347 6694 WWW.
2358 6637 2734 6710 memofonte.
2748 6639 2791 6694 it
