4958 7017
1981 864 2366 922 Fondazione
2390 864 2775 922 Memofonte
2800 865 2976 922 onlus

1390 960 1600 1018 Studio
1624 979 1731 1035 per
1754 960 2226 1018 l’elaborazione
2250 960 2632 1018 informatica
2655 961 2813 1018 delle
2838 960 2991 1018 fonti
3018 960 3571 1018 storico—artistiche

706 1247 1116 1305 Arundeliana
1139 1266 1453 1305 marmora.

476 1440 655 1497 3147.
682 1440 799 1497 Del
826 1440 1119 1497 SIGNORE
1142 1441 1434 1507 Lorenzo,
1461 1441 1486 1496 I
1511 1439 1723 1497 marmi
1748 1439 2128 1497 Riccardiani
2153 1439 2334 1497 difesi
2359 1440 2518 1497 dalle
2543 1458 2793 1497 censure
2818 1440 2916 1497 del
2941 1439 3250 1497 marchese
3278 1439 3563 1514 Scipione
3587 1439 3828 1507 Maffei,
3855 1439 4102 1497 Firenze
4134 1440 4309 1507 1781,
4336 1439 4398 1496 in
4421 1440 4477 1497 4.

476 1632 655 1689 3148.
685 1632 991 1689 SYLLOGE
1014 1631 1476 1706 inscriptionum
1500 1640 1770 1689 veterum
1794 1632 2237 1699 anecdotarum,
2264 1631 2327 1688 in
2354 1632 2407 1699 8,
2435 1631 2562 1706 fig.,
2589 1633 2677 1689 M.
2707 1631 2803 1689 61.

476 1823 655 1881 3149.
694 1824 974 1880 TYCHEN
1011 1822 1339 1890 Gherardo,
1381 1823 1545 1880 Sulle
1582 1822 1888 1880 iscrizioni
1926 1831 2176 1880 cuneate
2214 1822 2275 1880 di
2312 1822 2636 1897 Persepoli.
2677 1824 2932 1880 Estratto
2970 1822 3031 1880 di
3068 1841 3186 1880 una
3222 1822 3652 1880 dissertazione
3690 1822 3837 1880 fatto
3876 1823 4120 1880 dall’ab.
4161 1822 4486 1880 Assemani

705 1918 1052 1993 pubblicata
1074 1919 1172 1976 nel
1198 1918 1484 1976 Giornale
1509 1918 1834 1976 Letterario
1860 1918 1921 1976 di
1945 1918 2232 1986 Venezia,
2259 1918 2321 1975 in
2344 1919 2401 1986 4,
2428 1920 2516 1976 M.
2552 1919 2642 1976 11.

476 2110 655 2168 3150.
687 2112 978 2168 VAIRANI
1006 2110 1399 2185 Augustinus,
1432 2110 1939 2168 Cremonensium
1966 2119 2358 2168 monumenta
2385 2112 2618 2168 Romae
2648 2110 2924 2168 extantia.
2957 2112 3157 2168 Partes
3188 2111 3341 2168 duae
3371 2110 3681 2168 volumine
3711 2129 3850 2178 uno,
3882 2112 4115 2168 Romae
4152 2111 4327 2178 1778,
4359 2110 4421 2167 in
4449 2111 4487 2167 4

707 2207 931 2281 grand,
959 2206 1064 2281 fig.

705 2302 869 2359 Sono
895 2302 1080 2359 molte
1104 2301 1453 2359 inscrizioni
1477 2301 1784 2376 intagliate
1808 2301 1870 2358 in
1892 2320 2056 2359 rame
2081 2320 2114 2359 e
2139 2302 2436 2359 collocate
2461 2301 2551 2359 fra
2573 2301 2616 2358 il
2640 2310 2794 2359 testo
2820 2302 2969 2359 oltre
2994 2301 3216 2359 diversi
3239 2301 3445 2359 ritratti
3470 2301 3771 2359 d’uomini
3795 2301 4036 2376 insigni.

476 2493 655 2551 3151.
695 2495 1141 2551 VERMIGLIOLI
1178 2493 1419 2551 Giovan
1455 2493 1724 2561 Battista,
1764 2495 1848 2551 Le
1887 2493 2122 2551 antiche
2159 2493 2466 2551 iscrizioni
2503 2493 2791 2568 perugine
2827 2494 3089 2551 raccolte
3127 2512 3160 2551 e
3197 2493 3503 2561 illustrate,
3543 2493 3811 2568 Perugia,
3852 2494 3971 2551 vol.
4013 2494 4069 2561 2,
4117 2494 4291 2561 1804,
4330 2493 4392 2550 in
4428 2494 4485 2561 4,

707 2589 983 2664 figurato.

707 2685 1003 2743 Contiene
1035 2685 1079 2742 il
1110 2685 1306 2760 primo
1341 2686 1586 2743 volume
1620 2686 1676 2743 le
1709 2685 2015 2743 iscrizioni
2048 2685 2340 2753 etrusche,
2375 2685 2419 2742 il
2454 2686 2721 2743 secondo
2755 2686 2811 2743 le
2844 2685 3062 2760 greche
3095 2704 3128 2743 e
3162 2686 3218 2743 le
3249 2704 3515 2743 romane:
3553 2704 3671 2743 con
3704 2686 3916 2743 alcune
3949 2686 4150 2743 tavole
4184 2686 4237 2743 a’
4277 2685 4486 2760 luoghi

707 2781 896 2839 voluti
921 2782 1019 2839 del
1043 2790 1215 2839 testo.
1245 2782 1446 2856 Opera
1469 2781 1808 2839 dottissima
1831 2800 1864 2839 e
1889 2781 2383 2839 laboriosissima.

479 2974 557 3047 [p.
593 2972 703 3030 105
712 2974 729 3042 ]

476 3164 655 3222 3152.
682 3166 956 3222 VETERA
978 3173 1369 3222 monumenta
1393 3165 1468 3222 ad
1492 3165 1772 3222 Classem
1794 3166 2209 3222 Ravennatem
2231 3183 2420 3239 nuper
2443 3173 2623 3232 eruta,
2651 3164 2933 3222 monachi
2959 3165 3314 3222 Classenses
3340 3164 3669 3232 ediderunt,
3696 3164 4017 3222 Faventiae
4049 3164 4224 3232 1756,
4251 3164 4313 3221 in
4336 3165 4392 3222 4.

476 3355 655 3413 3153.
689 3357 938 3413 VITALE
969 3355 1238 3423 Antonii,
1272 3357 1339 3412 In
1368 3355 1541 3413 binas
1574 3364 1804 3413 veteres
1836 3355 2258 3430 inscriptiones
2291 3357 2355 3413 L.
2391 3355 2623 3413 Aurelii
2655 3355 2984 3413 Commodi
3015 3355 3158 3430 imp.
3195 3364 3384 3413 aetate
3414 3355 3661 3430 positas,
3695 3357 3928 3413 Romae
3958 3374 4168 3413 recens
4201 3356 4482 3413 detectas.

706 3451 1081 3519 Dissertatio,
1109 3470 1227 3526 qua
1251 3451 1651 3526 gladiatorum
1673 3451 1921 3509 materia
1944 3451 2069 3509 fere
2093 3460 2217 3509 tota
2240 3452 2601 3519 enucleatur,
2628 3453 2860 3509 Romae
2892 3451 3067 3519 1763,
3094 3451 3156 3508 in
3179 3452 3236 3519 4,
3264 3451 3390 3526 fig.,
3417 3453 3505 3509 M.
3541 3452 3631 3509 18.

703 3548 838 3605 Con
861 3566 980 3605 una
1002 3548 1205 3605 tavola
1227 3547 1535 3622 intagliata
1557 3547 1620 3604 in
1642 3566 1824 3605 rame.

476 3739 655 3797 3154.
683 3741 889 3797 VOLPI
913 3739 1224 3814 Giuseppe
1249 3741 1477 3807 Rocco,
1504 3741 1738 3797 Lettera
1763 3740 1964 3797 all’ab.
1995 3739 2305 3814 Giuseppe
2330 3739 2479 3814 Finy
2504 3739 2740 3797 intorno
2768 3758 2802 3797 a
2826 3740 2942 3797 due
2969 3739 3204 3797 antiche
3230 3739 3416 3814 lapidi
3444 3739 3771 3814 scopertesi
3796 3739 4208 3797 ultimamente
4233 3739 4296 3796 in
4321 3739 4483 3807 Cori,

706 3837 903 3893 Roma
933 3836 1108 3903 1733,
1135 3835 1197 3892 in
1224 3836 1277 3903 8,
1304 3837 1392 3893 M.
1422 3835 1517 3893 58.

476 4026 655 4084 3155.
696 4028 1007 4084 WAKCHII
1044 4028 1133 4084 Jo.
1176 4026 1426 4094 Ernesti,
1469 4028 1741 4084 Marmor
1778 4026 2089 4101 hispaniae
2130 4026 2442 4101 antiquum
2481 4026 2818 4084 vexationis
2859 4026 3320 4084 christianorum
3357 4026 3738 4084 Neronianae
3777 4026 4015 4101 insigne
4055 4027 4489 4084 documentum

706 4122 1081 4190 illustratum,
1109 4131 1167 4180 et
1190 4122 1320 4180 viro
1346 4122 1739 4180 celeberrimo
1764 4123 1902 4180 Ant.
1930 4124 2018 4180 Fr.
2048 4122 2237 4180 Gorio
2263 4131 2696 4190 consecratum,
2724 4124 2901 4180 Ienae
2933 4122 3108 4190 1750,
3135 4122 3197 4179 in
3220 4123 3277 4190 4,
3304 4124 3392 4180 M.
3421 4122 3517 4181 59.

476 4314 655 4372 3156.
692 4316 1096 4371 ZABARELLA
1128 4316 1376 4389 Jacopo,
1415 4314 1515 4372 Gli
1549 4314 1845 4382 Arronzii,
1883 4333 2110 4372 ovvero
2146 4315 2241 4372 de’
2283 4314 2496 4372 marmi
2533 4314 2772 4382 antichi,
2810 4315 2968 4372 dove
3005 4314 3054 4372 si
3089 4315 3166 4372 dà
3198 4314 3423 4372 notizia
3456 4315 3617 4372 della
3650 4314 3772 4372 vita
3805 4314 3866 4372 di
3901 4314 4197 4372 Arronzio
4235 4315 4420 4372 Stella
4453 4333 4486 4372 e

706 4412 920 4468 Marco
945 4410 1213 4468 Aronzio
1238 4410 1463 4485 Aquila
1484 4410 1788 4485 padovani
1813 4411 1889 4468 ed
1914 4411 2057 4468 altre
2083 4410 2382 4478 antichità,
2409 4411 2654 4468 Padova
2684 4410 2858 4478 1656,
2885 4410 2947 4467 in
2970 4411 3027 4478 4,
3055 4410 3159 4485 fig.

711 4506 759 4562 Il
788 4505 1180 4580 frontespizio
1209 4505 1479 4563 istoriato
1509 4506 1542 4563 è
1570 4505 1765 4563 inciso
1794 4505 1856 4562 in
1882 4524 2046 4563 rame
2075 4506 2152 4563 da
2180 4505 2303 4563 Gir.
2335 4505 2552 4563 David.
2584 4507 2766 4580 Dopo
2797 4505 2994 4563 alcuni
3021 4505 3440 4580 prolegomeni
3469 4505 3692 4563 trovasi
3720 4505 3764 4562 il
3791 4505 4015 4563 ritratto
4045 4506 4421 4573 dell’autore;
4453 4524 4486 4563 e

707 4602 763 4659 le
800 4601 1100 4676 medaglie
1137 4620 1170 4659 e
1208 4601 1337 4659 altri
1374 4601 1750 4659 monumenti
1789 4620 1939 4659 sono
1976 4601 2038 4658 in
2074 4602 2254 4676 legno
2294 4601 2570 4676 stampati
2607 4601 2697 4659 fra
2732 4601 2775 4658 il
2811 4610 2982 4659 testo.
3024 4602 3428 4676 Quest’opera
3463 4602 3621 4676 gode
3658 4601 4097 4676 dell’opinione
4134 4601 4486 4659 favorevole

707 4697 869 4772 degli
894 4697 1124 4755 eruditi.

476 4889 655 4947 3157.
692 4891 1096 4946 ZABARELLA
1128 4891 1376 4964 Jacopo,
1413 4890 1572 4947 Aula
1604 4889 1873 4957 heroum,
1913 4889 2041 4947 sive
2077 4889 2215 4947 fasti
2248 4908 2638 4947 romanorum
2671 4890 2744 4947 ab
2779 4890 2924 4947 urbe
2959 4889 3202 4947 condita
3234 4908 3425 4964 usque
3462 4890 3537 4947 ad
3572 4908 3794 4947 annum
3834 4889 4009 4957 1673,
4047 4889 4182 4947 libri
4217 4898 4485 4964 quatuor,

706 4985 934 5043 Patavii
966 4985 1141 5053 1673,
1168 4985 1230 5042 in
1253 4986 1309 5043 4.

701 5081 865 5138 Sono
895 5080 958 5137 in
987 5080 1242 5155 qualche
1272 5081 1457 5155 luogo
1489 5081 1702 5138 alcune
1733 5080 2034 5155 medaglie
2063 5080 2126 5137 in
2155 5081 2336 5155 legno
2367 5080 2457 5138 fra
2485 5080 2528 5137 il
2557 5089 2733 5148 testo;
2766 5099 2799 5138 e
2829 5081 3064 5155 l’opera
3091 5099 3213 5138 non
3242 5081 3275 5138 e
3306 5080 3417 5138 che
3447 5099 3566 5138 una
3594 5099 3852 5138 cronaca
3878 5080 4087 5155 rapida
4115 5099 4148 5138 e
4178 5080 4426 5138 concisa
4454 5099 4487 5138 e

706 5185 1021 5234 mancante
1045 5176 1108 5233 in
1132 5177 1318 5234 molte
1341 5176 1492 5251 parti
1517 5177 1615 5234 del
1638 5176 1888 5251 registro
1914 5176 2183 5234 d’alcuni
2207 5176 2375 5234 nomi
2400 5195 2433 5234 e
2458 5176 2588 5234 fatti
2613 5176 3089 5234 celebratissimi.

476 5368 655 5426 3158.
682 5370 1063 5426 ZACCARIAS
1090 5368 1461 5436 Franciscus,
1488 5370 1797 5426 Marmora
1822 5368 2169 5426 Salonitana
2191 5368 2497 5436 illustrata,
2525 5368 2798 5426 Venetiis
2831 5368 3006 5436 1752,
3033 5368 3095 5425 in
3119 5368 3246 5436 fol.,
3274 5368 3400 5443 fig.,
3427 5370 3515 5426 M.
3548 5369 3642 5426 82.

476 5559 655 5618 3159.
687 5561 1068 5617 ZACCARIAS
1099 5559 1471 5627 Franciscus,
1503 5559 1970 5617 Dissertationes
2000 5561 2057 5617 V
2086 5559 2148 5616 in
2176 5559 2294 5617 Titi
2323 5559 2515 5617 Flavii
2545 5559 2877 5617 Clementis
2907 5560 3221 5617 tumulum.
3254 5561 3322 5616 In
3353 5560 3456 5617 SS.
3490 5559 3672 5617 Marii
3702 5568 3760 5617 et
3787 5559 4116 5617 Alexandri
4146 5559 4483 5634 epitaphiis.

706 5657 773 5712 In
799 5656 856 5713 S.
884 5656 1183 5713 Barbarae
1207 5655 1696 5713 Nicomediensis
1723 5656 1902 5713 cultu.
1930 5657 1997 5712 In
2020 5655 2368 5713 inventione
2396 5656 2453 5713 S.
2482 5655 2713 5723 Crucis,
2740 5655 2802 5712 in
2825 5656 2882 5723 4,
2909 5657 2997 5713 M.
3028 5656 3123 5713 30.

476 5847 655 5905 3160.
682 5849 971 5905 ZANETTI
995 5847 1308 5905 Girolamo
1333 5849 1687 5915 Francesco,
1714 5849 1849 5905 Due
1875 5847 2286 5905 antichissime
2312 5847 2530 5922 greche
2554 5847 2860 5905 iscrizioni
2887 5847 3172 5922 spiegate,
3199 5847 3470 5905 Venezia
3501 5847 3676 5915 1755,
3702 5847 3764 5904 in
3787 5848 3844 5915 4,
3872 5847 3998 5922 fig.,
4025 5849 4113 5905 M.
4142 5847 4239 5905 26.

703 5944 838 6001 Con
861 5962 980 6001 una
1002 5944 1205 6001 tavola
1227 5944 1325 6001 nel
1351 5943 1493 6001 fine.

2171 6657 2347 6694 WWW.
2358 6637 2734 6710 memofonte.
2748 6639 2791 6694 il
