4958 7017
1981 864 2366 922 Fondazione
2390 864 2775 922 Memofonte
2800 865 2976 922 onlus

1390 960 1600 1018 Studio
1624 979 1731 1035 per
1754 960 2226 1018 l’elaborazione
2250 960 2632 1018 informatica
2655 961 2813 1018 delle
2838 960 2991 1018 fonti
3018 960 3571 1018 storico—artistiche

487 1367 594 1435 14.
653 1368 1026 1448 BRITTON,
1085 1366 1236 1435 The
1291 1366 1442 1435 fine
1500 1377 1636 1435 arts
1693 1366 1778 1435 of
1825 1366 1944 1435 the
2000 1366 2284 1456 english
2341 1366 2617 1448 school,
2675 1366 3072 1435 illustrated
3123 1366 3222 1456 by
3277 1388 3317 1435 a
3373 1366 3593 1435 series
3650 1366 3735 1435 of
3784 1366 4238 1456 engravings,
4297 1366 4488 1435 from

711 1481 1095 1571 paintings,
1168 1481 1548 1571 sculpture,
1620 1481 1760 1550 and
1827 1481 2292 1550 architecture
2359 1481 2444 1550 of
2502 1481 2621 1550 the
2688 1492 2881 1550 most
2946 1481 3265 1550 eminent
3330 1481 3613 1571 english
3681 1481 3938 1563 artists;
4008 1481 4182 1550 with
4250 1481 4488 1571 ample

710 1596 1228 1686 biographical,
1282 1596 1554 1665 critical
1610 1598 1703 1686 [p.
1759 1597 1829 1679 3]
1888 1596 2027 1665 and
2076 1596 2509 1686 descriptive
2559 1618 2805 1686 essays
2855 1596 2954 1686 by
3001 1596 3290 1665 various
3343 1596 3702 1678 authours,
3757 1596 4017 1678 edited,
4072 1596 4211 1665 and
4258 1596 4488 1686 partly

712 1711 984 1793 writen,
1015 1711 1114 1801 by
1141 1711 1328 1780 John
1357 1711 1657 1793 Britton,
1689 1711 2017 1793 London,
2050 1713 2450 1801 Longman,
2492 1712 2700 1793 1812,
2734 1711 2808 1779 in
2836 1712 2903 1780 4.

717 1823 918 1897 Opera
966 1822 1328 1880 riccamente
1381 1822 1652 1897 eseguita
1701 1823 1801 1897 pel
1855 1841 1963 1880 suo
2017 1823 2183 1880 lusso
2235 1822 2574 1897 tipografco
2627 1841 2660 1880 e
2711 1841 2818 1897 per
2868 1823 2924 1880 le
2976 1823 3055 1879 24
3107 1823 3307 1880 tavole
3358 1822 3665 1897 intagliate
3719 1823 3814 1880 da’
3871 1822 4188 1897 principali
4240 1822 4487 1880 incisori

716 1918 1233 1993 dell’Inghilterra.

479 2133 586 2202 15.
633 2135 936 2202 BROTIO
979 2133 1346 2202 Duacensi
1388 2133 1653 2215 Nicol,
1699 2133 2020 2202 Libellus
2065 2133 2154 2202 de
2195 2133 2498 2202 utilitate
2542 2144 2611 2202 et
2650 2133 3026 2202 harmonia
3068 2133 3344 2215 artium,
3389 2133 3830 2223 Antuerpiae,
3878 2133 4067 2223 apud
4110 2133 4489 2202 Simonem

708 2249 1013 2330 Cocum,
1045 2249 1134 2317 A.
1177 2248 1385 2330 1541,
1422 2249 1460 2317 8
1493 2248 1619 2338 fig.

705 2407 755 2411 —
775 2363 1044 2432 Addito
1071 2363 1392 2432 Libellus
1427 2363 2039 2451 Compendiarum
2068 2366 2347 2433 virtutis
2377 2363 2872 2451 adipiscendce
2903 2387 3002 2432 ec.
3041 2377 3111 2432 et
3138 2366 3482 2432 carmina.

706 2476 790 2532 Le
824 2483 1054 2549 stampe
1085 2474 1148 2531 in
1179 2475 1359 2549 legno
1392 2474 1453 2532 di
1485 2474 1582 2532 cui
1615 2493 1691 2532 va
1722 2475 1948 2532 adorno
1981 2483 2193 2549 questo
2225 2474 2489 2532 Libretto
2524 2493 2674 2532 sono
2707 2474 2966 2549 eleganti
2998 2493 3031 2532 e
3065 2474 3367 2549 singolari.
3410 2475 3482 2531 12
3514 2483 3629 2532 tav.
3665 2475 3815 2532 oltre
3846 2474 3889 2531 il
3921 2474 4299 2549 frontispizio
4334 2493 4485 2532 sono

707 2571 906 2645 quelle
931 2571 1029 2628 del
1052 2570 1248 2645 primo
1274 2570 1375 2628 lib.
1404 2589 1437 2628 e
1462 2571 1535 2627 21
1569 2589 1719 2628 sono
1744 2571 1943 2645 quelle
1968 2571 2066 2628 del
2093 2571 2377 2628 secondo.
2405 2570 2663 2645 Magnif.
2692 2589 2918 2645 esemp.

483 2785 590 2854 16.
624 2787 1067 2854 BUCHNERO
1101 2785 1352 2870 (Andr.
1385 2785 1621 2870 Eliae),
1654 2787 1766 2854 De
1794 2785 2339 2875 praeservandis
2372 2785 2734 2854 artificum
2763 2796 2832 2854 et
2860 2785 3217 2875 opificum
3245 2785 3539 2854 morbis.

707 2900 1135 2969 Dissertatio
1165 2900 1603 2990 inauguralis
1634 2900 1939 2982 medica,
1972 2900 2178 2969 Halae
2208 2900 2552 2990 Magdeb.
2595 2900 2804 2982 1745,
2836 2902 2942 2969 M.
2975 2900 3092 2969 45.

483 3131 590 3199 17.
638 3132 1049 3199 JOUVENEL
1092 3130 1182 3199 de
1227 3130 1637 3199 Carlencas.
1685 3130 1892 3199 Essai
1941 3152 2058 3199 sur
2100 3130 2457 3199 l’histoire
2504 3130 2630 3199 des
2674 3130 2903 3199 belles
2949 3130 3211 3212 lettres,
3260 3130 3386 3199 des
3436 3130 3760 3199 sciences
3808 3141 3877 3199 et
3920 3130 4046 3199 des
4095 3141 4254 3212 arts,
4302 3130 4487 3199 Lion

721 3245 929 3327 1757,
963 3267 1072 3314 en.
1115 3246 1301 3327 12.,4
1331 3245 1475 3314 vol.

706 3355 887 3430 Negli
912 3355 1107 3413 ultimi
1132 3356 1248 3413 due
1274 3355 1505 3413 volumi
1533 3355 1582 3413 si
1606 3364 1777 3413 tratta
1800 3356 1958 3413 delle
1981 3356 2141 3413 belle
2167 3355 2273 3413 arti
2298 3356 2458 3413 colla
2483 3364 2672 3413 stessa
2693 3355 2948 3430 rapidità
2971 3374 3004 3413 e
3027 3355 3258 3413 brevità
3281 3355 3392 3413 che
3419 3355 3468 3413 si
3493 3355 3758 3413 discorre
3783 3355 3995 3430 d’ogni
4021 3356 4167 3413 altra
4190 3355 4452 3413 materia.

487 3571 570 3639 18
622 3571 1101 3639 CICOGNARA
1147 3570 1548 3660 Leopoldo,
1601 3570 1836 3639 Storia
1882 3570 2073 3639 della
2121 3570 2432 3639 scultura
2478 3570 2595 3639 dal
2641 3570 3147 3660 risorgimento
3196 3570 3385 3639 delle
3430 3570 3623 3639 belle
3672 3570 3798 3639 arti
3846 3570 3920 3638 in
3968 3570 4169 3639 Italia
4214 3570 4370 3639 fino
4420 3570 4486 3639 al

710 3685 957 3754 secolo
993 3685 1065 3754 di
1099 3685 1548 3775 Napoleone.
1588 3685 1755 3754 Vol.
1796 3686 1835 3754 3
1874 3685 1948 3753 in
1982 3685 2107 3767 fo.,
2145 3685 2470 3754 Venezia
2511 3686 2693 3754 1813
2734 3685 2800 3754 al
2843 3686 3051 3767 1818,
3088 3685 3207 3775 pel
3241 3685 3519 3754 Picotti.
3559 3686 3721 3754 Con
3753 3696 3855 3754 tre
3889 3685 4334 3775 medaglioni
4369 3685 4486 3754 nei

706 3811 808 3869 tre
837 3800 1260 3890 frontespizi
1292 3800 1580 3869 allusivi
1612 3800 1677 3869 ai
1706 3800 1919 3890 primi
1950 3800 2355 3869 coltivatori
2386 3800 2575 3869 delle
2606 3800 2733 3869 arti
2764 3800 3265 3869 d’imitazione
3295 3822 3334 3869 e
3372 3801 3500 3869 181
3537 3800 3778 3869 tavole
3807 3800 3881 3868 in
3909 3822 4125 3869 rame.

711 3913 846 3969 Due
879 3911 1216 3986 esemplari.
1253 3912 1452 3969 L’uno
1485 3911 1548 3968 in
1580 3920 1741 3969 carta
1772 3911 1973 3969 velina
2002 3911 2220 3969 bianca
2253 3911 2451 3969 simile
2485 3930 2519 3969 a
2550 3911 2648 3969 cui
2681 3930 2757 3969 ne
2790 3911 3007 3969 furono
3040 3911 3194 3969 tirati
3230 3912 3487 3969 soltanto
3521 3912 3600 3969 20
3634 3930 3667 3969 e
3707 3912 3778 3970 19
3815 3920 4025 3969 stanno
4059 3911 4296 3986 deposti
4328 3912 4487 3969 nelle

710 4007 1027 4082 principali
1050 4007 1418 4065 biblioteche
1443 4008 1751 4082 d’Europa
1773 4007 1835 4064 in
1859 4007 2145 4082 omaggio
2172 4026 2206 4065 a
2229 4007 2465 4065 diverse
2490 4007 2656 4065 corti.
2685 4008 2912 4065 L’altro
2938 4008 3271 4082 esemplare
3296 4007 3476 4065 unico
3501 4007 3564 4064 in
3588 4016 3748 4065 carta
3771 4007 3971 4065 velina
3992 4026 4183 4065 rosea.

483 4223 590 4292 19.
625 4223 1126 4291 COLLEZIONE
1155 4222 1227 4291 di
1258 4222 1760 4291 dissertazioni
1791 4222 1863 4291 di
1894 4222 2160 4291 diversi
2192 4222 2418 4291 autori
2448 4222 2521 4290 in
2550 4222 2847 4291 materia
2875 4222 3086 4291 d’arti
3117 4244 3156 4291 e
3186 4222 3258 4291 di
3290 4222 3650 4304 antichità,
3682 4222 4095 4312 pubblicate
4125 4222 4216 4291 da

706 4337 1030 4406 Antonio
1061 4338 1360 4427 Groppo
1390 4337 1464 4405 in
1493 4337 1838 4419 Venezia,
1872 4337 1989 4406 dal
2027 4338 2210 4406 1748
2243 4337 2317 4405 in
2345 4337 2469 4427 poi
2499 4337 2573 4405 in
2601 4338 2668 4406 4.

479 4568 594 4636 20.
641 4569 746 4635 LE
783 4568 1070 4636 COMTE
1111 4567 1417 4649 Florent,
1465 4567 1773 4636 Cabinet
1814 4567 1903 4636 de
1948 4567 2405 4657 singularitez
2451 4567 3021 4649 d’architecture,
3066 4567 3412 4657 peinture,
3462 4567 3771 4636 sculture
3814 4578 3883 4636 et
3925 4589 4245 4657 gravure,
4291 4567 4486 4636 Paris

716 4682 924 4764 1699,
957 4682 1031 4750 in
1069 4683 1155 4750 12
1185 4682 1329 4751 vol.
1365 4683 1430 4764 3,
1464 4704 1603 4751 con
1632 4682 2106 4772 frontespizio
2136 4682 2446 4772 figurato
2477 4682 2549 4751 di
2579 4682 2828 4751 Picart.

708 4794 935 4865 Questa
958 4794 991 4851 e
1016 4812 1134 4851 una
1155 4794 1359 4851 buona
1382 4793 1720 4851 collezione
1746 4793 1807 4851 di
1831 4793 2054 4851 notizie
2078 4793 2140 4850 in
2164 4793 2412 4851 materia
2435 4793 2629 4861 d’arti,
2657 4812 2757 4851 ma
2778 4793 2883 4868 più
2909 4793 3337 4868 specialmente
3361 4793 3424 4850 in
3448 4793 3696 4851 materia
3719 4793 3780 4851 di
3807 4802 4053 4868 stampe.

481 5010 574 5098 [p.
607 5009 680 5091 41

475 5239 590 5307 21.
629 5239 1250 5307 CONSERVATOIR
1283 5238 1409 5307 des
1448 5238 1772 5307 sciences
1809 5249 1878 5307 et
1910 5238 2037 5307 des
2074 5249 2233 5320 arts,
2272 5260 2367 5307 ou
2399 5238 2669 5307 récueil
2703 5238 2829 5307 des
2863 5238 3108 5328 pieces
3144 5238 3649 5307 intéressantes
3687 5260 3804 5307 sur
3835 5238 3940 5307 les
3978 5238 4382 5328 antiquités,
4419 5238 4489 5307 la

712 5353 1184 5443 mythologie,
1222 5353 1292 5422 la
1323 5353 1668 5443 peinture,
1706 5353 1776 5422 la
1808 5353 2164 5443 musique,
2203 5364 2334 5422 etc.
2372 5353 2632 5422 traduit
2665 5353 2790 5422 des
2827 5353 3247 5422 differentes
3283 5353 3605 5443 langues,
3643 5353 3837 5422 Paris
3882 5354 4090 5435 1787,
4128 5353 4272 5422 vol.
4312 5353 4378 5435 6,
4415 5353 4488 5421 in

716 5469 754 5537 8
787 5468 913 5558 fig.

713 5580 940 5651 Questa
985 5580 1018 5637 e
1064 5598 1183 5637 una
1229 5580 1415 5637 scelta
1459 5579 1520 5637 di
1564 5579 1841 5654 preziose
1887 5579 2179 5637 memorie
2224 5588 2394 5637 tratta
2439 5580 2597 5637 dalle
2643 5598 2825 5654 opere
2871 5579 2969 5637 dei
3013 5579 3191 5654 primi
3237 5579 3451 5637 eruditi
3496 5579 3559 5636 in
3604 5579 3833 5654 ispecie
3879 5580 4039 5637 della
4084 5579 4409 5637 Germania
4454 5598 4487 5637 e

712 5674 1229 5749 dell’Inghilterra.

475 5890 590 5958 22.
625 5890 1085 5971 CRAUFURD,
1119 5890 1236 5958 On
1265 5889 1577 5958 Pericles
1610 5889 1749 5958 and
1776 5889 1895 5958 the
1926 5900 2062 5958 arts
2093 5889 2167 5957 in
2197 5890 2452 5971 Grece,
2485 5889 2792 5958 London
2830 5890 3038 5971 1817,
3075 5890 3138 5971 8,
3170 5891 3276 5958 M.
3319 5890 3476 5958 104.

713 6001 1109 6075 Opuscoletto
1133 6000 1315 6075 pieno
1341 6000 1402 6058 di
1427 6009 1602 6075 gusto
1628 6019 1661 6058 e
1686 6000 1747 6058 di
1772 6000 1993 6058 critica.

475 6216 590 6284 23.
632 6217 1016 6284 DALBERG
1052 6215 1120 6284 le
1157 6217 1418 6297 Baron,
1460 6217 1572 6284 De
1609 6215 2037 6284 l’influence
2075 6215 2201 6284 des
2243 6215 2567 6284 sciences
2607 6226 2676 6284 et
2712 6215 2838 6284 des
2875 6215 3111 6284 beaux
3151 6226 3287 6284 arts
3325 6237 3506 6305 pour
3541 6215 3611 6284 la
3645 6215 4081 6305 tranquillité
4117 6215 4482 6305 publique.

703 6330 1052 6399 Discours
1114 6331 1483 6420 prononcé
1545 6330 1723 6399 dans
1785 6352 1926 6399 une
1990 6330 2261 6399 societé
2322 6330 2657 6399 litteraire
2718 6330 3025 6420 precede
3088 6330 3266 6399 d’un
3327 6330 3550 6412 idille,
3614 6330 4054 6399 traductions
4117 6330 4333 6399 libres
4397 6330 4487 6399 de

2171 6657 2347 6694 WWW.
2358 6637 2734 6710 memofonte.
2748 6639 2766 6694 i
2770 6648 2791 6694 t
