4958 7017
1981 864 2366 922 Fondazione
2390 838 2775 922 Memofonte
2800 865 2976 922 onlus

1390 960 1600 1018 Studio
1624 979 1731 1035 per
1754 960 2226 1018 l’elaborazione
2250 960 2632 1018 informatica
2655 961 2813 1018 delle
2838 960 2991 1018 fonti
3018 960 3571 1018 storico—artistiche

707 1266 740 1305 e
763 1266 870 1322 per
893 1247 1169 1322 gl’indici
1194 1247 1431 1322 copiosi
1456 1247 1618 1322 degli
1646 1247 1918 1315 scrittori,
1946 1248 2104 1305 delle
2128 1247 2429 1322 medaglie
2454 1266 2487 1305 e
2512 1248 2670 1305 delle
2694 1247 2957 1305 materie.

474 1440 655 1498 2904.
685 1441 973 1497 LANDON
999 1439 1248 1497 Charles
1276 1440 1439 1507 Paul,
1469 1439 1956 1514 Numismatique
1983 1440 2063 1497 du
2090 1458 2326 1514 voyage
2354 1440 2434 1497 du
2452 1440 2636 1514 jeune
2664 1439 3048 1507 Anacharsis,
3078 1458 3158 1497 ou
3185 1439 3499 1497 médailles
3528 1440 3634 1497 des
3660 1440 3858 1497 beaux
3883 1448 4078 1514 temps
4106 1440 4181 1497 de
4208 1440 4266 1497 la
4293 1440 4487 1497 Grece

708 1536 1187 1610 accompagnées
1221 1536 1327 1593 des
1361 1535 1777 1610 descriptions,
1813 1544 1871 1593 et
1902 1536 2051 1593 d’un
2083 1535 2241 1593 essai
2276 1554 2374 1593 sur
2405 1536 2463 1593 la
2496 1535 2735 1593 science
2768 1536 2874 1593 des
2907 1535 3221 1593 médailles
3253 1554 3360 1610 par
3390 1537 3478 1593 M.
3514 1537 3556 1593 I.
3592 1537 3680 1593 M.
3714 1537 4071 1603 Dumersan,
4106 1535 4269 1593 Paris
4310 1536 4484 1603 1818,

707 1632 826 1689 vol.
855 1632 911 1699 2,
938 1631 1000 1688 in
1027 1632 1080 1699 8,
1108 1631 1212 1706 fig.

711 1728 778 1783 In
805 1727 1192 1801 quest’opera
1219 1735 1573 1801 apprezzata
1598 1745 1720 1784 non
1750 1745 1900 1784 sono
1928 1726 2235 1801 intagliate
2264 1726 2375 1784 che
2406 1727 2534 1784 sole
2562 1727 2641 1785 90
2670 1726 2972 1801 medaglie
2999 1726 3062 1783 in
3090 1727 3418 1784 altrettante
3446 1727 3647 1784 tavole
3675 1727 3835 1784 della
3859 1726 3964 1801 più
3992 1726 4181 1794 finita,
4213 1727 4486 1801 elegante

707 1823 783 1880 ed
827 1831 1101 1880 accurata
1142 1822 1457 1880 incisione.
1504 1824 1686 1880 Forse
1731 1831 1943 1897 questo
1988 1823 2234 1880 metodo
2279 1823 2312 1880 e
2356 1822 2417 1880 di
2460 1831 2673 1897 troppa
2713 1822 3111 1880 ricercatezza
3153 1841 3186 1880 e
3229 1841 3351 1880 non
3393 1823 3684 1897 potrebbe
3728 1822 4010 1880 adottarsi
4053 1822 4115 1879 in
4159 1841 4341 1897 opere
4383 1822 4488 1897 più

706 1937 1026 1976 numerose
1051 1918 1112 1976 di
1137 1918 1438 1993 medaglie
1463 1937 1496 1976 e
1521 1918 1582 1976 di
1606 1919 1824 1976 tavole.

474 2110 655 2169 2905.
682 2112 1087 2168 LASTANOSA
1108 2112 1182 2168 D.
1210 2110 1545 2178 Vincenzo,
1572 2112 1794 2168 Museo
1820 2111 1895 2168 de
1920 2111 2007 2168 las
2033 2111 2323 2168 medallas
2349 2110 2789 2168 desconocidas
2815 2111 3194 2185 espannolas,
3222 2129 3297 2168 en
3321 2112 3565 2168 Huesca
3595 2110 3769 2178 1645,
3796 2110 3858 2167 in
3881 2111 3938 2178 4,
3966 2110 4070 2185 fig.

708 2207 937 2278 Questo
974 2207 1007 2264 e
1043 2225 1164 2264 uno
1201 2206 1299 2264 dei
1333 2206 1447 2264 rari
1483 2206 1618 2264 libri
1654 2206 1715 2264 di
1750 2206 2190 2274 numismatica,
2229 2207 2287 2264 la
2321 2206 2419 2264 cui
2455 2215 2652 2264 estesa
2686 2206 3062 2264 descrizione
3098 2207 3196 2264 del
3233 2207 3478 2264 volume
3513 2206 3737 2264 trovasi
3773 2207 3871 2264 nel
3907 2207 3982 2264 de
4017 2208 4194 2264 Bure:
4238 2225 4388 2264 sono
4424 2206 4487 2263 in

707 2302 1094 2376 quest’opera
1116 2301 1320 2359 inserti
1345 2310 1430 2359 tre
1454 2301 1668 2359 trattati
1695 2301 1756 2359 di
1781 2301 2003 2359 diversi
2029 2301 2316 2376 antiquarj
2346 2301 2582 2359 intorno
2608 2302 2664 2359 le
2689 2301 3008 2376 medaglie,
3036 2301 3079 2358 il
3102 2301 3298 2376 primo
3325 2302 3423 2359 del
3446 2320 3503 2376 p.
3531 2302 3718 2359 Paolo
3743 2301 4072 2359 Albiniano
4098 2302 4173 2359 de
4197 2303 4415 2376 Rayas,
4443 2301 4486 2358 il

709 2398 975 2455 secondo
1008 2397 1069 2455 di
1102 2397 1342 2455 Giovan
1373 2398 1617 2455 Andrea
1646 2398 1901 2465 Andres,
1935 2397 1978 2454 il
2009 2406 2172 2455 terzo
2205 2398 2303 2455 del
2335 2398 2390 2455 d.
2425 2399 2758 2455 Francesco
2790 2397 3081 2455 Ximenes
3114 2398 3189 2455 de
3220 2399 3424 2455 Urrea.
3459 2399 3543 2455 Le
3574 2398 3775 2455 tavole
3809 2416 3959 2455 sono
3991 2406 4297 2455 numerate
4329 2398 4487 2455 colle

705 2493 924 2568 pagine
949 2494 1047 2551 del
1071 2502 1242 2551 testo.

474 2685 655 2744 2906.
683 2687 1031 2743 LEONARDI
1056 2685 1319 2753 Camilli,
1350 2686 1679 2760 Speculum
1703 2685 1974 2760 lapidum
1998 2694 2056 2743 et
2080 2686 2135 2743 d.
2164 2685 2319 2743 Petri
2344 2685 2616 2743 Arlensis
2643 2686 2718 2743 de
2746 2685 3104 2760 Scudalupis
3133 2685 3471 2760 sympathia
3498 2694 3730 2760 septem
3753 2686 4135 2743 metallorum
4160 2704 4228 2743 ac
4257 2694 4489 2760 septem

709 2782 1070 2839 selectorum
1093 2781 1364 2856 lapidum
1387 2782 1462 2839 ad
1484 2782 1773 2856 planetas.
1801 2781 2058 2839 Accedit
2082 2781 2461 2839 Constantini
2486 2781 2718 2839 Albinii
2743 2781 3215 2849 Villanovensis,
3243 2781 3577 2856 Hamburgi
3609 2782 3784 2849 1717,
3811 2781 3873 2838 in
3904 2782 3994 2839 12.

712 2877 828 2934 Col
872 2876 1096 2934 ritratto
1143 2876 1204 2934 di
1249 2876 1445 2934 Pietro
1491 2877 1746 2934 Arlense
1791 2876 1853 2933 in
1896 2876 2212 2951 principio.
2264 2877 2428 2934 Sono
2474 2876 2537 2933 in
2582 2885 2795 2951 questo
2842 2876 2995 2934 libro
3040 2876 3254 2934 riunite
3299 2885 3444 2934 tutte
3490 2877 3546 2934 le
3592 2876 3940 2951 cognizioni
3986 2895 4019 2934 e
4067 2876 4487 2951 superstizioni

707 2972 1058 3030 conosciute
1082 2972 1145 3029 in
1169 2981 1380 3047 questa
1403 2972 1666 3030 materia.

479 3166 557 3239 [p.
587 3164 687 3234 68]

474 3356 655 3414 2907.
690 3357 789 3412 DE
815 3357 1007 3413 LEVIS
1040 3355 1333 3430 Eugenio,
1368 3356 1659 3413 Raccolta
1689 3355 1750 3413 di
1782 3355 2018 3413 diverse
2051 3355 2287 3413 antiche
2319 3355 2667 3413 inscrizioni
2699 3374 2732 3413 e
2764 3355 3066 3430 medaglie
3098 3355 3521 3430 epitalamiche
3552 3364 3780 3413 trovate
3812 3355 3975 3430 negli
4009 3355 4142 3413 stati
4174 3356 4272 3413 del
4304 3357 4393 3413 Re
4425 3355 4486 3413 di

709 3452 1014 3526 Sardegna
1037 3470 1070 3509 e
1095 3452 1211 3509 due
1236 3451 1653 3509 dissertazioni
1680 3470 1858 3526 sopra
1880 3470 1960 3509 un
1985 3451 2182 3509 antico
2207 3451 2467 3509 turibolo
2493 3470 2526 3509 e
2551 3452 2949 3526 campanello,
2976 3451 3200 3509 Torino
3233 3452 3406 3519 1781,
3433 3451 3495 3508 in
3518 3452 3575 3519 4,
3603 3451 3729 3526 fig.,
3757 3453 3845 3509 M.
3874 3452 3971 3509 27.

712 3548 847 3605 Con
878 3548 950 3604 14
975 3548 1175 3605 tavole
1199 3547 1505 3622 intagliate
1529 3547 1592 3604 in
1614 3566 1779 3605 rame
1804 3547 2312 3622 diligentemente.

474 3740 655 3798 2908.
683 3741 1012 3797 LIGUORIO
1038 3739 1301 3807 Ottavio,
1329 3739 1613 3797 Ristretto
1639 3739 1885 3797 istorico
1912 3739 2296 3814 dell’origine
2322 3739 2484 3814 degli
2512 3739 2756 3797 abitanti
2782 3740 2942 3797 della
2966 3758 3302 3814 campagna
3326 3739 3387 3797 di
3412 3741 3626 3807 Roma,
3655 3740 3813 3797 delle
3839 3739 4140 3814 medaglie
4166 3758 4199 3797 e
4226 3758 4484 3814 gemme,

707 3836 867 3893 colla
888 3835 1064 3893 rarità
1087 3854 1120 3893 e
1143 3854 1362 3910 prezzo
1388 3836 1546 3893 delle
1570 3835 1902 3893 medesime
1927 3854 1960 3893 e
1985 3836 2083 3893 col
2108 3854 2251 3893 vero
2277 3836 2462 3893 modo
2488 3835 2549 3893 di
2574 3854 2903 3893 conoscere
2928 3836 2984 3893 le
3009 3854 3148 3893 vere
3173 3836 3331 3893 dalle
3356 3835 3526 3903 false,
3554 3837 3751 3893 Roma
3782 3835 3956 3903 1753,
3983 3835 4045 3892 in
4072 3836 4124 3893 8.

706 3930 1128 3988 L’intenzione
1165 3930 1376 3988 ottima
1411 3949 1529 3988 con
1565 3930 1663 3988 cui
1701 3930 1767 3988 fu
1803 3939 2002 3988 esteso
2040 3939 2253 4005 questo
2291 3930 2444 3988 libro
2481 3931 2584 3988 nol
2619 3949 2752 3988 rese
2788 3930 2932 3988 utile
2970 3930 3081 3988 che
3118 3930 3696 4005 temporariamente.
3737 3932 3821 3988 Le
3858 3930 4206 4005 cognizioni
4243 3949 4348 3988 ora
4381 3930 4487 4005 più

707 4035 919 4094 estese,
947 4027 1005 4084 la
1028 4026 1234 4084 critica
1257 4045 1290 4084 e
1314 4026 1357 4083 il
1382 4027 1551 4084 valor
1574 4026 1815 4084 diverso
1841 4027 1999 4084 delle
2024 4045 2168 4084 cose
2192 4027 2295 4084 nol
2318 4027 2588 4084 rendono
2612 4026 2717 4101 più
2741 4027 2901 4084 della
2926 4035 3115 4084 stessa
3138 4026 3346 4084 utilità.

474 4219 655 4277 2909.
696 4220 992 4276 LOTICHII
1028 4220 1195 4276 Joan.
1237 4218 1410 4286 Petri,
1452 4227 1509 4276 et
1546 4218 1906 4276 Hoffmanni
1944 4220 2111 4276 Joan.
2153 4218 2382 4286 Jacobi,
2424 4218 2689 4276 Historia
2725 4219 3001 4293 Augusta
3037 4220 3471 4293 Imperatorum
3507 4220 3922 4276 Romanorum
3959 4237 3993 4276 a
4029 4218 4187 4276 Julio
4227 4219 4487 4276 Caesare

706 4333 896 4389 usque
930 4315 1005 4372 ad
1035 4316 1065 4372 J
1069 4314 1385 4389 osephum;
1420 4333 1562 4372 cum
1592 4314 1762 4389 effig.
1799 4333 1933 4372 aere
1967 4315 2201 4389 sculpto
2234 4333 2464 4389 expres.
2501 4315 2735 4389 adjecta
2765 4316 2944 4372 Henr.
2980 4315 3300 4372 Hamelow
3332 4314 3580 4372 historia
3609 4316 4044 4389 Imperatorum
4073 4316 4488 4372 Romanorum

707 4410 970 4468 carmine
993 4419 1282 4485 perpetuo
1308 4410 1623 4485 descripta,
1650 4411 1904 4468 Amstel.
1940 4411 2115 4478 1710,
2142 4410 2204 4467 in
2228 4410 2355 4478 fol.,
2383 4410 2487 4485 fig.

703 4506 819 4563 Col
853 4505 1077 4563 ritratto
1114 4506 1212 4563 del
1246 4505 1517 4580 principe
1554 4505 1904 4580 Guglielmo
1941 4505 2002 4563 di
2037 4507 2275 4563 Nassau
2310 4505 2621 4580 intagliato
2658 4506 2735 4563 da
2769 4506 2988 4563 Halma
3022 4524 3055 4563 e
3091 4524 3172 4563 un
3208 4505 3600 4580 frontespizio
3636 4505 3924 4563 istoriato.
3966 4506 4130 4563 Sono
4167 4505 4243 4563 25
4281 4505 4487 4563 ritratti

706 4601 980 4659 illustrati
1005 4620 1038 4659 e
1061 4601 1221 4676 presi
1246 4602 1304 4659 la
1325 4601 1430 4676 più
1452 4610 1617 4676 parte
1642 4602 1800 4659 dalle
1825 4601 2143 4676 medaglie.
2173 4602 2374 4676 Opera
2396 4601 2719 4659 mediocre.

474 4794 655 4852 2910.
696 4795 929 4851 LUCKII
964 4793 1211 4851 Joannis
1249 4793 1478 4861 Jacobi,
1521 4794 1769 4868 Sylloge
1807 4793 2241 4851 numismatum
2277 4793 2716 4868 elegantiorum
2752 4812 2905 4868 quae
2944 4793 3166 4851 diversi
3204 4795 3352 4868 Imp.
3394 4795 3542 4868 Reg.
3583 4793 3736 4851 Prin.
3779 4793 4000 4851 Comit.
4042 4793 4487 4868 Respubblicae

707 4889 974 4947 diversas
1005 4890 1084 4947 ob
1115 4908 1327 4947 causas
1359 4890 1432 4947 ab
1464 4908 1620 4947 anno
1658 4889 1815 4947 1500
1847 4890 1922 4947 ad
1952 4908 2174 4947 annum
2201 4908 2392 4964 usque
2429 4889 2585 4947 1600
2616 4889 2756 4947 cudi
2786 4889 3072 4957 fecerunt,
3104 4889 3390 4947 historica
3418 4889 3752 4947 narratione
3781 4889 4087 4957 illustrata,
4120 4889 4487 4964 Argentinae

706 4985 863 5060 typis
889 4985 1217 5060 Reppianis
1250 4985 1425 5053 1610,
1452 4985 1514 5042 in
1538 4985 1665 5053 fol.,
1693 4985 1969 5060 figurato.

704 5081 931 5152 Questa
969 5081 1002 5138 e
1040 5099 1159 5138 una
1196 5081 1354 5138 delle
1394 5099 1576 5155 opere
1615 5099 1731 5138 ove
1772 5080 1940 5138 siano
1980 5099 2098 5138 con
2134 5080 2239 5155 più
2278 5080 2518 5148 fedeltà,
2563 5081 2825 5138 sebbene
2864 5099 2981 5138 con
3019 5089 3234 5155 troppo
3274 5081 3482 5138 lavoro
3522 5099 3555 5138 e
3592 5099 3751 5155 poco
3791 5089 3985 5155 gusto,
4026 5080 4088 5137 in
4127 5099 4272 5155 gran
4310 5080 4489 5155 copia

705 5176 1054 5251 raffigurate
1085 5176 1386 5251 medaglie
1417 5176 1478 5234 di
1507 5177 1669 5234 bella
1699 5176 2060 5234 esecuzione
2089 5177 2366 5251 prodotte
2396 5177 2730 5234 nell’aureo
2764 5177 2989 5244 secolo,
3023 5177 3185 5251 dopo
3216 5176 3259 5233 il
3288 5176 3710 5251 risorgimento
3743 5177 3901 5234 delle
3933 5176 4057 5234 arti:
4095 5195 4245 5234 sono
4277 5185 4486 5251 queste

709 5281 998 5347 stampate
1024 5272 1114 5330 fra
1136 5272 1179 5329 il
1203 5281 1375 5340 testo,
1402 5272 1709 5347 intagliate
1734 5272 1796 5329 in
1818 5291 1999 5330 rame.
2027 5273 2075 5329 Il
2100 5272 2493 5347 frontespizio
2519 5273 2552 5330 e
2577 5272 2854 5347 figurato.

474 5465 655 5523 2911.
682 5461 940 5522 MACCÀ
963 5465 1235 5522 Gaetano
1262 5464 1593 5532 Girolamo,
1620 5465 1800 5522 Della
1823 5483 2006 5522 zecca
2029 5464 2332 5522 vicentina
2354 5473 2606 5532 trattato,
2633 5464 2904 5522 Vicenza
2934 5465 3109 5532 1802,
3136 5464 3198 5521 in
3225 5465 3278 5532 8,
3305 5466 3393 5522 M.
3422 5464 3517 5522 68.

711 5561 852 5617 Non
876 5560 909 5617 e
934 5559 1045 5617 che
1069 5578 1188 5617 una
1211 5568 1454 5617 moneta
1476 5559 1539 5616 in
1563 5560 1744 5634 legno
1772 5560 1862 5617 sul
1887 5559 2298 5634 frontespizio.

474 5752 655 5810 2912.
694 5753 1169 5809 MACHIAVELLI
1203 5751 1552 5819 Alexandri,
1591 5753 1685 5809 De
1722 5751 1907 5809 veteri
1942 5752 2267 5809 bononeno
2304 5752 2383 5808 Al
2425 5753 2503 5826 [p.
2545 5751 2646 5821 69]
2688 5751 2849 5826 genti
2885 5751 3201 5809 Bononiae
3238 5751 3595 5819 dissertatio,
3634 5751 3950 5809 Bononiae
3994 5752 4168 5819 1721,
4207 5751 4269 5808 in
4304 5752 4360 5819 4,
4400 5751 4485 5819 fi.,

706 5847 899 5905 M.16.

712 5944 847 6001 Con
871 5944 1057 6001 molte
1082 5952 1323 6001 monete
1347 5943 1654 6018 intagliate
1678 5943 1741 6000 in
1765 5944 1945 6018 legno
1971 5943 2061 6001 fra
2083 5943 2126 6000 il
2150 5952 2304 6001 testo
2330 5962 2363 6001 e
2387 5952 2472 6001 tre
2496 5944 2696 6001 tavole
2720 5943 2782 6000 in
2806 5944 2986 6018 legno
3012 5943 3073 6001 di
3100 5943 3251 6018 sigle
3275 5943 3623 6001 numeriche
3651 5943 3936 6018 singolari
3962 5944 4017 6001 al
4043 5943 4184 6001 fine.

474 6135 655 6193 2913.
715 6136 1027 6192 MAGNAN
1081 6134 1410 6202 Dominici,
1470 6134 1871 6192 Miscellanea
1925 6134 2366 6202 numismatica,
2425 6134 2487 6191 in
2544 6134 2760 6209 quibus
2819 6134 3173 6192 exhibentur
3226 6135 3607 6209 populorum,
3667 6134 4163 6209 insignorumque
4221 6134 4488 6192 virorum

706 6230 1070 6288 numismata
1093 6230 1315 6298 omnia,
1342 6232 1575 6288 Romae
1601 6249 1635 6288 a
1665 6231 1821 6288 1772
1848 6231 1923 6288 ad
1953 6231 2127 6298 1774,
2155 6231 2274 6288 vol.
2302 6231 2358 6298 4,
2385 6230 2447 6287 in
2474 6231 2527 6298 8,
2555 6230 2735 6305 legati
2759 6230 2821 6287 in
2845 6231 2978 6288 due.

474 6423 655 6481 2914.
687 6424 999 6480 MAGNAN
1025 6422 1355 6490 Dominici,
1387 6423 1559 6480 Altro
1589 6423 1922 6497 esemplare
1951 6422 2012 6480 di
2041 6423 2445 6497 quest’opera,
2477 6422 2750 6497 disposto
2778 6441 2885 6497 per
2912 6422 3121 6480 ordine
3151 6422 3473 6480 alfabetico
3504 6422 3602 6480 dei
3629 6422 3841 6497 popoli
3870 6441 3903 6480 e
3932 6422 4094 6497 degli
4122 6422 4484 6497 imperatori,

2171 6657 2347 6694 WWW.
2358 6637 2734 6710 memofonte.
2748 6639 2791 6694 il
