4958 7017
1981 864 2366 922 Fondazione
2390 838 2775 922 Mernofonte
2800 865 2976 922 onlus

1390 960 1600 1018 Studio
1624 979 1731 1035 per
1754 960 2226 1018 l’elaborazione
2250 960 2632 1018 informatica
2655 961 2813 1018 delle
2838 960 2991 1018 fonti
3018 960 3571 1018 storico—artistiche

481 1248 714 1322 Evelyn
737 1249 921 1315 Jean,
949 1247 1269 1321 Sculptura
1295 1268 1369 1305 or
1391 1248 1487 1305 the
1512 1248 1739 1321 history
1765 1259 1896 1315 etc.,
1924 1247 2063 1305 258.

480 1394 784 1465 Exequias
801 1411 920 1465 per
942 1391 1001 1449 lo
1024 1394 1135 1449 Rei
1156 1394 1228 1449 D.
1257 1394 1339 1449 lo.
1376 1394 1436 1459 V,
1471 1391 1644 1449 1518.

480 1538 847 1593 Exercitatio
861 1536 1132 1609 juridica
1157 1536 1232 1593 de
1257 1536 1794 1609 agrimensoribus,
1822 1536 1961 1594 910.

480 1682 959 1737 Exercitationes
983 1680 1058 1737 de
1083 1680 1407 1753 sacrificiis
1433 1691 1491 1737 et
1513 1680 1588 1737 de
1613 1682 1836 1753 nuptiis
1863 1700 2030 1747 rom.,
2065 1679 2238 1737 1642.

480 1822 862 1896 Explication
887 1823 962 1880 de
986 1823 1143 1880 deux
1165 1822 1480 1880 medailles
1497 1842 1663 1896 pour
1686 1822 2031 1880 Guillaume
2054 1825 2154 1890 III,
2182 1823 2361 1880 2834.

480 1966 862 2040 Explication
887 1967 995 2024 des
1020 1986 1321 2040 ouvrages
1345 1967 1420 2024 de
1437 1969 1620 2040 peint.
1652 1966 1864 2040 sculp.,
1891 1966 2072 2024 4285.

480 2110 862 2184 Explication
887 2111 995 2168 des
1021 2110 1305 2168 tableaux
1326 2111 1401 2168 de
1428 2110 1487 2168 la
1514 2110 1646 2168 Gal.
1678 2111 1753 2168 de
1783 2110 2125 2178 Versailles,
2155 2111 2334 2168 3388.

480 2254 862 2328 Explication
887 2255 995 2312 des
1012 2257 1338 2328 peintures,
1370 2254 1556 2328 sculp.
1590 2266 1695 2312 etc.
1727 2255 1802 2312 de
1829 2254 1849 2312 l
1862 2255 2202 2312 ’Acade'mie
2225 2257 2314 2322 R.,
2348 2254 2522 2322 1260,
2556 2254 2729 2312 1261.

480 2397 862 2471 Explication
887 2398 962 2455 de
987 2409 1200 2471 quatre
1227 2397 1364 2455 tabl.
1396 2398 1476 2455 du
1503 2400 1689 2455 Titien
1714 2398 1966 2471 d’après
1992 2397 2046 2455 le
2072 2398 2286 2455 chants
2310 2398 2385 2455 de
2409 2400 2762 2471 Petrarque,
2797 2397 2970 2455 1156.

481 2972 737 3030 Fabretti
761 2972 972 3047 Raph.,
997 2975 1464 3046 Inscriptionum
1488 2975 1875 3046 antiquarum
1901 2984 2032 3040 etc.,
2061 2973 2239 3030 3112.

481 3116 737 3174 Fabretti
761 3116 972 3191 Raph.,
997 3119 1092 3174 De
1117 3119 1295 3190 aquis
1321 3128 1379 3174 et
1400 3117 1883 3190 aquaeductibus
1905 3119 2154 3184 Romae,
2183 3117 2361 3174 3708.

481 3260 737 3318 Fabretti
761 3260 972 3335 Raph.,
998 3261 1256 3318 Jasithei
1279 3261 1363 3318 ad
1387 3262 1802 3318 Grunnovium
1826 3260 2193 3334 apologema
2220 3272 2351 3328 etc.,
2380 3261 2558 3319 3709.

481 3403 737 3461 Fabretti
761 3403 972 3478 Raph.,
997 3406 1092 3461 De
1118 3403 1401 3461 columna
1430 3406 1710 3477 Trajana,
1739 3404 1917 3461 3710.

481 3547 654 3605 Fabri
678 3548 866 3615 Ales,
897 3549 1199 3611 Orazione
1224 3547 1377 3605 sulle
1403 3547 1560 3605 belle
1585 3550 1720 3615 arti,
1755 3548 1929 3605 1312.

481 3691 654 3749 Fabri
680 3691 825 3759 Gir.,
850 3694 931 3749 Le
956 3711 1132 3749 sacre
1157 3694 1444 3749 memorie
1469 3692 1532 3749 di
1553 3694 1862 3759 Ravenna,
1889 3691 2069 3749 4005.

481 3835 654 3893 Fabri
678 3835 851 3903 Petri,
873 3837 1221 3909 Agosticon,
1252 3836 1327 3893 de
1355 3855 1417 3893 re
1442 3835 1748 3903 athletica,
1783 3835 1956 3893 1643.

481 3978 737 4036 Fabricii
762 3978 1125 4053 Christoph,
1150 3981 1245 4036 De
1273 3981 1484 4036 rostris
1509 3981 1655 4036 Fori
1676 3981 1953 4046 Romani,
1982 3979 2160 4036 3218.

481 4122 737 4180 Fabricii
763 4123 964 4190 Gabr.,
989 4125 1084 4180 De
1111 4122 1397 4196 l’e’poque
1421 4123 1496 4180 de
1522 4122 1925 4196 l’équitation,
1959 4122 2133 4190 1644,
2159 4122 2340 4180 4601.

481 4266 737 4324 Fabricii
763 4267 1005 4341 Georg,
1027 4268 1465 4340 Antiquitatum
1491 4287 1632 4324 rom.
1666 4266 1762 4324 lib.
1792 4269 1865 4334 Il,
1894 4267 2072 4324 3711.

481 4410 737 4468 Fabricii
761 4410 1082 4485 Principio,
1104 4410 1420 4478 Allusioni,
1455 4413 1724 4484 imprese,
1758 4411 1835 4468 ed
1858 4410 2153 4478 emblemi,
2188 4410 2361 4469 1896.

481 4553 779 4611 Fabbroni
803 4554 940 4621 Ad.,
968 4553 1306 4611 Simulacro
1331 4554 1394 4611 di
1422 4556 1648 4611 Venere
1676 4553 1993 4621 illustrato,
2023 4553 2202 4611 3503.

481 4697 779 4755 Fabbroni
803 4698 940 4765 Ad.,
968 4699 1163 4771 Sopra
1190 4718 1309 4755 una
1334 4698 1561 4755 dubbia
1586 4709 1786 4755 statua
1814 4700 1872 4755 in
1901 4697 2347 4771 Campidoglio,
2377 4697 2554 4755 3504.

481 4841 779 4899 Fabbroni
803 4842 981 4916 Ang.,
1009 4841 1171 4899 Sulle
1196 4853 1391 4899 statue
1416 4842 1479 4899 di
1499 4842 1716 4909 Niobe,
1746 4841 1924 4899 3505.

481 4985 779 5043 Fabbroni
805 4985 964 5053 Gio.,
995 4985 1246 5043 Coltura
1271 4985 1436 5059 degli
1459 4986 1688 5043 antichi
1711 4986 2001 5043 abitatori
2024 4985 2289 5053 d’Italia,
2317 4985 2497 5053 2573,
2526 4986 2705 5044 3219.

481 5128 801 5186 Facillima
826 5129 1143 5186 methodus
1167 5128 1516 5186 delineandi
1540 5129 1788 5186 humani
1812 5131 2089 5202 corporis
2106 5140 2336 5202 partes,
2366 5129 2503 5186 323.

481 5272 690 5330 Faerni
716 5273 917 5340 Gabr.,
944 5272 1219 5330 Fabulae
1244 5284 1499 5340 centum,
1533 5273 1706 5330 1124.

481 5416 787 5491 Falagiani
813 5417 885 5474 G.
914 5417 1093 5484 And.,
1118 5416 1301 5474 Della
1326 5419 1729 5490 generazione
1754 5417 1856 5474 de’
1883 5416 2096 5484 colori,
2124 5417 2262 5475 984.

481 5560 662 5617 Falco
690 5559 803 5630 (di)
829 5561 999 5627 Ben.,
1024 5562 1419 5623 Descrizione
1444 5560 1507 5617 di
1527 5559 1772 5633 Napoli,
1799 5559 1980 5617 4265.

481 5704 766 5761 Falconet
788 5703 1057 5771 Etienne,
1085 5705 1201 5761 Sur
1223 5703 1282 5761 la
1307 5715 1502 5761 statue
1527 5704 1602 5761 de
1625 5706 1706 5761 M.
1733 5703 1975 5771 Aurele,
2005 5703 2183 5761 3506.

481 5848 766 5905 Faleonet
788 5847 1057 5915 Etienne,
1088 5849 1359 5905 Oeuvres
1383 5848 1491 5905 des
1517 5848 1715 5905 beaux
1736 5859 1917 5915 artes,
1945 5848 2042 5906 29.

481 5992 665 6049 Falda
689 5992 761 6049 G.
789 5993 881 6059 B.,
909 5991 1048 6049 vedi
1072 5991 1356 6059 Ferrerio,
1382 5991 1563 6049 Rossi
1589 5991 1726 6049 Gio.
1756 5991 1925 6049 Giac.

481 6134 690 6192 Faletti
716 6134 861 6202 Gir.,
886 6137 972 6192 La
997 6137 1229 6192 musica
1247 6146 1575 6208 poemetto,
1603 6134 1741 6193 985.

481 6278 690 6336 Faletti
714 6280 907 6346 Tom.,
932 6279 1357 6342 Introduzione
1382 6278 1507 6336 allo
1532 6279 1732 6336 studio
1757 6279 1859 6336 de’
1884 6281 2093 6346 musei,
2121 6278 2301 6336 2835.

481 6422 759 6480 Faluschi
785 6422 1060 6490 Gioach.,
1085 6422 1263 6480 Delle
1289 6442 1432 6480 cose
1457 6423 1520 6480 di
1544 6424 1744 6490 Siena,
1770 6422 1951 6480 4335.

2171 6657 2347 6694 WWW.
2358 6637 2734 6710 memofonte.
2748 6639 2791 6694 it
