4958 7017
1981 864 2366 922 Fondazione
2390 864 2775 922 Memofonte
2800 865 2976 922 onlus

1390 960 1600 1018 Studio
1624 979 1731 1035 per
1754 960 2226 1018 l’elaborazione
2250 960 2632 1018 informatica
2655 961 2813 1018 delle
2838 960 2991 1018 fonti
3018 960 3571 1018 storico—artistiche

483 1251 690 1320 1460.
725 1253 1065 1333 ESEQUIE
1095 1251 1268 1320 fatte
1300 1251 1374 1319 in
1405 1251 1697 1320 Padova
1728 1251 1794 1320 al
1827 1273 1999 1341 gran
2029 1251 2265 1341 priore
2297 1251 2411 1320 de’
2451 1251 2841 1320 Lombardi
2872 1253 2944 1320 F.
2979 1251 3342 1341 Agostino
3374 1253 3601 1320 Forza
3631 1251 3805 1320 dura
3836 1251 3983 1341 Sig.
4020 1251 4092 1320 di
4125 1251 4487 1320 Candiolo

716 1366 924 1448 1663,
957 1366 1031 1434 in
1060 1366 1187 1435 fol.
1221 1366 1347 1456 fig.

707 1478 883 1535 Colle
918 1477 1187 1535 orazioni
1223 1477 1477 1535 funerali
1513 1496 1546 1535 e
1580 1477 1600 1534 i
1635 1477 2131 1552 componimenti:
2171 1478 2269 1535 nel
2305 1477 2430 1535 fine
2466 1477 2526 1535 vi
2560 1496 2710 1535 sono
2746 1478 2946 1535 tavole
2981 1477 3199 1552 cinque
3235 1496 3554 1552 compreso
3589 1477 3632 1534 il
3666 1477 3890 1535 ritratto
3926 1496 3959 1535 e
3993 1477 4036 1534 il
4072 1477 4483 1552 frontespizio,

706 1573 1012 1648 intagliate
1037 1574 1114 1631 da
1138 1573 1437 1631 Giacomo
1462 1573 1736 1631 Buffoni.

2310 1784 2649 1838 MDCLXV

487 1884 694 1953 1461.
733 1886 1059 1952 BARELA
1088 1884 1454 1953 Giovanni
1490 1886 1598 1966 B.,
1636 1886 1952 1953 Honrras
1990 1906 2030 1953 a
2062 1884 2132 1953 la
2165 1884 2545 1953 Catholica
2577 1884 2951 1974 magestad
2985 1884 3102 1953 del
3135 1906 3260 1974 rey
3293 1886 3381 1953 D.
3420 1884 3750 1974 Philippe
3784 1895 4034 1974 quarto
4070 1884 4484 1953 celebradas

708 2021 797 2068 en
825 1999 1061 2068 Milan
1092 2000 1154 2068 a’
1201 2000 1285 2068 17
1318 1999 1730 2068 deciembre
1768 1999 1976 2081 1665,
2008 1999 2413 2068 traducidas
2445 1999 2535 2068 de
2564 1999 2860 2068 italiano
2891 2021 2980 2068 en
3008 1999 3398 2089 Espannol,
3431 1999 3505 2067 in
3534 1999 3661 2068 fol.

706 2112 792 2168 La
813 2110 1116 2168 relazione
1142 2110 1207 2168 fu
1234 2119 1391 2168 stesa
1413 2110 1476 2167 in
1499 2110 1746 2168 italiano
1772 2111 1870 2168 dal
1894 2112 1954 2168 P.
1984 2110 2224 2168 Giovan
2247 2110 2500 2168 Battista
2522 2111 2755 2178 Barela,
2782 2111 3036 2168 tradotta
3058 2110 3120 2167 in
3146 2111 3481 2185 spagnuolo
3507 2111 3584 2168 da
3606 2112 3680 2168 D.
3708 2110 3949 2168 Cabrici
3974 2111 4049 2168 de
4073 2111 4305 2168 Ucedo.

2413 2340 2780 2394 MDCLXVI

483 2440 690 2509 1462.
739 2442 1140 2509 FUNERALI
1180 2440 1252 2509 di
1299 2440 1660 2509 Giacomo
1707 2442 1822 2522 III,
1871 2462 1945 2509 re
1991 2440 2183 2509 della
2227 2441 2422 2509 Gran
2468 2442 2826 2530 Bretagna
2871 2440 3209 2509 celebrati
3254 2462 3381 2530 per
3425 2440 3676 2509 ordine
3722 2440 3822 2509 dii
3869 2440 4247 2509 Clemente
4293 2442 4481 2522 VIII,

707 2555 957 2624 l’anno
996 2555 1182 2624 1666
1212 2557 1468 2637 Roma,
1501 2555 1575 2623 in
1604 2555 1731 2624 fol.
1765 2555 1891 2645 fig.

2297 2780 2664 2834 MDCLXVI

483 2880 690 2949 1463.
725 2882 997 2949 EDERO
1023 2880 1279 2962 Pietro,
1315 2880 1370 2948 Il
1401 2891 1874 2949 monumento
1907 2880 2098 2949 della
2128 2880 2529 2970 grandezza
2557 2880 2747 2949 reale
2780 2880 2920 2949 alla
2949 2880 3302 2949 memoria
3332 2880 3404 2949 di
3435 2880 3721 2970 Filippo
3753 2882 3851 2949 IV
3883 2880 3935 2948 il
3967 2880 4233 2970 grande
4263 2902 4389 2970 per
4418 2880 4486 2949 le

708 2995 1002 3085 esequie
1031 2995 1310 3085 fattein
1340 2995 1414 3063 in
1442 2995 1727 3064 Milano
1757 2995 1949 3064 nella
1977 2995 2307 3085 cappella
2335 2995 2407 3064 di
2439 2996 2657 3064 Santa
2683 2995 2920 3064 Maria
2948 2995 3139 3064 della
3168 2995 3400 3077 Scala,
3442 2995 3650 3077 1666,
3684 2995 3758 3063 in
3787 2995 3914 3064 fol.
3948 2995 4074 3085 fig.

706 3108 780 3164 D.
811 3106 1007 3164 Pietro
1036 3106 1345 3181 Giuseppe
1372 3107 1567 3164 Edero
1596 3106 1828 3181 gesuita
1853 3106 2099 3164 inventò
2128 3125 2161 3164 e
2189 3106 2502 3164 descrisse.
2533 3106 2871 3181 Ambrogio
2899 3106 3133 3164 Pissina
3159 3106 3225 3164 fu
3252 3106 3627 3181 l’ingegnere
3655 3125 3688 3164 e
3715 3125 3837 3164 non
3864 3106 3924 3164 vi
3954 3106 4003 3164 si
4030 3115 4281 3164 trovano
4310 3106 4421 3164 che
4449 3107 4486 3163 2

706 3203 906 3260 tavole
931 3202 1250 3277 d’intaglio
1275 3221 1397 3260 non
1421 3221 1742 3277 compreso
1767 3202 1810 3259 il
1835 3202 2245 3277 frontespizio.

2426 3432 2765 3486 MDCLXV

479 3532 686 3601 1464.
731 3534 1133 3601 RUCELLAI
1171 3532 1405 3622 Luigi,
1449 3532 1762 3622 Esequie
1803 3532 2099 3601 d’Anna
2136 3532 2374 3601 Maria
2412 3532 2772 3601 Maurizia
2811 3532 3185 3601 d’Austria
3223 3532 3504 3622 Regina
3543 3532 3615 3601 di
3655 3532 3972 3614 Francia,
4017 3532 4373 3601 celebrate
4414 3532 4488 3600 in

706 3647 1002 3716 Firenze
1036 3647 1128 3716 da
1158 3647 1609 3716 Ferdinando
1645 3649 1707 3715 Il
1741 3648 1935 3716 Gran
1969 3649 2177 3716 Duca
2210 3647 2282 3716 di
2316 3649 2647 3716 Toscana
2679 3647 3013 3716 descritte
3047 3647 3138 3716 da
3170 3647 3382 3737 Luigi
3416 3647 3792 3729 Rucellai,
3829 3647 3903 3715 in
3935 3647 4231 3716 Firenze
4274 3647 4482 3729 1666,

707 3762 781 3830 in
809 3763 877 3844 4,
910 3762 1036 3852 fig.

709 3874 873 3931 Sono
899 3873 961 3930 in
987 3873 1111 3931 fine
1137 3874 1253 3931 due
1282 3882 1511 3948 stampe
1536 3873 1599 3930 in
1624 3873 1818 3948 foglio
1845 3874 2280 3948 dell’apparato
2307 3873 2575 3948 eseguite
2603 3873 2694 3931 sui
2721 3873 2957 3948 disegni
2983 3873 3044 3931 di
3069 3873 3444 3931 Ferdinando
3470 3875 3685 3941 Tacca,
3713 3874 3789 3931 ed
3813 3873 4119 3948 intagliate
4145 3874 4222 3931 da
4247 3873 4487 3931 Giovan

706 3969 959 4027 Battista
981 3970 1165 4027 Falda
1188 3988 1221 4027 e
1246 3970 1323 4027 da
1345 3969 1613 4027 Adriano
1639 3970 1948 4044 Haelweg.

2400 4199 2793 4253 MDCLXVII

487 4299 694 4368 1465.
731 4301 1371 4368 DIMOSTRAZIONI
1402 4299 1665 4368 festive
1702 4299 1941 4368 fattesi
1979 4299 2053 4367 in
2090 4301 2343 4368 Parma
2379 4299 2470 4368 da
2505 4299 2877 4368 Ranuccio
2914 4301 3221 4368 Farnese
3257 4321 3384 4389 per
3419 4299 3916 4368 l’assunzione
3955 4299 4021 4368 al
4057 4299 4486 4389 pontificato

708 4414 780 4483 di
811 4414 1189 4483 Clemente
1219 4416 1340 4496 IX,
1373 4416 1626 4483 Parma
1662 4414 1871 4496 1667,
1904 4414 1978 4482 in
2007 4414 2134 4483 fol.
2167 4414 2306 4504 pic.

707 4526 842 4583 Con
865 4544 984 4583 una
1009 4526 1139 4583 sola
1160 4525 1401 4600 piccola
1423 4526 1625 4583 tavola
1647 4525 1710 4582 in
1733 4544 1913 4583 rame.

485 4722 578 4810 [p.
613 4720 784 4803 251]

2400 4850 2793 4904 MDCLXVII

487 4950 694 5019 1466.
731 4951 1055 5019 SBARRA
1083 4952 1308 5032 Fran,
1348 4952 1451 5019 La
1487 4961 1783 5019 contesa
1818 4950 2148 5019 dell’aria
2183 4972 2222 5019 e
2259 4950 2691 5040 dell’acqua,
2731 4950 2917 5019 festa
2953 4972 2993 5019 a
3028 4950 3311 5019 cavallo
3347 4972 3473 5040 per
3507 4950 3575 5019 le
3611 4972 3840 5019 nozze
3877 4950 4487 5040 dell’imperatore

706 5065 1084 5155 Leopoldo
1127 5087 1166 5134 e
1207 5065 1663 5134 dell’infante
1703 5065 2145 5155 Margherita
2184 5065 2374 5134 delle
2416 5066 2725 5155 Spagne.
2771 5067 3139 5134 Inventata
3179 5087 3218 5134 e
3259 5065 3595 5134 descritta
3634 5065 3725 5134 da
3763 5067 4163 5134 Francesco
4206 5065 4482 5147 Sbarra,

707 5180 993 5249 Vienna
1029 5180 1237 5262 1667,
1270 5180 1344 5248 in
1373 5180 1422 5249 f.
1456 5180 1583 5270 fig.

707 5292 842 5349 Con
865 5300 1053 5349 trenta
1075 5292 1276 5349 tavole
1300 5291 1363 5348 in
1385 5310 1549 5349 rame
1574 5310 1607 5349 e
1632 5292 1690 5349 la
1713 5291 1947 5349 musica
1968 5292 2068 5366 pel
2091 5292 2338 5349 balletto
2365 5310 2399 5349 a
2422 5292 2657 5349 cavallo
2683 5310 2716 5349 e
2742 5292 2798 5349 le
2823 5291 3184 5349 descrizioni
3209 5310 3242 5349 e
3267 5292 3323 5349 le
3347 5292 3385 5348 4
3410 5292 3610 5349 tavole
3633 5292 3733 5366 pel
3758 5291 3942 5349 fuoco
3968 5291 4314 5349 d’artifizio.

2387 5521 2806 5575 MDCLXVIII

487 5621 694 5690 1467.
733 5623 1120 5690 FONTANA
1149 5621 1387 5703 Carlo,
1426 5623 1707 5690 Lettera
1740 5621 1814 5689 in
1848 5621 2158 5711 risposta
2193 5621 2259 5690 al
2296 5621 2443 5711 Sig.
2484 5621 2778 5690 Ottavio
2815 5621 3270 5711 Castiglioni,
3309 5621 3383 5689 in
3419 5621 3534 5690 cui
3569 5632 3905 5690 racconta
3938 5621 3990 5689 il
4025 5621 4487 5690 nobilissimo

706 5736 1056 5805 rinfresco
1125 5736 1291 5805 dato
1360 5736 1476 5805 dai
1544 5736 1885 5805 Cardinal
1952 5736 2168 5826 Chigi
2238 5736 2378 5805 alla
2444 5736 2591 5826 Sig.
2664 5738 2752 5805 D.
2824 5736 3159 5805 Caterina
3224 5736 3675 5826 Rospigliosi
3744 5758 3783 5805 e
3852 5736 4006 5805 altri
4072 5736 4379 5826 principi
4448 5758 4487 5805 e

706 5851 1173 5941 principesse,
1206 5853 1443 5920 Roma
1479 5851 1687 5933 1668,
1721 5851 1795 5919 in
1823 5852 1891 5933 4,
1924 5851 2050 5941 fig.

707 5963 842 6020 Con
867 5962 903 6020 6
928 5963 1128 6020 tavole
1152 5962 1215 6019 in
1238 5971 1387 6020 tutto
1413 5962 1606 6037 foglio
1631 5962 1938 6037 intagliate
1963 5963 2040 6020 da
2062 5964 2123 6020 P.
2154 5963 2211 6020 S.
2239 5962 2485 6020 Bartoli.

2310 6173 2650 6227 MDCLXX

479 6273 686 6342 1468.
734 6275 1152 6342 PERRAULT
1189 6274 1348 6342 Car.
1396 6273 1684 6342 Festiva
1727 6273 1816 6342 ad
1859 6273 2095 6363 capita
2138 6273 2627 6363 annulumque
2671 6273 3003 6342 decursio
3050 6295 3090 6342 a
3131 6275 3333 6363 Rege
3376 6273 3754 6342 Ludovico
3798 6275 3971 6342 XIV
4014 6273 4484 6363 principibus,

710 6388 1159 6478 summisque
1198 6388 1402 6457 aulae
1438 6388 1879 6478 proceribus,
1921 6388 2112 6457 edita
2149 6410 2257 6457 an.
2308 6388 2494 6457 1662
2536 6388 2821 6478 scripsit
2857 6388 3140 6457 Gallice
3178 6388 3482 6457 Carolus
3521 6388 3859 6470 Perrault;
3900 6388 4118 6457 latine
4154 6388 4483 6470 reddidit,

2171 6657 2347 6694 WWW.
2358 6637 2734 6710 memofonte.
2748 6639 2791 6694 il
