4958 7017
1981 864 2366 922 Fondazione
2390 864 2775 922 Memofonte
2800 865 2976 922 onlus

1390 960 1600 1018 Studio
1624 979 1731 1035 per
1754 960 2226 1018 l’elaborazione
2250 960 2632 1018 informatica
2655 961 2813 1018 delle
2838 960 2991 1018 fonti
3018 960 3571 1018 storico—artistiche

473 1252 640 1320 434.
690 1253 1070 1320 BLONDEL
1107 1251 1469 1340 Francois,
1520 1252 1752 1320 Cours
1800 1251 2348 1320 d’architecture
2394 1251 2738 1341 enseigné
2784 1251 2960 1320 dans
3007 1251 3514 1320 l’Accademie
3559 1251 3837 1341 Royale
3883 1251 4482 1333 d’Architecture,

707 1366 901 1435 Paris
941 1366 1149 1448 1698,
1182 1366 1256 1434 in
1285 1366 1438 1448 fol.,
1472 1367 1516 1434 2
1546 1366 1690 1435 vol.
1724 1366 1850 1456 fig.
1886 1366 2219 1435 Seconde
2249 1366 2522 1435 édition
2553 1367 2980 1456 augmentée
3010 1377 3079 1435 et
3107 1366 3449 1456 corrigée.

708 1478 909 1552 Opera
955 1477 1111 1535 assai
1156 1478 1275 1535 ben
1321 1477 1713 1552 immaginata
1759 1478 1835 1535 ed
1881 1477 2167 1552 eseguita,
2217 1496 2334 1535 ove
2383 1496 2534 1535 sono
2581 1477 2855 1535 instituiti
2905 1478 3056 1535 sulle
3102 1478 3303 1535 tavole
3349 1477 3656 1552 intagliate
3702 1477 3722 1534 i
3770 1477 4071 1535 confronti
4118 1478 4276 1535 delle
4324 1477 4486 1535 varie

705 1573 1092 1648 proporzioni
1125 1592 1158 1631 e
1191 1573 1446 1631 dottrine
1479 1573 1540 1631 di
1572 1573 1869 1641 Vitruvio,
1904 1573 2188 1648 Vignola,
2223 1573 2493 1631 Palladio
2527 1592 2560 1631 e
2595 1573 2913 1631 Scamozzi
2946 1592 2979 1631 e
3015 1573 3207 1631 Serlio
3241 1592 3274 1631 e
3306 1574 3591 1641 Barbaro,
3627 1592 3660 1631 e
3692 1573 3988 1631 Filandro.
4026 1574 4227 1648 Opera
4258 1574 4423 1631 dotta
4454 1592 4487 1631 e

709 1669 1179 1744 superiormente
1214 1670 1369 1727 bene
1406 1669 1719 1744 disegnata
1755 1688 1788 1727 e
1827 1678 2118 1744 stampata
2153 1688 2271 1727 con
2307 1688 2452 1744 gran
2487 1688 2738 1727 numero
2776 1669 2837 1727 di
2873 1670 3073 1727 tavole
3109 1669 3171 1726 in
3205 1688 3370 1727 rame
3405 1669 3686 1744 riportate
3723 1669 3814 1727 fra
3848 1669 3891 1726 il
3927 1678 4098 1727 testo.
4138 1670 4486 1744 Esemplare

706 1765 1039 1840 magnifico
1064 1765 1127 1822 in
1151 1784 1293 1823 mar.
1322 1766 1447 1823 dor.

473 1980 640 2049 435.
679 1982 1059 2049 BLONDEL
1086 1980 1448 2069 Francois,
1487 1982 1599 2049 De
1633 1980 1703 2049 la
1736 1980 2193 2049 distribution
2228 1980 2354 2049 des
2390 1980 2712 2049 maisons
2749 1980 2838 2049 de
2871 1980 3240 2070 plaisance
3275 1991 3344 2049 et
3377 1980 3466 2049 de
3508 1982 3601 2070 [p.
3640 1981 3762 2063 78]
3804 1980 3874 2049 la
3907 1980 4323 2049 decoration
4358 1980 4484 2049 des

708 2095 1011 2164 edifices
1043 2117 1132 2164 en
1163 2095 1473 2185 general,
1506 2095 1700 2164 Paris
1741 2096 1949 2177 1737,
1983 2117 2072 2164 en
2100 2096 2168 2177 4,
2201 2095 2328 2185 fig.
2364 2096 2403 2164 3
2437 2095 2581 2164 vol.

707 2207 823 2264 Col
850 2206 1243 2281 frontespizio
1271 2206 1586 2281 disegnato
1614 2207 1691 2264 da
1716 2206 1953 2264 Cochin
1979 2225 2012 2264 e
2039 2215 2215 2264 cento
2245 2215 2514 2264 sessanta
2538 2207 2740 2264 tavole
2766 2206 2828 2263 in
2852 2225 3017 2264 rame
3043 2206 3238 2264 inciso
3266 2207 3641 2264 dall’autore.
3674 2206 4217 2264 Sfortunatamente
4245 2207 4489 2281 l’epoca

706 2301 768 2358 in
794 2301 892 2359 cui
919 2301 1114 2376 questi
1141 2301 1303 2359 visse
1330 2320 1452 2359 non
1478 2320 1578 2359 era
1603 2302 1661 2359 la
1686 2301 1965 2376 migliore
1990 2302 2090 2376 pel
2117 2310 2292 2376 gusto
2320 2302 2478 2359 delle
2505 2301 2833 2369 fabbriche,
2863 2320 2962 2359 ma
2987 2302 3045 2359 la
3073 2320 3179 2359 sua
3204 2301 3461 2359 dottrina
3486 2320 3519 2359 e
3545 2301 3589 2358 il
3618 2320 3728 2359 suo
3755 2302 3940 2359 modo
3968 2301 4029 2359 di
4056 2301 4486 2359 distribuzione

707 2398 767 2455 lo
793 2397 1227 2455 costituiscono
1253 2397 1343 2455 fra
1366 2397 1450 2472 gli
1476 2397 1767 2455 architetti
1792 2397 2056 2472 migliori
2081 2397 2142 2455 di
2167 2398 2471 2472 quell’età.

473 2612 640 2681 436.
681 2614 1061 2681 BLONDEL
1090 2612 1452 2701 Francois,
1493 2612 1842 2681 Discours
1883 2634 2000 2681 sur
2034 2612 2104 2681 la
2138 2612 2496 2681 necessité
2533 2612 2622 2681 de
2658 2612 2931 2681 l’etude
2968 2612 3058 2681 de
3094 2612 3656 2694 l’Architetture,
3696 2612 3913 2694 Paris,
3954 2612 4131 2681 chez
4168 2612 4490 2681 Jombert

716 2727 924 2809 1764,
957 2727 1031 2795 in
1069 2728 1176 2796 12.

477 2958 644 3026 437.
688 2959 1068 3026 BLONDEL
1100 2957 1462 3046 Francois,
1506 2959 1618 3026 De
1657 2957 1948 3026 l’utilité
1988 2957 2077 3026 de
2107 2957 2395 3047 joindre
2436 2958 2476 3026 à
2514 2957 2787 3026 l’etude
2827 2957 2916 3026 de
2955 2957 3484 3026 l’architecture
3525 2957 3713 3026 celui
3754 2957 3880 3026 des
3924 2957 4248 3026 sciences
4290 2968 4359 3026 et
4397 2957 4486 3026 de

709 3083 845 3141 arts
876 3072 999 3162 qui
1029 3072 1130 3141 lui
1163 3083 1325 3141 sont
1351 3072 1646 3154 relatifs,
1679 3072 1873 3141 Paris
1913 3073 2121 3154 1771,
2154 3072 2228 3140 in
2261 3073 2323 3141 8.

708 3184 1225 3258 Quest’opuscolo
1251 3184 1284 3241 e
1309 3192 1549 3241 estratto
1575 3184 1673 3241 dal
1697 3192 1860 3241 terzo
1886 3184 2130 3241 volume
2155 3184 2253 3241 del
2278 3184 2472 3241 Corso
2498 3183 2968 3241 d’Architettura
2991 3183 3052 3241 di
3077 3192 3289 3258 questo
3316 3192 3537 3241 autore.

477 3399 644 3467 438.
695 3400 1075 3467 BLONDEL
1114 3398 1476 3487 Francois,
1527 3398 1876 3467 Discours
1927 3420 2044 3467 sur
2089 3398 2618 3467 l’architecture
2666 3420 2842 3467 avec
2890 3398 3080 3467 deux
3127 3398 3388 3480 lettres,
3438 3398 3508 3467 la
3552 3398 3904 3488 première
3953 3420 4070 3467 sur
4113 3420 4210 3467 un
4256 3398 4488 3488 projet

708 3513 986 3582 d’hotel
1037 3535 1219 3603 pour
1269 3513 1339 3582 la
1389 3513 1563 3582 ville
1616 3513 1705 3582 de
1756 3513 1973 3595 Paris,
2029 3513 2099 3582 la
2152 3513 2466 3582 seconde
2521 3535 2638 3582 sur
2688 3513 3035 3582 differens
3089 3535 3394 3603 moyens
3447 3535 3743 3603 propres
3799 3514 3839 3582 à
3890 3535 4330 3603 encourager
4380 3513 4485 3582 les

709 3628 1007 3710 artistes,
1040 3628 1257 3710 Paris,
1291 3628 1467 3697 chez
1497 3628 1837 3710 Jombert,
1879 3629 2087 3710 1771,
2121 3650 2210 3697 en
2243 3629 2305 3697 8.

473 3859 640 3928 439.
678 3860 1022 3927 BLOOME
1050 3860 1272 3940 Hans,
1311 3858 1366 3926 Il
1400 3858 1584 3927 libro
1619 3858 1735 3927 dei
1770 3858 2032 3948 cinque
2066 3858 2299 3927 ordini
2334 3858 2524 3927 delle
2558 3858 2869 3927 colonne
2901 3858 3209 3927 tradotto
3244 3858 3361 3927 dal
3394 3858 3618 3927 latino
3652 3858 3726 3926 in
3759 3858 4058 3948 inglese,
4104 3858 4290 3927 1620
4325 3858 4399 3926 in
4432 3858 4482 3927 f.

707 3973 833 4063 fig.
868 3974 1109 4063 Opera
1137 3973 1209 4042 di
1248 3974 1331 4042 18
1365 3973 1549 4063 fogli
1580 3973 1652 4042 di
1685 3984 1963 4063 stampa
1991 3973 2180 4042 colle
2208 3973 2449 4042 tavole
2478 3973 2552 4041 in
2581 3973 2799 4063 legno
2827 3973 2969 4042 ben
2999 3973 3371 4063 disegnate
3401 3995 3440 4042 e
3472 3984 3821 4063 stampate
3850 3973 3959 4042 fra
3986 3973 4038 4041 il
4066 3984 4272 4042 testo.

706 4085 846 4142 Esci
879 4085 1267 4159 quest’opera
1299 4085 1416 4142 alla
1447 4085 1582 4142 luce
1614 4084 1677 4141 in
1710 4084 1894 4142 latino
1928 4103 2046 4142 con
2078 4093 2291 4159 questo
2324 4084 2515 4142 titolo:
2557 4086 2837 4158 Quinque
2871 4084 3289 4142 columnamm
3323 4096 3535 4142 exacta
3568 4085 3902 4158 delcriptio,
3942 4096 4124 4158 atque
4157 4084 4487 4142 delineatio

707 4200 842 4238 cum
867 4183 1233 4238 simmetrica
1261 4200 1469 4238 eamm
1494 4181 1917 4254 descriptione,
1951 4183 2339 4254 conscriapta
2358 4200 2477 4254 per
2497 4183 2587 4238 Jo.
2618 4180 2847 4248 Bloum,
2884 4183 3086 4254 Tiguri
3113 4180 3292 4248 1560,
3321 4199 3354 4238 e
3379 4180 3441 4237 in
3465 4181 3711 4238 tedesco
3738 4180 3803 4238 fu
3826 4180 4156 4255 riprodotta
4179 4181 4277 4238 nel
4310 4180 4484 4238 1671.

706 4277 862 4333 Rara
886 4294 920 4333 a
942 4275 1193 4333 trovarsi
1217 4275 1279 4332 in
1303 4276 1646 4350 qualunque
1671 4275 1892 4350 lingua.

473 4472 640 4540 440.
682 4473 1134 4553 BOFFRAND,
1170 4471 1383 4540 Livre
1421 4471 1971 4540 d’architecture
2010 4482 2395 4540 contenant
2430 4471 2536 4540 les
2574 4471 2935 4561 principes
2976 4472 3336 4561 généraux
3375 4471 3464 4540 de
3503 4482 3616 4540 cet
3653 4482 3773 4553 art,
3814 4471 4008 4540 Paris
4056 4471 4264 4553 1745,
4307 4493 4396 4540 en
4433 4471 4482 4540 f.

707 4586 833 4676 fig.
876 4587 993 4655 On
1031 4609 1077 4676 y
1116 4608 1156 4655 a
1182 4586 1373 4676 joint
1408 4586 1478 4655 la
1514 4586 1954 4676 description
1992 4586 2081 4655 de
2119 4608 2202 4655 ce
2239 4586 2362 4676 qui
2402 4608 2442 4655 a
2478 4587 2589 4655 été
2625 4586 2950 4676 pratique
2986 4608 3168 4676 pour
3203 4586 3460 4655 fondre
3498 4608 3587 4655 en
3622 4586 3893 4655 bronze
3931 4586 4109 4655 d’un
4149 4586 4383 4676 soujet
4418 4586 4488 4655 la

707 4701 941 4791 figure
971 4712 1299 4791 equestre
1329 4701 1418 4770 de
1447 4701 1669 4770 Louis
1700 4703 1894 4770 XIV.
1929 4702 2268 4791 Ouvrage
2297 4701 2613 4790 francois
2646 4712 2715 4770 et
2742 4701 2937 4783 latin,
2970 4701 3164 4770 Paris
3204 4702 3411 4770 1743.

706 4813 969 4887 L’opera
1001 4812 1446 4870 d’architettura
1478 4812 1539 4870 di
1573 4821 1786 4887 questo
1822 4821 2025 4870 autore
2061 4812 2260 4870 scritta
2291 4812 2353 4869 in
2386 4812 2570 4870 latino
2605 4831 2638 4870 e
2672 4812 2944 4870 francese
2979 4812 3217 4887 applica
3249 4812 3420 4870 molti
3452 4812 3700 4887 precetti
3734 4813 3894 4870 delta
3924 4812 4165 4887 poetica
4196 4812 4487 4870 d’Orazio

708 4908 1210 4966 all’architettura.
1257 4909 1305 4965 Il
1349 4908 1502 4966 libro
1547 4909 1580 4966 e
1624 4908 1771 4966 fatto
1816 4927 1933 4966 con
1976 4909 2165 4966 molto
2211 4908 2658 4983 accorgimento
2703 4927 2736 4966 e
2782 4908 3074 4966 saviezza.
3123 4909 3353 4980 Questo
3398 4909 3431 4966 e
3474 4927 3595 4966 uno
3640 4908 3802 4983 degli
3847 4908 4037 4966 autori
4081 4908 4340 4966 francesi
4382 4908 4487 4983 più

705 5004 1031 5079 palladiani
1078 5023 1254 5062 come
1299 5005 1422 5079 può
1470 5004 1706 5062 vedersi
1753 5005 1911 5062 nelle
1958 5005 2037 5062 70
2083 5005 2243 5062 belle
2289 5005 2489 5062 tavole
2535 5004 2843 5079 intagliate
2889 5004 2951 5061 in
2995 5023 3160 5062 rame
3207 5004 3319 5062 che
3368 5013 3579 5062 stanno
3626 5004 3688 5061 in
3735 5005 4140 5079 quest’opera;
4190 5005 4488 5062 dell’altra

708 5100 1072 5175 aggiuntavi,
1101 5119 1135 5158 a
1160 5119 1268 5158 suo
1294 5101 1479 5175 luogo
1507 5100 1556 5158 si
1579 5101 1762 5175 parla.

477 5315 644 5383 441.
686 5316 1158 5383 BONARROTI
1192 5314 1473 5383 Michel
1509 5314 1820 5404 Angelo,
1861 5316 1962 5383 Le
1998 5325 2200 5404 porte
2238 5314 2310 5383 di
2348 5316 2585 5383 Roma
2620 5336 2765 5383 nuo
2810 5316 2903 5404 [p.
2945 5315 3066 5397 79]
3111 5325 3445 5383 vamente
3482 5314 3572 5383 ed
3609 5325 4075 5383 esattamente
4113 5314 4485 5404 disegnate

708 5429 798 5498 ed
826 5429 1214 5519 intagliate,
1248 5429 1584 5519 Bologna
1620 5430 1829 5511 1787,
1862 5429 1936 5497 in
1965 5429 2092 5498 fol.
2126 5429 2252 5519 fig.

706 5542 845 5598 Uno
873 5541 1107 5598 scolaro
1133 5541 1231 5598 del
1255 5540 1529 5608 Bibiena,
1555 5559 1662 5615 par
1684 5559 1864 5598 nome
1891 5540 2196 5598 Giovanni
2221 5540 2536 5598 Lodovico
2563 5540 2807 5612 Quadri,
2835 5540 3024 5598 lasciò
3048 5559 3155 5615 per
3177 5549 3367 5598 morte
3391 5540 3763 5615 incompleto
3788 5540 3831 5597 il
3856 5541 4083 5608 lavoro,
4111 5540 4222 5598 che
4247 5540 4313 5598 fu
4337 5540 4485 5598 fatto

706 5636 1022 5694 terminare
1050 5637 1127 5694 da
1152 5636 1260 5694 Pio
1288 5636 1506 5694 Panfili
1536 5655 1570 5694 a
1599 5655 1773 5711 spese
1801 5636 1862 5694 di
1890 5636 2061 5694 Lelio
2090 5637 2250 5694 dalla
2276 5637 2477 5711 Volpe
2505 5636 2750 5694 editore.
2781 5637 3044 5711 L’opera
3070 5637 3103 5694 è
3133 5655 3348 5704 scarsa,
3379 5636 3651 5711 eseguita
3677 5655 3795 5694 con
3820 5655 3980 5711 poco
4009 5645 4202 5711 gusto.
4233 5638 4415 5711 Dopo
4443 5636 4486 5693 il

707 5732 1099 5807 frontespizio
1125 5733 1158 5790 e
1182 5751 1263 5790 un
1288 5732 1500 5790 avviso
1526 5732 1637 5790 che
1661 5732 1935 5790 istruisce
1960 5732 2021 5790 di
2046 5741 2268 5807 quanto
2296 5751 2491 5807 sopra;
2518 5732 2644 5790 indi
2668 5732 2711 5789 il
2734 5732 2958 5790 ritratto
2984 5733 3082 5790 del
3106 5732 3464 5790 Buonarroti
3489 5751 3522 5790 e
3549 5741 3695 5790 sette
3719 5733 3936 5790 tavole.

477 5948 644 6016 442.
707 5949 1199 6016 BORROMINO
1252 5949 1675 6029 Francesco,
1738 5948 1979 6037 Opera
2036 5958 2288 6016 cavata
2345 5947 2459 6016 da’
2530 5947 2689 6016 suoi
2749 5947 3103 6037 originali,
3166 5947 3327 6016 cioè
3385 5947 3455 6016 la
3513 5947 3759 6016 chiesa
3816 5969 3855 6016 e
3914 5947 4239 6016 fabbrica
4296 5947 4488 6016 della

709 6062 1066 6152 Sapienza
1094 6062 1166 6131 di
1196 6064 1433 6131 Roma
1461 6062 1650 6131 colle
1679 6062 1941 6131 vedute
1969 6062 2475 6152 prospettiche,
2507 6062 2770 6152 piante,
2805 6062 3037 6131 alzato
3068 6084 3197 6144 ec.,
3230 6064 3467 6131 Roma
3503 6062 3711 6144 1760,
3744 6073 3883 6131 tav.
3916 6063 4033 6131 47.

806 6177 1279 6267 Aggiuntovi:
1320 6179 1485 6246 Una
1517 6177 1832 6246 raccolta
1866 6177 1938 6246 di
1974 6177 2130 6246 vasi
2167 6177 2433 6246 diversi
2469 6177 2758 6246 formati
2794 6177 2885 6246 da
2918 6177 3175 6246 illustri
3213 6177 3488 6246 artefici
3526 6177 3791 6246 antichi
3828 6199 3867 6246 e
3903 6177 3975 6246 di
4011 6177 4206 6246 varie
4240 6177 4486 6267 targhe

708 6292 780 6361 di
822 6292 1087 6361 celebri
1130 6292 1479 6361 architetti
1520 6292 1870 6374 moderni,
1915 6292 2078 6361 data
2116 6292 2190 6360 in
2230 6292 2392 6361 luce
2433 6292 2524 6361 da
2562 6292 2974 6361 Domenico
3016 6292 3105 6361 de
3145 6292 3363 6361 Rossi
3405 6292 3615 6361 erede
3656 6292 3729 6361 di
3771 6292 4060 6361 Giovan
4101 6292 4483 6374 Giacomo,

708 6407 1082 6497 disegnata
1110 6429 1149 6476 e
1178 6407 1548 6497 intagliata
1576 6407 1668 6476 da
1695 6409 2095 6476 Francesco
2125 6407 2415 6497 Aquila,
2448 6409 2685 6476 Roma
2721 6408 2928 6476 1713.
2964 6408 3163 6476 Sono
3192 6418 3331 6476 tav.
3366 6407 3452 6476 51
3490 6407 3564 6475 in
3593 6407 3720 6476 fol.
3755 6407 4021 6497 grande
4051 6429 4155 6476 ec.

2171 6657 2347 6694 WWW.
2358 6637 2734 6710 memofonte.
2748 6639 2791 6694 il
