4958 7017
1981 864 2366 922 Fondazione
2390 838 2775 922 Memofonte
2800 865 2976 922 onlus

1390 960 1600 1018 Studio
1624 979 1731 1035 per
1754 960 2226 1018 l’elaborazione
2250 960 2632 1018 informatica
2655 961 2813 1018 delle
2838 960 2991 1018 fonti
3018 960 3571 1018 storico—artistiche

476 1344 655 1402 3809.
682 1345 1021 1401 PALLADIO
1045 1344 1305 1411 Andrea,
1332 1345 1416 1401 Le
1442 1343 1725 1401 antichità
1748 1343 1809 1401 di
1833 1345 2031 1401 Roma
2052 1344 2314 1401 raccolte
2337 1344 2723 1401 brevemente
2748 1343 2910 1418 dagli
2936 1343 3126 1401 autori
3152 1343 3391 1411 antichi,
3419 1362 3452 1401 e
3476 1343 3768 1411 moderni,
3795 1343 4066 1401 Venezia
4096 1343 4271 1411 1554,
4298 1343 4360 1400 in
4387 1344 4439 1401 8.

697 1475 780 1479 —
805 1439 1180 1514 Aggiuntovi
1207 1439 1250 1496 il
1280 1439 1606 1497 sommario
1634 1439 1695 1497 di
1722 1448 1867 1497 tutte
1894 1440 1950 1497 le
1978 1439 2158 1514 leggi,
2189 1458 2222 1497 e
2247 1439 2398 1514 parti
2425 1448 2690 1497 ottenute
2717 1440 2815 1497 nel
2845 1440 3064 1497 Senato
3092 1441 3329 1497 Veneto
3356 1439 3418 1496 in
3445 1439 3693 1497 materia
3719 1439 3780 1497 di
3805 1439 3946 1497 beni
3972 1439 4200 1507 inculti,
4230 1439 4518 1507 Venezia,

697 1554 804 1610 per
828 1535 1131 1593 Giovanni
1157 1535 1374 1603 Grifio,
1409 1535 1584 1603 1558,
1611 1535 1673 1592 in
1700 1536 1752 1593 8.

697 1667 780 1671 —
802 1633 888 1689 La
911 1631 1117 1689 livella
1140 1631 1416 1689 diottrica
1439 1632 1537 1689 del
1562 1632 1760 1689 dottor
1784 1631 2147 1689 Geminiano
2172 1631 2534 1699 Montanari,
2561 1631 2833 1689 Venezia
2863 1631 3037 1699 1680,
3064 1631 3126 1688 in
3153 1632 3205 1689 8.

697 1762 780 1766 —
802 1728 869 1783 In
893 1726 1018 1784 fine
1042 1726 1085 1783 il
1109 1728 1370 1784 Trattato
1396 1727 1556 1784 della
1581 1726 1738 1784 sfera
1761 1726 1822 1784 di
1846 1726 2042 1784 Pietro
2067 1727 2311 1794 Catena,
2338 1726 2400 1783 in
2427 1727 2480 1794 8,
2507 1726 2754 1794 Patavii,
2789 1726 2963 1794 1561,
2992 1727 3150 1801 apud
3175 1726 3523 1784 Gratiosum
3544 1726 3992 1784 Perchacinum.

479 1920 557 1993 [p.
586 1919 729 1988 208]

476 2111 655 2168 3810.
682 2112 1038 2178 PALLADIO,
1066 2112 1150 2168 Le
1176 2110 1459 2168 antichità
1483 2111 1795 2168 dell’alma
1818 2110 1959 2168 città
1982 2110 2043 2168 di
2067 2112 2281 2178 Roma,
2308 2110 2370 2167 in
2393 2110 2681 2178 Venezia,
2707 2129 2814 2185 per
2836 2110 3054 2168 Mattio
3079 2112 3297 2185 Pagan,
3332 2110 3507 2178 1555,
3533 2110 3595 2167 in
3622 2111 3674 2168 8.

476 2302 655 2359 3811.
682 2303 1038 2369 PALLADIO,
1066 2303 1154 2359 Lo
1182 2310 1392 2369 stesso,
1419 2301 1482 2358 in
1506 2301 1793 2369 Venezia,
1819 2320 1926 2376 per
1950 2301 2254 2359 Giovanni
2278 2301 2553 2369 Varisco,
2588 2301 2762 2369 1565,
2789 2301 2851 2358 in
2878 2302 2930 2359 8.

476 2494 655 2551 3812.
682 2495 1038 2561 PALLADIO,
1066 2495 1154 2551 Lo
1182 2502 1392 2561 stesso,
1419 2493 1482 2550 in
1506 2495 1719 2561 Roma,
1745 2512 1955 2568 presso
1980 2493 2295 2551 Vincenzo
2321 2494 2599 2561 Accolto,
2634 2493 2808 2561 1576,
2835 2493 2897 2550 in
2924 2494 2976 2551 8.

480 2686 659 2743 3813.
698 2687 1054 2753 PALLADIO,
1095 2687 1179 2743 Le
1217 2685 1502 2743 antichità
1537 2685 1598 2743 di
1634 2687 1848 2753 Roma,
1886 2686 2148 2743 raccolte
2183 2686 2570 2743 brevemente
2607 2685 2770 2760 dagli
2808 2685 2998 2743 autori
3036 2685 3276 2753 antichi,
3316 2704 3349 2743 e
3386 2685 3678 2743 moderni.
3719 2685 4094 2760 Aggiuntovi
4131 2704 4212 2743 un
4248 2685 4522 2743 discorso

709 2800 886 2856 sopra
909 2781 951 2838 li
976 2781 1183 2839 fuochi
1208 2781 1371 2856 degli
1397 2781 1636 2849 antichi,
1664 2783 1877 2849 Roma,
1912 2781 2087 2849 1587,
2114 2782 2274 2839 nella
2299 2781 2618 2856 stamperia
2641 2781 2702 2839 di
2727 2781 2890 2849 Dito,
2918 2800 2951 2839 e
2975 2782 3161 2839 Paolo
3186 2781 3385 2849 Diani,
3412 2781 3474 2838 in
3501 2782 3553 2839 8.

476 2973 655 3030 3814.
682 2974 1038 3040 PALLADIO,
1066 2974 1150 3030 Le
1176 2972 1459 3030 antichità
1483 2973 1795 3030 dell’alma
1818 2972 1959 3030 città
1982 2972 2043 3030 di
2067 2974 2281 3040 Roma,
2316 2972 2491 3040 1650,
2518 2972 2794 3047 figurato.

710 3142 793 3146 —
821 3108 932 3164 Per
961 3107 1017 3164 le
1049 3115 1236 3164 stesse
1268 3106 1552 3164 antichità
1581 3106 1642 3164 di
1672 3106 1959 3164 Palladio.
1993 3106 2152 3164 Vedi
2184 3106 2372 3164 anche
2400 3106 2737 3164 Martinelli
2770 3108 3093 3174 Giovanni,
3125 3108 3209 3164 Le
3240 3125 3384 3164 cose
3414 3106 3841 3181 meravigliose
3872 3106 3933 3164 di
3963 3108 4175 3174 Roma,
4216 3106 4370 3164 1588
4404 3125 4437 3164 e
4468 3107 4523 3164 le

714 3211 901 3260 stesse
933 3202 1088 3261 1589
1115 3221 1148 3260 e
1173 3202 1312 3260 vedi
1335 3205 1485 3260 Zina
1509 3205 1654 3260 Pier
1674 3205 1726 3259 F
1728 3222 2040 3260 rancesco.

476 3402 655 3460 3815.
693 3404 1055 3460 PANCIROLI
1090 3402 1353 3470 Ottavio,
1391 3402 1601 3460 Tesori
1636 3402 1900 3460 nascosti
1936 3403 2249 3460 dell’alma
2283 3402 2424 3460 città
2458 3402 2519 3460 di
2554 3404 2751 3460 Roma
2785 3421 2902 3460 con
2936 3421 3140 3460 nuovo
3177 3402 3386 3460 ordine
3420 3402 3769 3477 ristampati,
3808 3403 3884 3460 ed
3920 3396 4267 3472 arricchiti,
4308 3398 4523 3460 Roma

707 3501 899 3577 1625,
928 3501 996 3564 in
1026 3502 1085 3577 8,
1115 3501 1231 3584 fig.

698 3607 784 3663 La
819 3605 1013 3680 prima
1050 3605 1328 3663 edizione
1367 3605 1428 3663 di
1467 3606 1856 3680 quest’opera
1894 3624 2152 3680 apparve
2190 3606 2288 3663 nel
2334 3605 2509 3673 1600,
2550 3624 2649 3663 ma
2686 3624 2804 3663 con
2842 3605 3082 3663 diverso
3122 3605 3349 3673 ordine,
3391 3624 3424 3663 e
3462 3624 3584 3663 non
3622 3606 3655 3663 e
3694 3606 3825 3663 così
3862 3605 4211 3680 pregievole
4250 3624 4426 3663 come
4465 3606 4523 3663 la

701 3701 981 3758 seconda:
1011 3700 1356 3758 vastissima
1379 3701 1412 3758 e
1437 3700 1854 3768 l’erudizione,
1884 3700 2312 3775 specialmente
2339 3719 2522 3768 sacra,
2550 3700 2611 3758 di
2636 3700 2733 3758 cui
2759 3701 2792 3758 e
2815 3700 3170 3775 pienissima
3193 3701 3596 3775 quest’opera.

476 3892 655 3950 3816.
686 3894 989 3950 PANVINII
1017 3892 1331 3967 Onophrii,
1362 3894 1456 3950 De
1484 3892 1823 3967 praecipuis
1852 3892 2014 3950 urbis
2044 3894 2276 3950 Romae
2305 3892 2588 3950 Basilicis
2618 3911 2765 3967 quas
2798 3901 3030 3967 septem
3057 3892 3367 3960 ecclesias,
3399 3893 3584 3967 vulgo
3614 3901 3850 3960 vocant,
3882 3892 4049 3960 liber,
4080 3894 4330 3960 Romae,
4363 3893 4522 3967 apud

698 3988 985 4046 haeredes
1011 3988 1261 4046 Antonii
1285 3988 1504 4056 Bladii,
1539 3988 1714 4056 1570,
1740 3988 1802 4045 in
1829 3989 1881 4046 8.

476 4181 655 4238 3817.
682 4182 985 4238 PANVINII
1009 4180 1323 4255 Onophrii,
1350 4180 1678 4255 Imperium
1698 4199 2103 4248 romanorum,
2130 4180 2371 4238 Parisiis
2404 4180 2579 4248 1588,
2606 4180 2668 4237 in
2695 4181 2747 4238 8.

697 4311 780 4315 —
817 4275 1044 4333 Addito
1087 4275 1251 4333 Sexti
1290 4275 1430 4333 Iulii
1469 4275 1735 4333 Frontini
1775 4276 1850 4333 de
1890 4275 2185 4343 Coloniis,
2228 4284 2286 4333 et
2324 4275 2495 4350 origo
2536 4275 2728 4350 gentis
2768 4294 3051 4333 romanae
3090 4275 3318 4333 incerto
3360 4284 3618 4343 auctore,
3661 4284 3719 4333 et
3758 4275 3922 4333 Sexti
3961 4275 4101 4333 Iulii
4140 4275 4406 4333 Frontini
4446 4276 4521 4333 de

700 4371 1189 4446 aquaeductibus,
1216 4371 1457 4429 Parisiis
1490 4371 1665 4439 1588,
1692 4371 1753 4428 in
1780 4372 1832 4429 8.

476 4564 655 4621 3818.
682 4565 985 4621 PANVINII
1009 4563 1323 4638 Onophrii,
1351 4563 1582 4621 Civitas
1606 4582 1871 4631 romana,
1898 4563 2139 4621 Parisiis
2172 4563 2347 4631 1588,
2374 4563 2436 4620 in
2463 4564 2515 4621 8.

698 4660 986 4734 Elegante
1011 4659 1306 4717 edizione.
1336 4660 1564 4731 Questa
1587 4660 1620 4717 e
1643 4659 1926 4734 riportata
1948 4660 2046 4717 nel
2070 4661 2298 4717 Tesoro
2324 4659 2385 4717 di
2411 4659 2636 4717 Grevio
2663 4660 2717 4717 al
2741 4668 2908 4717 tomo
2932 4659 3146 4734 primo.

476 4851 655 4909 3819.
682 4852 985 4908 PANVINII
1009 4850 1323 4925 Onophrii,
1350 4852 1444 4908 De
1469 4850 1625 4908 ludis
1651 4850 2021 4908 circensibus
2047 4850 2182 4908 libri
2206 4852 2276 4908 Il.
2304 4852 2398 4908 De
2422 4850 2754 4925 triumphis,
2782 4850 2933 4908 liber
2955 4852 2998 4918 I,
3025 4850 3253 4908 Patavii
3285 4850 3460 4918 1642,
3487 4850 3548 4907 in
3572 4850 3634 4918 f.,
3663 4850 3767 4925 fig.

700 4947 901 5021 Opera
948 4946 1217 5021 eseguita
1264 4965 1381 5004 con
1429 4947 1617 5004 molta
1664 4946 1921 5004 dottrina
1968 4947 2045 5004 da
2092 4955 2304 5021 questo
2353 4955 2567 5021 troppo
2617 4946 2860 5004 distinto
2911 4946 3294 5021 archeologo,
3346 4946 3457 5004 che
3505 4965 3627 5004 non
3675 4946 3871 5004 cribrò
3920 4946 3940 5003 i
3990 4946 4122 5004 suoi
4173 4946 4356 5004 scritti
4405 4965 4522 5004 con

699 5042 1076 5100 l’insistenza
1099 5043 1259 5100 della
1282 5043 1572 5100 moderna
1595 5042 1818 5110 critica,
1846 5061 1945 5100 ma
1970 5061 2004 5100 a
2027 5042 2125 5100 cui
2150 5042 2401 5100 debbesi
2425 5042 2665 5100 infinita
2686 5042 3121 5100 riconoscenza
3145 5043 3305 5100 dalla
3326 5042 3629 5117 posterità,
3657 5061 3775 5100 con
3801 5043 3878 5100 32
3903 5043 4104 5100 tavole
4128 5042 4435 5117 intagliate
4459 5042 4522 5099 in

697 5157 878 5196 rame.

476 5330 655 5387 3820.
689 5331 953 5386 PARERE
984 5329 1045 5387 di
1076 5338 1161 5387 tre
1192 5329 1558 5387 matematici
1592 5348 1769 5404 sopra
1798 5329 1818 5386 i
1850 5329 2031 5387 danni
2062 5329 2277 5387 trovati
2309 5330 2469 5387 nella
2500 5330 2720 5404 cupola
2750 5329 2811 5387 di
2845 5330 2902 5387 S.
2937 5329 3133 5387 Pietro
3168 5330 3259 5387 sul
3292 5329 3416 5387 fine
3449 5330 3758 5387 dell’anno
3798 5330 3972 5387 1742.
4013 5331 4091 5404 [p.
4127 5330 4270 5399 209]
4309 5329 4521 5401 Questi

699 5425 916 5483 furono
942 5425 984 5482 li
1008 5434 1093 5483 tre
1118 5425 1252 5483 frati
1276 5427 1605 5483 Tommaso
1631 5426 1687 5483 le
1715 5426 1921 5493 Sueur,
1948 5427 2281 5483 Francesco
2306 5425 2562 5500 Jaquier,
2589 5425 2895 5500 Ruggiero
2920 5425 3269 5483 Boscovich
3295 5425 3455 5496 (sic),
3482 5425 3544 5482 in
3567 5426 3624 5493 4,
3652 5425 3780 5500 fig.,
3807 5427 3895 5483 M.
3931 5425 4020 5483 15.

699 5522 834 5579 Con
857 5540 976 5579 una
998 5522 1201 5579 tavola
1223 5521 1285 5578 in
1307 5540 1489 5579 rame.
1517 5521 1676 5579 Vedi
1699 5521 1804 5596 più
1829 5522 2231 5596 amplamente
2257 5521 2617 5579 all’articolo
2640 5521 2935 5579 Raccolta
2960 5522 3062 5579 de’
3087 5524 3352 5579 scrittori
3375 5521 3533 5579 sulla
3562 5521 3819 5595 Cupola.

476 5714 655 5771 3821.
688 5715 795 5771 DU
817 5715 1039 5771 PERAC
1071 5713 1336 5781 Stefano,
1368 5713 1629 5788 Vestigii
1659 5714 1817 5771 delle
1848 5713 2132 5771 antichità
2160 5713 2221 5771 di
2251 5715 2448 5771 Roma
2475 5713 2741 5781 raccolti,
2774 5732 2807 5771 e
2835 5713 3041 5771 ritratti
3070 5713 3132 5770 in
3159 5713 3542 5788 perspettiva,
3574 5715 3787 5781 Roma,
3818 5732 4028 5788 presso
4059 5715 4332 5771 Lorenzo
4363 5714 4524 5771 della

698 5809 1050 5877 Vaccheria,
1085 5809 1260 5877 1575,
1287 5809 1349 5866 in
1373 5809 1478 5867 fol.
1507 5810 1627 5867 obl.

701 5905 865 5962 Sono
910 5905 990 5962 40
1035 5905 1235 5962 tavole
1280 5923 1600 5979 compreso
1645 5904 1688 5961 il
1734 5904 2127 5979 frontespizio
2173 5904 2492 5979 d’intaglio
2539 5905 2901 5962 abbastanza
2945 5904 3186 5972 cattivo,
3234 5923 3267 5962 e
3310 5904 3483 5979 privo
3529 5904 3590 5962 di
3636 5913 3830 5979 gusto,
3878 5923 3977 5962 ma
4020 5904 4219 5962 hanno
4265 5904 4521 5979 qualche

699 6009 982 6058 carattere
1007 6001 1167 6058 della
1190 6000 1377 6058 verità
1399 6000 1900 6058 nell’imitazione
1927 6000 2327 6075 superficiale,
2355 6019 2388 6058 e
2413 6000 2720 6058 materiale
2745 6000 2907 6075 degli
2932 6000 3176 6075 oggetti.

476 6193 655 6250 3822.
690 6194 988 6260 PERCIER,
1025 6201 1083 6250 et
1114 6194 1313 6250 P.F.L.
1350 6192 1655 6260 Fontaine,
1691 6192 1905 6260 Palais,
1942 6192 2228 6260 maisons,
2265 6201 2323 6250 et
2356 6201 2549 6250 autres
2584 6192 2837 6250 edifices
2872 6193 3191 6250 modernes
3226 6192 3498 6250 dessinés
3535 6193 3569 6250 à
3600 6194 3812 6260 Rome,
3847 6192 4126 6267 pubbliés
4162 6211 4196 6250 a
4227 6192 4412 6250 PAris
4447 6211 4522 6250 en

706 6289 860 6347 1798
887 6288 1091 6356 Didot,
1118 6288 1180 6345 in
1204 6288 1331 6356 fol.,
1359 6288 1463 6363 fig.

700 6385 901 6459 Opera
936 6384 1047 6442 che
1084 6384 1362 6442 contiene
1406 6385 1520 6442 100
1557 6385 1757 6442 tavole
1795 6393 2270 6442 accuratamente
2307 6384 2618 6459 disegnate
2655 6403 2688 6442 e
2725 6384 3049 6459 intagliate,
3089 6403 3206 6442 con
3242 6385 3405 6442 dotte
3442 6403 3475 6442 e
3510 6384 3679 6442 brevi
3719 6384 4110 6459 spiegazioni,
4150 6385 4299 6442 oltre
4336 6385 4521 6442 molte

2171 6657 2347 6694 WWW.
2358 6637 2734 6710 memofonte.
2748 6639 2766 6694 i
2770 6648 2791 6694 t
