4958 7017
1981 864 2366 922 Fondazione
2390 838 2775 922 Memofonte
2800 865 2976 922 onlus

1390 960 1600 1018 Studio
1624 979 1731 1035 per
1754 960 2226 1018 l’elaborazione
2250 960 2632 1018 informatica
2655 961 2813 1018 delle
2838 960 2991 1018 fonti
3018 960 3571 1018 storico-artistiche

481 1247 793 1305 Roulliard
819 1248 977 1315 Seb.,
1002 1250 1116 1305 Les
1140 1248 1572 1321 gymnopodes,
1607 1247 1801 1305 1786…

481 1393 777 1466 Rouquet,
802 1394 897 1449 De
924 1391 944 1449 l
957 1393 1098 1449 ’état
1119 1392 1227 1449 des
1251 1403 1377 1449 arts
1403 1411 1476 1449 en
1497 1391 1873 1465 Angleterre,
1902 1391 1998 1449 51.

481 1535 682 1593 Routh
705 1537 862 1603 Ber.,
887 1536 1270 1593 Recherches
1294 1555 1401 1593 sur
1423 1535 1482 1593 la
1507 1538 1776 1593 maniere
1801 1536 1843 1593 d
1855 1537 2149 1593 ’innumer
2171 1547 2302 1603 etc.,
2337 1536 2509 1593 1787.

481 1679 709 1737 Rovilii
735 1679 917 1747 Guil.,
943 1682 1432 1753 Promptuarium
1459 1682 1717 1747 iconum,
1745 1680 1924 1738 2987.

481 1824 617 1897 Roy
643 1823 771 1893 (le),
796 1825 910 1880 Les
937 1825 1139 1880 mines
1163 1823 1271 1880 des
1295 1842 1649 1880 monumens
1673 1823 1748 1880 de
1775 1822 1834 1880 la
1862 1824 2077 1890 Grece,
2105 1822 2285 1880 2705.

481 1968 617 2041 Roy
643 1967 771 2037 (le),
796 1969 882 2024 Lo
907 1978 1101 2024 stesso
1129 1969 1187 2024 in
1215 1966 1463 2040 inglese,
1491 1966 1672 2024 2706.

481 2112 617 2185 Roy
643 2111 751 2181 (le)
778 2111 1012 2178 Claud.,
1038 2113 1217 2168 Essai
1240 2130 1347 2168 sur
1369 2110 1428 2168 la
1446 2112 1847 2184 perspective,
1878 2110 2014 2168 857.

481 2254 708 2312 Rubeis
736 2255 863 2325 (de)
889 2256 1087 2322 Bern,
1112 2257 1207 2312 De
1232 2257 1487 2312 nummis
1504 2257 1757 2328 patriar.
1784 2254 2045 2328 Aquilej,
2073 2255 2253 2313 2989.

481 2397 708 2455 Rubeis
736 2398 863 2468 (de)
889 2399 1090 2465 Dom.,
1121 2397 1387 2455 Tabulae
1405 2398 1955 2471 phisiognomicae,
1983 2397 2163 2455 2465.

481 2541 708 2599 Rubeis
736 2542 863 2612 (de)
889 2543 1090 2609 Dom.,
1121 2544 1386 2599 Trattato
1404 2561 1523 2615 per
1544 2541 1812 2615 cogliere
1839 2541 1893 2599 le
1905 2542 2257 2615 fisonornie,
2287 2541 2424 2599 352.

481 2685 741 2743 Rubenii
766 2686 926 2753 Alb,
951 2688 1046 2743 De
1074 2705 1136 2743 re
1162 2688 1467 2753 vestiaria,
1503 2686 1677 2743 1788.

481 2829 726 2886 Rubens
751 2830 812 2886 P.
840 2829 1025 2896 Paol.,
1050 2828 1294 2892 Palazzi
1317 2829 1380 2886 di
1406 2830 1678 2896 Genova,
1704 2829 1886 2896 4084,
1913 2828 2094 2886 4085.

481 2973 726 3030 Rubens
751 2974 812 3030 P.
840 2973 1025 3040 Paol.,
1056 2973 1306 3030 Theorie
1331 2973 1406 3030 de
1433 2972 1492 3030 la
1503 2973 1711 3046 figure
1737 2973 2039 3040 humaine,
2068 2972 2204 3030 353.

481 3117 726 3174 Rubens
751 3118 812 3174 P.
840 3117 1025 3184 Paol.,
1052 3118 1214 3174 Suite
1239 3117 1314 3174 de
1341 3116 1399 3174 la
1426 3117 1674 3184 théorie,
1704 3116 1841 3174 354.

481 3261 726 3318 Rubens
751 3262 812 3318 P.
840 3261 1025 3328 Paol.,
1049 3263 1082 3317 I
1100 3261 1306 3318 dodici
1332 3263 1548 3318 ritratti
1571 3261 1673 3318 de’
1686 3260 1945 3334 ﬁlosoﬁ,
1973 3261 2153 3318 2100.

481 3403 755 3461 Rucellai
779 3403 930 3471 Lui.,
956 3406 1217 3477 Eseguie
1242 3404 1284 3461 d
1296 3405 1485 3461 ’Anna
1507 3406 1713 3461 Maria
1738 3404 1801 3461 di
1824 3406 2108 3471 Francia,
2143 3403 2315 3461 1464.

481 3547 662 3605 Rudil
687 3548 762 3605 de
786 3547 1060 3615 Beriach,
1085 3550 1616 3605 Monumentorurn
1640 3547 2063 3621 galaticorurn,
2091 3548 2271 3606 2991.

481 3693 611 3749 Rue
636 3692 711 3749 de
736 3692 794 3749 la
816 3693 863 3749 ].
891 3693 983 3759 B.,
1014 3693 1213 3749 Traité
1234 3692 1309 3749 de
1336 3691 1395 3749 la
1420 3711 1614 3765 coupe
1639 3692 1747 3749 des
1764 3694 2021 3765 pierres,
2050 3691 2188 3749 618.

481 3835 653 3893 Ruffi
677 3837 707 3893 ]
711 3836 858 3903 ord.,
883 3838 1251 3909 Hippiatria,
1278 3835 1459 3893 4618.

481 3978 769 4053 Ruggieri
793 3979 982 4046 Ferd.,
1010 3979 1219 4036 Studio
1243 3979 1725 4046 d’architettura,
1754 3978 1892 4037 639.

481 4122 676 4180 Ruhel
701 4122 940 4190 Christ,
965 4125 1060 4180 De
1085 4125 1341 4180 nummis
1368 4143 1668 4180 romanor.
1701 4134 1983 4190 veterurn,
2011 4123 2191 4181 2990.

479 4269 705 4324 Ruines
729 4267 804 4324 de
828 4269 1089 4334 Pesturn,
1117 4266 1256 4324 vedi
1280 4267 1499 4341 Major,
1525 4266 1808 4334 Piranesi,
1835 4266 2022 4334 Paoli,
2049 4267 2489 4341 Delagardette,
2515 4266 2818 4341 Morghen
2842 4275 2952 4324 etc.

479 4413 705 4468 Ruines
729 4411 804 4468 de
828 4410 1093 4468 Palmire
1120 4422 1178 4468 et
1197 4410 1487 4478 Balbech,
1514 4430 1568 4468 V.
1596 4411 1796 4468 Vood.

487 4699 565 4772 [p.
593 4697 740 4767 XliV]

479 4988 705 5043 Ruines
729 4986 771 5043 d
783 4986 1077 5053 ’Athenes,
1105 4985 1244 5043 vedi
1271 4986 1499 5043 Stuard.

479 5131 705 5186 Ruines
729 5129 804 5186 de
830 5128 1131 5202 Spalatro,
1159 5128 1298 5186 vedi
1322 5129 1538 5186 Adam.

481 5272 782 5330 Ruisecco
809 5273 1009 5347 Greg,
1040 5274 1222 5330 Circo
1247 5272 1512 5346 agonale
1537 5273 1600 5330 di
1621 5275 1833 5340 Roma,
1867 5272 2040 5331 1496.

481 5416 750 5474 Ruscelli
776 5416 921 5484 Gir.,
946 5419 1212 5490 Imprese
1240 5416 1474 5484 illustri,
1510 5417 1685 5484 1949,
1719 5417 1892 5475 1948.

481 5559 750 5617 Rusconi
776 5559 913 5617 Gio.
942 5560 1102 5627 Ant.,
1124 5560 1533 5617 Architettura
1558 5560 1828 5617 secondo
1857 5562 2140 5627 Vitruvio,
2169 5559 2307 5627 640,
2336 5559 2473 5617 641.

481 5705 636 5761 Ruta
660 5704 875 5771 Clem.,
905 5704 1107 5761 Guida
1132 5704 1195 5761 di
1217 5706 1460 5771 Parma,
1486 5703 1668 5762 4295.

481 5847 718 5922 Rycqui
742 5847 909 5915 Justi,
934 5850 1029 5905 De
1059 5847 1385 5921 Capitolio,
1415 5848 1593 5905 3870.

484 6423 801 6490 Saavedra,
826 6423 973 6480 Idea
991 6425 1291 6496 principis
1316 6423 1649 6480 christiano
1667 6422 1907 6496 politici
1932 6422 2128 6490 embl.,
2163 6422 2337 6490 1950,
2371 6422 2544 6481 1951.

2171 6657 2347 6694 WWW.
2358 6637 2734 6710 memofonte.
2748 6639 2791 6694 it
