4958 7017
1981 864 2366 922 Fondazione
2390 864 2775 922 Memofonte
2800 865 2976 922 onlus

1390 960 1600 1018 Studio
1624 979 1731 1035 per
1754 960 2226 1018 l’elaborazione
2250 960 2632 1018 informatica
2655 961 2813 1018 delle
2838 960 2991 1018 fonti
3018 960 3571 1018 storico—artistiche

712 1247 773 1305 di
814 1248 1078 1315 Cottard,
1122 1248 1487 1315 Courtonne,
1530 1248 1838 1315 Mansard,
1881 1249 2100 1315 Marot,
2143 1248 2361 1315 Bullet,
2405 1248 2461 1305 le
2501 1249 2695 1315 Roux,
2740 1248 2957 1315 Cottel,
3000 1249 3371 1315 Ducerceau,
3415 1249 3702 1315 Zuccaro,
3746 1247 4042 1315 Raffaele,
4085 1247 4485 1315 Primaticcio,

711 1343 994 1411 Testelin,
1026 1344 1169 1401 Abr.
1202 1345 1416 1411 Bosse,
1449 1344 1666 1411 Callot,
1699 1345 1783 1401 Le
1812 1344 2031 1411 Blond,
2064 1362 2097 1401 e
2127 1343 2298 1401 molti
2329 1343 2476 1411 altri,
2509 1344 2604 1401 de’
2641 1343 2804 1418 quali
2833 1343 2964 1401 tutti
2994 1344 3092 1401 nel
3120 1343 3316 1418 primo
3347 1344 3593 1401 volume
3623 1344 3656 1401 e
3684 1344 3913 1418 parlato
3944 1343 4391 1401 diffusamente:
4425 1343 4488 1400 in

711 1448 859 1497 tutto
886 1439 1004 1497 688
1031 1440 1248 1497 tavole.

477 1637 570 1725 [p.
606 1635 776 1718 361]

471 1846 686 1915 2094.
726 1847 948 1914 RICCI
976 1847 1159 1914 Mar.
1198 1845 1645 1914 bellunensis
1681 1845 1966 1914 tabulae
2001 1847 2268 1927 XXIV,
2309 1845 2675 1914 coloribus
2713 1867 3096 1935 expressae
3131 1867 3316 1935 quae
3353 1856 3595 1914 extant
3628 1845 3702 1913 in
3740 1845 4031 1914 sedibus
4067 1847 4103 1914 ]
4109 1867 4213 1914 os.
4255 1845 4488 1914 Smith

713 1971 782 2029 et
811 1961 978 2029 Ant.
1014 1962 1120 2029 M.
1157 1960 1436 2029 Zanetti
1469 1962 1557 2029 D.
1594 1961 1683 2029 A.
1720 1962 1792 2029 F.
1829 1960 1952 2050 qui
1987 1982 2107 2029 eas
2142 1960 2553 2042 delineavit,
2589 1960 2844 2029 incidit
2875 1971 2944 2029 et
2974 1960 3048 2028 in
3080 1960 3321 2029 lucem
3354 1960 3598 2042 edidit,
3634 1960 3962 2029 Venetiis
4005 1961 4213 2042 1743,
4249 1960 4323 2028 in
4355 1960 4482 2029 fol.

713 2075 856 2144 obl.
889 2077 995 2144 M.
1030 2076 1145 2145 90.

714 2187 878 2244 Sono
903 2186 1112 2261 intagli
1137 2186 1392 2261 eseguiti
1417 2205 1534 2244 con
1559 2195 1735 2261 gusto
1762 2187 2063 2261 all’acqua
2086 2186 2256 2244 forte.

471 2382 686 2452 2095.
754 2384 1142 2451 RIDINGER
1198 2384 1373 2451 Jean
1435 2382 1653 2464 Elias,
1720 2382 2026 2451 Parfaite
2090 2393 2159 2451 et
2221 2393 2471 2451 exacte
2533 2382 3096 2472 representation
3160 2382 3286 2451 des
3352 2382 3967 2451 divertissements
4033 2382 4159 2451 des
4225 2382 4485 2472 grands

714 2497 1122 2587 Seigneurs,
1162 2519 1257 2566 ou
1291 2497 1593 2587 parfaite
1629 2497 2069 2587 description
2105 2497 2231 2566 des
2269 2497 2561 2566 chasses
2599 2497 2688 2566 de
2723 2508 2920 2566 toute
2958 2508 3145 2566 sorte
3181 2497 3270 2566 de
3303 2497 3527 2579 bètes,
3565 2497 3955 2587 Ausbourg
3999 2498 4207 2579 1729,
4246 2497 4320 2565 in
4355 2497 4482 2566 fol.

713 2612 856 2681 obl.

710 2770 809 2775 —
842 2727 1063 2796 Unita
1098 2727 1404 2796 all’altra
1438 2749 1677 2817 opera:
1720 2727 2259 2817 Contemplatio
2295 2727 2607 2796 ferarum
2639 2727 3034 2796 bestiarum
3069 2727 3506 2796 carminibus
3543 2729 3760 2796 Dom.
3800 2727 4173 2796 Bartholdi
4209 2727 4485 2796 Brokes

712 2842 1078 2911 illustrata.
1113 2844 1210 2911 Io.
1243 2842 1438 2911 Elias
1469 2842 1817 2932 Ridinger
1844 2842 2175 2911 inventor
2205 2842 2379 2911 scul.
2414 2853 2483 2911 et
2512 2842 2792 2924 excud.,
2824 2843 3012 2932 Aug.
3046 2842 3262 2911 Vind.
3305 2842 3513 2924 1786,
3546 2842 3620 2910 in
3649 2842 3777 2911 fol.

713 2954 912 3028 Opere
950 2953 1256 3028 intagliate
1296 2954 1599 3028 all’acqua
1637 2953 1790 3011 forte
1829 2972 1946 3011 con
1984 2954 2174 3011 molto
2212 2953 2344 3011 brio
2384 2972 2417 3011 e
2456 2954 2614 3011 colle
2653 2953 3015 3011 descrizioni
3053 2953 3245 3011 incise
3285 2953 3461 3028 appiè
3500 2954 3658 3011 delle
3700 2962 3930 3028 stampe
3968 2953 4031 3010 in
4068 2954 4314 3011 tedesco
4354 2972 4387 3011 e
4426 2953 4488 3010 in

712 3049 1002 3107 francese.
1031 3049 1350 3124 Compresi
1374 3049 1394 3106 i
1419 3050 1535 3107 due
1561 3049 1913 3124 frontespizi
1940 3068 2090 3107 sono
2115 3050 2315 3107 tavole
2340 3050 2437 3108 79.

479 3264 694 3334 2096.
733 3266 1104 3332 RITRATTI
1133 3264 1754 3354 degl’lmperatori
1789 3264 2051 3333 Turchi
2087 3286 2126 3333 e
2160 3264 2472 3354 Principi
2508 3264 2825 3333 Persiani
2861 3264 3177 3333 descritti
3213 3264 3304 3333 da
3337 3264 3642 3354 Giorgio
3678 3264 4127 3354 Greblinger,
4168 3264 4343 3333 alias
4379 3266 4485 3333 Lo

714 3379 1030 3448 Seladon
1060 3379 1132 3448 di
1162 3379 1579 3461 Ratisbona,
1611 3379 1999 3448 Francfort.
2042 3379 2249 3448 1648.

713 3494 968 3580 Questi
998 3516 1144 3563 non
1176 3516 1357 3563 sono
1389 3494 1565 3563 altro
1596 3494 1729 3563 che
1759 3494 1782 3562 i
1811 3494 2057 3563 ritratti
2088 3494 2160 3563 di
2190 3494 2584 3563 Boissardo
2613 3494 3010 3584 pubblicati
3040 3494 3230 3563 nelle
3262 3516 3388 3563 sue
3417 3494 3563 3563 vite
3592 3494 4075 3564 Sultanomm.

475 3705 690 3774 2097.
724 3706 1075 3786 ROMANI,
1109 3704 1597 3773 Institutiones
1629 3704 2029 3773 Cristianae
2060 3704 2302 3773 aeneis
2333 3704 2589 3794 figuris
2621 3704 2899 3773 Canisii
2930 3726 3334 3794 expressae,
3366 3705 3533 3773 Ant.
3576 3704 3784 3786 1589,
3817 3704 3891 3772 in
3924 3705 3986 3773 8.

479 3916 694 3985 2098.
728 3917 950 3984 ROSA
975 3915 1323 3997 Salvator,
1356 3917 1506 3984 Has
1538 3915 1876 3984 eludendi
1907 3915 2035 3984 otii
2066 3915 2332 3984 Carolo
2362 3915 2618 3984 Rubeo
2651 3915 3031 4005 singularis
3061 3915 3452 3984 Amicitiae
3481 3915 3742 4005 pignus
3773 3917 3861 3984 D.
3895 3917 3983 3984 D.
4017 3917 4105 3984 D.

713 4027 942 4098 Questo
969 4026 1123 4084 libro
1149 4026 1211 4083 in
1237 4026 1430 4101 foglio
1457 4027 1490 4084 e
1516 4035 1836 4101 composto
1863 4026 1961 4084 dai
1985 4026 2163 4101 primi
2196 4026 2268 4084 16
2295 4026 2448 4101 fogli
2474 4026 2817 4084 contenenti
2844 4026 2922 4084 62
2949 4026 3144 4101 figure
3170 4026 3231 4084 di
3259 4026 3493 4094 soldati,
3521 4026 3584 4083 in
3612 4026 3846 4101 seguito
3874 4027 3989 4084 alle
4015 4026 4178 4101 quali
4204 4045 4486 4101 vengono

713 4122 842 4180 altri
869 4123 901 4180 3
930 4122 1082 4197 fogli
1107 4141 1224 4180 con
1249 4122 1285 4180 6
1313 4131 1543 4197 stampe
1568 4122 1629 4180 di
1654 4122 1830 4180 fiumi
1855 4141 1888 4180 e
1913 4122 2073 4180 deità
2096 4122 2343 4190 marine;
2372 4122 2490 4180 617
2519 4122 2648 4180 altri
2673 4122 2825 4197 fogli
2850 4122 2911 4180 di
2936 4141 3118 4197 opere
3143 4122 3204 4180 di
3229 4141 3373 4197 gran
3397 4122 3855 4197 composizione
3879 4122 3941 4179 in
3964 4131 4113 4180 tutto
4141 4122 4218 4180 36
4244 4122 4413 4197 fogli.

713 4219 914 4293 Opera
937 4218 998 4276 di
1023 4227 1235 4293 questo
1262 4227 1465 4276 autore
1490 4219 1808 4293 completa.

475 4415 690 4484 2099.
728 4416 950 4483 ROSA
979 4414 1327 4496 Salvator,
1366 4415 1511 4483 Sua
1543 4436 1761 4504 opera
1793 4414 1865 4483 di
1899 4414 2134 4504 figure
2167 4414 2536 4504 intagliate
2569 4414 2643 4482 in
2679 4425 3001 4483 sessanta
3031 4414 3272 4483 tavole
3307 4414 3669 4504 all’acqua
3700 4414 3884 4483 forte
3917 4414 3991 4482 in
4028 4415 4091 4496 8,
4129 4414 4246 4483 col
4278 4414 4486 4483 titolo

712 4529 1051 4599 Salvator
1073 4532 1271 4598 Rosa
1304 4532 1584 4610 invenit,
1621 4532 1835 4598 Paris
1866 4529 2039 4605 chez
2068 4529 2157 4598 de
2186 4529 2422 4619 Poilly
2449 4551 2573 4598 rue
2603 4529 2693 4598 de
2725 4530 2795 4598 S.
2828 4531 3134 4619 Jacques
3167 4530 3207 4598 à
3234 4529 3534 4619 l’image
3564 4529 3654 4598 de
3685 4530 3755 4598 S.
3789 4529 4071 4598 Benòit.

711 4641 1059 4715 Esemplare
1084 4640 1145 4698 di
1169 4659 1288 4698 una
1313 4640 1612 4715 singolare
1636 4640 1937 4698 nitidezza
1960 4659 1993 4698 e
2018 4640 2381 4698 freschezza.

475 4855 690 4923 2100.
736 4856 1055 4923 RUBENS
1099 4856 1171 4923 P.
1216 4856 1314 4936 P.,
1359 4856 1388 4922 I
1428 4854 1673 4923 dodici
1714 4854 1960 4923 ritratti
2003 4854 2075 4923 di
2116 4854 2400 4923 filosofi
2441 4854 2630 4944 presi
2673 4854 3094 4923 dall’antico
3137 4854 3228 4923 da
3267 4854 3368 4923 lui
3411 4854 3765 4944 disegnati
3808 4876 3847 4923 e
3888 4854 4238 4944 intagliati
4281 4854 4372 4923 da
4411 4856 4483 4923 P.

712 4969 1008 5051 Ponzio,
1055 4969 1146 5038 da
1186 4971 1274 5038 H.
1320 4969 1683 5051 Withouc,
1730 4969 1821 5038 da
1861 4969 2198 5038 Bolsvert
2239 4991 2278 5038 e
2322 4969 2413 5038 da
2454 4971 2949 5051 Vostermans,
2995 4969 3126 5038 fra’
3177 4969 3372 5059 quali
3416 4969 3556 5038 due
3601 4991 3783 5038 sono
3827 4969 4193 5059 duplicati,
4239 4969 4313 5037 in
4355 4969 4482 5038 fol.

721 5084 928 5153 1638.

462 5296 677 5364 2101.
713 5296 1075 5364 SADELER
1098 5295 1422 5385 Egidius,
1456 5297 1485 5363 I
1523 5296 1609 5363 12
1640 5295 1890 5364 Cesari
1921 5295 2177 5385 dipinti
2208 5295 2299 5364 da
2327 5295 2628 5364 Tiziano
2658 5295 3009 5385 intagliati
3039 5295 3113 5363 in
3151 5296 3237 5363 12
3266 5295 3508 5364 tavole
3537 5295 3611 5363 in
3640 5295 3767 5364 fol.
3804 5295 4352 5385 accompagnati
4389 5297 4483 5385 [p.

714 5410 884 5493 362]
933 5410 1122 5479 dalle
1169 5422 1240 5478 12
1276 5421 1465 5496 moin
1501 5421 1599 5479 dei
1635 5421 1844 5479 Cesari
1878 5421 2069 5479 incise
2105 5422 2267 5479 dallo
2305 5430 2516 5489 stesso,
2554 5440 2654 5479 ma
2688 5422 2765 5479 da
2799 5421 2928 5479 altri
2963 5421 3220 5496 disegni;
3261 5430 3416 5479 sotto
3452 5421 3737 5479 ciascuna
3773 5430 3983 5479 stanno
4020 5430 4251 5496 quattro
4287 5421 4487 5479 distici

712 5521 896 5589 latini,
923 5521 1105 5589 Paris,
1133 5521 1281 5579 chez
1306 5522 1364 5579 la
1386 5523 1460 5579 V.
1489 5522 1564 5579 de
1589 5521 1842 5579 Cherau.

475 5718 690 5786 2102.
737 5718 1099 5786 SADELER
1135 5719 1390 5799 lustus,
1435 5717 1848 5786 Duodecim
1888 5718 2240 5786 Cesarum
2279 5717 2402 5807 qui
2443 5717 2656 5807 primi
2697 5719 2976 5786 Romae
3016 5717 3453 5807 imperarunt
3492 5717 3807 5807 effigies,
3853 5739 4021 5786 cum
4059 5717 4372 5786 Ausonii
4413 5717 4488 5785 in

713 5832 1014 5901 eosdem
1042 5832 1475 5914 Tetrasticis,
1508 5832 1837 5901 Venetiis
1877 5832 2085 5914 1608,
2118 5832 2192 5900 in
2220 5833 2287 5901 4.

711 5943 999 6001 Incisioni
1026 5943 1311 6018 singolari
1336 5962 1453 6001 con
1477 5944 1665 6001 molta
1686 5943 1978 6001 bizzarria
2001 5944 2062 6001 di
2087 5943 2391 6001 finissimo
2416 5943 2666 6018 intaglio
2691 5944 2850 6001 nelle
2875 5944 3083 6011 celate,
3111 5943 3172 6001 di
3197 5943 3294 6001 cui
3318 5943 3517 6001 hanno
3543 5952 3787 6018 coperta
3809 5943 3852 6000 il
3877 5962 4048 6018 capo.

471 6139 686 6207 2103.
722 6139 934 6207 SALY
958 6138 1285 6220 Iacobus,
1318 6140 1517 6207 Vasa
1546 6160 1586 6207 a
1616 6160 1692 6207 se
1721 6138 2013 6207 inventa
2043 6149 2253 6228 atque
2285 6138 2501 6207 studii
2532 6160 2750 6207 causa
2778 6138 3136 6207 delineata
3164 6149 3233 6207 et
3260 6138 3511 6220 incisa,
3553 6138 3760 6207 1746.

713 6250 940 6321 Questa
972 6249 1311 6307 collezione
1345 6249 1406 6307 di
1441 6268 1630 6324 acque
1664 6249 1804 6307 forti
1836 6249 2016 6324 piena
2048 6249 2109 6307 di
2141 6249 2449 6317 bizzarria,
2486 6249 2547 6307 di
2581 6249 2781 6324 grazia
2813 6268 2846 6307 e
2880 6249 2941 6307 di
2977 6249 3202 6324 spirito,
3239 6268 3557 6324 compreso
3591 6249 3634 6306 il
3668 6249 4060 6324 frontespizio
4095 6249 4373 6307 contiene
4409 6250 4480 6307 31

711 6346 928 6403 tavole.

2171 6657 2347 6694 WWW.
2358 6637 2734 6710 memofonte.
2748 6639 2791 6694 il
