4958 7017
1981 864 2366 922 Fondazione
2390 838 2775 922 Memofonte
2800 865 2976 922 onlus

1390 960 1600 1018 Studio
1624 979 1731 1035 per
1754 960 2226 1018 l’elaborazione
2250 960 2632 1018 informatica
2655 961 2813 1018 delle
2838 960 2991 1018 fonti
3018 960 3571 1018 storico—artistiche

473 1247 655 1306 4459.
687 1249 906 1315 REMY,
939 1248 1271 1322 Catalogue
1301 1248 1486 1305 d’une
1515 1247 1767 1322 parfaite
1797 1247 2122 1305 collection
2151 1248 2226 1305 de
2255 1248 2535 1305 tableaux
2564 1248 2639 1305 de
2669 1247 2908 1305 maitres
2937 1248 3282 1305 renornrnés
3313 1248 3371 1305 la
3397 1248 3634 1322 plupart
3661 1247 4022 1315 hollandois,
4055 1266 4135 1305 ou
4164 1247 4483 1315 flamands,

698 1343 861 1401 Paris
894 1344 1068 1411 1773,
1095 1343 1157 1400 in
1188 1344 1279 1411 12,
1307 1346 1640 1417 coiprezzi.

2229 1536 2730 1593 MDCCLXXIV

473 1631 655 1689 4460.
702 1632 1115 1689 CATALOGUE
1157 1632 1264 1689 des
1308 1632 1568 1699 camées,
1613 1631 1891 1699 intailles,
1937 1631 2271 1699 medailles,
2315 1632 2540 1699 bustes,
2586 1640 2696 1689 etc.
2743 1632 2983 1706 d’après
3027 1632 3115 1689 les
3160 1631 3451 1706 antiques,
3498 1631 3839 1706 fabriquées
3881 1650 3988 1706 par
4027 1632 4386 1706 Wegwood,
4432 1640 4490 1689 et

698 1727 971 1801 Bentley,
999 1727 1267 1784 Londres
1300 1727 1475 1794 1774,
1502 1726 1564 1783 in
1591 1727 1643 1784 8.

473 1918 655 1976 4461.
682 1920 991 1976 JOMBERT
1014 1918 1262 1976 Charles
1288 1918 1571 1986 Antoine,
1599 1919 1932 1993 Catalogue
1955 1918 2235 1976 raisonné
2260 1919 2335 1976 de
2360 1919 2633 1976 l’oeuvre
2658 1919 2733 1976 de
2760 1918 3074 1976 Sebastien
3098 1919 3154 1976 le
3179 1919 3373 1986 Clerc,
3400 1918 3563 1976 Paris
3596 1919 3771 1986 1774,
3799 1919 3918 1976 vol.
3947 1919 4002 1986 2,
4029 1918 4091 1975 in
4118 1919 4170 1976 8.

2243 2111 2716 2168 MDCCLXXV

473 2206 655 2264 4462.
683 2207 1097 2264 CATALOGUE
1121 2207 1201 2264 du
1225 2206 1482 2264 Cabinet
1506 2207 1586 2264 du
1610 2206 1712 2264 feu
1735 2208 1823 2264 M.
1851 2206 2148 2274 Mariette,
2175 2206 2338 2264 Paris
2371 2206 2546 2274 1775,
2573 2206 2635 2263 in
2662 2207 2715 2274 8,
2742 2226 2892 2264 avec
2908 2209 3048 2280 prix
3071 2215 3129 2264 et
3152 2206 3502 2264 différentes
3529 2207 3828 2281 gràvùres.

700 2302 929 2373 Questo
957 2302 990 2359 e
1016 2320 1137 2359 uno
1165 2302 1260 2359 de’
1292 2301 1397 2376 più
1421 2301 1683 2376 preziosi
1711 2301 2029 2376 cataloghi,
2057 2301 2277 2376 poiché
2304 2301 2582 2359 contiene
2609 2302 2873 2359 l’elenco
2901 2301 2962 2359 di
2987 2301 3311 2376 preziosità
3338 2302 3521 2359 scelte
3548 2302 3646 2359 dal
3671 2301 3866 2376 primo
3893 2301 4264 2376 intelligente
4291 2301 4403 2359 che
4430 2302 4488 2359 la

698 2397 946 2455 Francia
970 2397 1148 2455 abbia
1172 2406 1351 2455 avuto
1376 2397 1438 2454 in
1462 2398 1661 2472 quelle
1686 2397 1949 2455 materie.

2229 2590 2730 2647 MDCCLXXVI

473 2685 655 2743 4463.
694 2687 945 2753 BASAN,
985 2686 1318 2760 Catalogue
1355 2686 1541 2743 d’une
1576 2686 1736 2743 belle
1773 2685 2098 2743 collection
2134 2686 2209 2743 de
2246 2685 2518 2743 desseins
2555 2685 2811 2753 italiens,
2851 2685 3151 2743 flamands
3189 2694 3299 2743 etc.
3340 2686 3420 2743 du
3457 2685 3713 2743 Cabinet
3748 2686 3823 2743 de
3859 2687 3947 2743 M.
3987 2687 4284 2760 Neyrnan,
4323 2685 4486 2743 Paris

706 2781 881 2849 1776,
907 2781 969 2838 in
996 2782 1049 2849 8,
1077 2781 1181 2856 fig.

479 2974 557 3047 [p.
586 2973 729 3042 298]

473 3164 655 3222 4464.
686 3166 922 3222 FOULIS
952 3165 1194 3232 Robert,
1225 3165 1282 3221 A
1310 3165 1626 3239 catalogue
1655 3164 1727 3222 of
1747 3164 2008 3239 pictures
2038 3165 2390 3239 composed,
2423 3165 2539 3222 and
2565 3164 2826 3239 painted,
2858 3164 3085 3239 chiefly
3111 3165 3193 3239 by
3221 3164 3319 3222 the
3348 3173 3509 3222 most
3537 3164 3806 3222 admired
3834 3173 4083 3222 masters
4113 3173 4245 3232 etc.,
4279 3165 4311 3222 3
4344 3165 4485 3232 vol.,

698 3261 954 3318 London
985 3260 1159 3318 1776.

473 3451 655 3509 4465.
684 3453 903 3519 REMY,
932 3452 1264 3526 Catalogue
1291 3452 1397 3509 des
1424 3452 1703 3509 tableaux
1727 3451 2030 3526 précieux,
2060 3451 2425 3519 miniatures,
2455 3451 2737 3526 guaches,
2767 3452 2847 3509 du
2873 3451 3129 3509 Cabinet
3154 3452 3229 3509 de
3255 3453 3343 3509 M.
3373 3452 3633 3509 Blondel
3660 3452 3735 3509 de
3763 3452 3996 3526 Gagny,
4025 3451 4188 3509 Paris
4223 3451 4398 3519 1776,
4426 3451 4488 3508 in

706 3548 797 3615 12,
825 3550 1158 3621 coiprezzi.

2215 3740 2744 3797 MDCCLXXVII

473 3835 655 3893 4466.
682 3837 968 3903 JULLIOT,
997 3836 1330 3910 Catalogue
1355 3836 1430 3893 de
1454 3836 1737 3903 marbres,
1763 3836 2038 3903 bronzes,
2067 3844 2268 3910 agates
2294 3836 2374 3893 du
2398 3835 2485 3893 dit
2507 3835 2714 3893 Julliot
2738 3836 2908 3910 après
2936 3854 3046 3893 son
3070 3836 3269 3903 décés,
3296 3835 3459 3893 Paris
3492 3836 3667 3903 1777,
3693 3835 3755 3892 in
3786 3836 3877 3903 12,
3905 3838 4004 3893 coi
4019 3838 4238 3909 prezzi.

473 4026 655 4084 4467.
690 4028 893 4083 REMY
922 4026 1136 4094 Pierre,
1172 4027 1505 4101 Catalogue
1538 4027 1644 4084 des
1677 4027 1973 4094 tableaux,
2009 4026 2281 4084 desseins
2315 4035 2425 4084 etc.
2462 4027 2542 4084 du
2574 4026 2830 4084 Cabinet
2861 4027 2936 4084 de
2968 4028 3056 4084 M.
3092 4027 3348 4084 Randon
3380 4027 3455 4084 de
3487 4026 3731 4084 Boisset
3763 4045 3909 4084 avec
3943 4027 3999 4084 le
4032 4027 4346 4101 catalogue
4379 4027 4485 4084 des

699 4141 893 4190 vases,
921 4123 1211 4180 colonnes
1237 4131 1347 4180 etc.
1374 4141 1481 4197 par
1503 4122 1727 4190 Julliot,
1754 4122 1917 4180 Paris
1950 4123 2124 4190 1777,
2151 4122 2213 4179 in
2240 4123 2293 4190 8,
2321 4125 2419 4180 coi
2435 4125 2654 4196 prezzi.

473 4314 655 4372 4468.
682 4316 901 4382 REMY,
929 4315 1261 4389 Catalogue
1286 4315 1392 4372 des
1417 4315 1714 4382 tableaux,
1742 4314 2034 4382 desseins,
2061 4323 2242 4372 terres
2268 4314 2457 4372 cuites
2483 4315 2563 4372 du
2587 4314 2843 4372 Cabinet
2866 4315 2947 4372 du
2970 4314 3180 4372 Prince
3205 4315 3280 4372 de
3305 4315 3522 4389 Conty,
3549 4314 3712 4372 Paris
3745 4315 3919 4382 1777,
3946 4314 4008 4371 in
4035 4315 4088 4382 8,
4115 4334 4265 4372 avec
4281 4317 4436 4388 prix.

2201 4506 2758 4563 MDCCLXXVIII

473 4601 655 4660 4469.
686 4602 1100 4659 CATALOGUE
1126 4602 1201 4659 de
1227 4602 1507 4659 tableaux
1533 4610 1591 4659 et
1616 4601 1889 4659 desseins
1917 4601 2251 4676 originaux,
2281 4601 2384 4676 qui
2411 4610 2769 4676 composent
2795 4602 2851 4659 le
2879 4601 3135 4659 Cabinet
3161 4602 3236 4659 de
3263 4601 3513 4659 Charles
3540 4601 3805 4669 Natoire,
3834 4601 4016 4669 Paris,
4046 4601 4194 4659 chez
4222 4601 4487 4659 Charion

699 4706 757 4755 et
779 4697 1007 4765 Paillet,
1042 4698 1216 4765 1778,
1243 4697 1305 4754 in
1332 4698 1384 4755 8.

473 4890 655 4947 4470.
683 4890 1097 4947 CATALOGUE
1121 4890 1196 4947 de
1220 4890 1500 4947 tableaux
1524 4890 1599 4947 de
1624 4889 1974 4947 différentes
2000 4890 2222 4957 écoles,
2249 4889 2431 4957 Paris,
2466 4890 2641 4957 1788,
2667 4889 2729 4946 in
2756 4890 2809 4957 8,
2837 4889 2985 4947 chez
3010 4889 3257 4947 Chariot
3280 4898 3338 4947 et
3360 4889 3587 4947 Paillet.

473 5081 655 5138 4471.
684 5082 1026 5148 JOULLAIN,
1057 5081 1391 5155 Catalogue
1418 5081 1604 5138 d’une
1630 5081 1790 5138 belle
1817 5080 2143 5138 collection
2169 5081 2244 5138 de
2270 5081 2567 5148 tableaux,
2598 5080 2889 5148 desseins,
2920 5089 3239 5155 estampes,
3272 5081 3602 5155 sculptures
3630 5081 3711 5138 du
3738 5080 3994 5138 Cabinet
4020 5081 4095 5138 de
4121 5082 4209 5138 M.
4239 5081 4488 5138 Bourlat

699 5177 774 5234 de
798 5177 1183 5244 Montredon,
1210 5176 1373 5234 Paris
1406 5177 1580 5244 1778,
1606 5176 1668 5233 in
1695 5177 1748 5244 8,
1776 5179 1875 5234 coi
1891 5179 2110 5250 prezzi.

473 5369 655 5426 4472.
682 5370 901 5436 REMY,
929 5369 1261 5443 Catalogue
1286 5369 1471 5426 d’une
1497 5368 1822 5426 collection
1846 5369 1921 5426 de
1946 5368 2218 5426 desseins
2244 5368 2507 5426 choisies
2534 5369 2614 5426 du
2638 5368 2894 5426 Cabinet
2917 5369 2992 5426 de
3016 5370 3104 5426 M.
3133 5368 3573 5443 d’Argenville,
3600 5368 3763 5426 Paris
3796 5369 3970 5436 1778,
3997 5368 4059 5425 in
4086 5369 4138 5426 8.

473 5560 655 5617 4473.
682 5561 901 5627 REMY,
929 5560 1261 5634 Catalogue
1286 5560 1392 5617 des
1417 5560 1697 5617 tableaux
1721 5559 2037 5634 originaux
2061 5560 2142 5617 du
2165 5561 2299 5617 Duc
2325 5560 2431 5617 des
2457 5560 2616 5617 deux
2639 5561 2839 5627 Fonts,
2866 5559 3029 5617 Paris
3062 5560 3237 5627 1778,
3264 5559 3326 5616 in
3357 5560 3448 5627 12,
3476 5562 3574 5617 coi
3590 5562 3809 5633 prezzi.

473 5752 655 5809 4474.
682 5753 910 5809 VENTE
934 5751 1351 5809 considerable
1376 5752 1561 5809 d’une
1584 5752 1744 5809 belle
1769 5751 2094 5809 collection
2118 5752 2193 5809 de
2217 5752 2515 5819 tableaux,
2542 5751 2724 5819 Paris,
2752 5751 2900 5809 chez
2924 5753 3142 5819 Basan,
3177 5752 3351 5819 1778,
3378 5751 3440 5808 in
3467 5752 3519 5809 8.

2229 5944 2730 6001 MDCCLXXIX

473 6039 655 6097 4475.
683 6040 1097 6097 CATALOGUE
1121 6040 1227 6097 des
1252 6040 1532 6097 tableaux
1556 6048 1614 6097 et
1637 6039 1909 6097 desseins
1935 6040 2015 6097 du
2040 6039 2296 6097 Cabinet
2319 6040 2394 6097 de
2418 6041 2506 6097 M.
2536 6040 2753 6107 Caron,
2780 6039 2943 6097 Paris
2976 6040 3150 6107 1779,
3178 6058 3253 6097 en
3284 6040 3374 6097 12.

473 6230 655 6288 4476.
683 6231 1097 6288 CATALOGUE
1121 6231 1227 6288 des
1253 6230 1433 6288 livres
1457 6249 1635 6298 rares,
1663 6239 1721 6288 et
1746 6230 2062 6305 singuliers
2088 6231 2168 6288 du
2192 6230 2449 6288 Cabinet
2473 6231 2548 6288 de
2572 6232 2660 6288 M.
2688 6230 2937 6298 Filheul,
2964 6230 3146 6298 Paris,
3174 6230 3322 6288 chez
3346 6230 3625 6298 Dessain,
3660 6231 3835 6298 1779,
3862 6250 4012 6288 avec
4028 6233 4183 6304 prix.

479 6424 557 6497 [p.
586 6423 729 6492 299]

2171 6657 2347 6694 WWW.
2358 6637 2734 6710 memofonte.
2748 6639 2766 6694 i
2770 6648 2791 6694 t
