4958 7017
1981 864 2366 922 Fondazione
2390 864 2775 922 Memofonte
2800 865 2976 922 onlus

1390 960 1600 1018 Studio
1624 979 1731 1035 per
1754 960 2226 1018 l’elaborazione
2250 960 2632 1018 informatica
2655 961 2813 1018 delle
2838 960 2991 1018 fonti
3018 960 3571 1018 storico—artistiche

698 1247 962 1305 Libretto
988 1248 1261 1322 elegante
1286 1248 1444 1305 colle
1468 1248 1668 1305 tavole
1694 1247 1755 1305 di
1782 1247 2236 1305 Schoonebech.

473 1440 655 1498 4391.
687 1441 1009 1497 PIGANIOL
1032 1440 1107 1497 de
1137 1440 1195 1497 la
1224 1439 1408 1497 force.
1441 1440 1742 1497 Nouvelle
1772 1439 2140 1514 description
2169 1440 2275 1497 des
2306 1439 2615 1507 chàteaux,
2648 1448 2706 1497 et
2732 1458 2905 1514 parcs
2936 1440 3011 1497 de
3040 1439 3388 1507 Versailles,
3421 1448 3479 1497 et
3507 1440 3582 1497 de
3611 1440 3828 1514 Marly,
3861 1440 3898 1496 2
3929 1440 4070 1507 vol.,
4102 1439 4164 1496 in
4200 1440 4291 1507 12,
4323 1439 4486 1497 Paris

706 1535 881 1603 1764,
908 1535 1012 1610 fig.

700 1632 927 1703 Questa
955 1631 1173 1699 chiara,
1206 1650 1239 1689 e
1269 1631 1540 1689 ordinata
1568 1631 1943 1689 descrizione
1973 1632 2006 1689 e
2036 1650 2220 1706 opera
2248 1632 2396 1689 d’un
2424 1650 2609 1689 uomo
2639 1631 2872 1689 istrutto
2902 1632 3060 1689 nelle
3091 1631 3215 1699 arti,
3248 1632 3324 1689 ed
3353 1632 3386 1689 e
3416 1631 3561 1689 fatta
3590 1650 3624 1689 a
3652 1632 3893 1699 dovere,
3926 1650 4043 1689 con
4072 1632 4257 1689 molte
4286 1632 4487 1689 tavole

699 1726 810 1784 che
837 1745 1094 1784 servono
1121 1745 1155 1784 a
1177 1726 1510 1784 illustrarla.

2329 1920 2632 1976 VICENZA

473 2111 655 2169 4392.
682 2112 1005 2168 BOSCHINI
1027 2112 1260 2178 Marco,
1287 2112 1312 2167 I
1337 2110 1569 2185 giojelli
1592 2110 1959 2185 pittoreschi,
1987 2110 2255 2168 virtuoso
2281 2119 2633 2168 ornamento
2659 2111 2819 2168 della
2842 2110 2983 2168 città
3006 2110 3067 2168 di
3091 2110 3378 2178 Vicenza,
3406 2110 3677 2168 Vicenza
3707 2110 3882 2178 1776,
3909 2110 3971 2167 in
4002 2111 4092 2168 12.

698 2206 1027 2264 Librettino
1054 2206 1242 2264 anche
1265 2206 1371 2281 più
1393 2225 1525 2264 raro
1551 2206 1662 2264 che
1686 2225 1808 2264 non
1834 2225 1985 2264 sono
2011 2207 2067 2264 le
2089 2207 2314 2264 Ricche
2339 2209 2607 2264 miniere.

473 2398 655 2456 4393.
689 2399 1128 2455 VENDRAMINI
1153 2399 1374 2455 Mosca
1403 2399 1756 2465 Francesco,
1790 2397 2184 2455 Descrizione
2216 2398 2374 2455 delle
2407 2397 2800 2465 architetture,
2833 2397 3066 2472 pitture,
3101 2416 3134 2455 e
3168 2398 3425 2455 sculture
3458 2397 3519 2455 di
3550 2397 3837 2465 Vicenza,
3870 2397 4021 2472 parti
4053 2398 4169 2455 due
4201 2398 4395 2472 legate
4426 2397 4489 2454 in

698 2512 778 2551 un
803 2494 1066 2561 volume,
1093 2493 1365 2551 Vicenza
1395 2494 1570 2561 1779,
1597 2493 1659 2550 in
1686 2494 1739 2561 8,
1767 2493 1871 2568 fig.

700 2590 929 2661 Questo
957 2589 1110 2647 libro
1137 2590 1170 2647 e
1194 2590 1313 2647 ben
1339 2589 1505 2657 fatto,
1534 2590 1610 2647 ed
1635 2589 1936 2647 esaurisce
1962 2590 2518 2647 esuberantemente
2545 2590 2860 2664 l’oggetto,
2889 2589 3213 2647 essendovi
3240 2589 3508 2664 aggiunti
3536 2589 3725 2647 anche
3751 2590 3831 2647 40
3858 2589 4094 2664 disegni
4122 2589 4398 2664 stampati
4424 2589 4487 2646 in

697 2704 861 2743 rame
886 2704 1003 2743 con
1025 2686 1337 2743 bastevole
1363 2694 1538 2760 gusto
1564 2686 1723 2743 delle
1748 2685 2012 2760 migliori
2037 2685 2347 2743 fabbriche
2370 2685 2728 2760 palladiane.

2347 2878 2613 2934 VIENNA

473 3069 655 3127 4394.
680 3070 1082 3126 BORMASTIN
1103 3068 1386 3136 Antoine,
1416 3068 1802 3143 Description
1828 3068 2158 3143 historique
2186 3069 2261 3126 de
2289 3069 2347 3126 la
2378 3070 2455 3143 [p.
2486 3069 2630 3138 292]
2663 3068 2806 3126 ville
2834 3069 2909 3126 de
2936 3068 3190 3136 Vienne,
3221 3077 3279 3126 et
3305 3069 3380 3126 de
3410 3087 3504 3126 ses
3533 3068 3920 3143 fauxbourgs,
3950 3068 4187 3126 Vienne
4222 3069 4397 3136 1719,
4427 3068 4489 3125 in

702 3165 754 3222 8.

700 3261 929 3332 Questo
965 3260 1118 3318 libro
1154 3260 1426 3318 francese
1461 3279 1494 3318 e
1528 3261 1775 3318 tedesco
1811 3261 1844 3318 e
1879 3260 2026 3318 fatto
2063 3279 2097 3318 a
2129 3261 2314 3318 modo
2350 3260 2411 3318 di
2445 3260 2690 3335 dialogo
2725 3279 2758 3318 e
2792 3260 3180 3318 interessante
3213 3279 3320 3335 per
3353 3261 3409 3318 le
3444 3260 3893 3335 comparazioni
3928 3279 4045 3318 con
4079 3261 4135 3318 le
4170 3260 4350 3335 guide
4383 3260 4488 3335 più

698 3356 1003 3413 moderne.

473 3547 655 3606 4395.
683 3549 777 3605 De
801 3549 1076 3604 FREDDY
1096 3547 1253 3605 Gian
1277 3547 1471 3622 Luigi,
1499 3547 1893 3605 Descrizione
1919 3548 2079 3605 della
2102 3547 2259 3615 città,
2290 3547 2634 3622 sobborghi,
2662 3566 2695 3605 e
2721 3547 3036 3605 vicinanze
3061 3547 3122 3605 di
3146 3547 3402 3615 Vienna,
3430 3547 3627 3605 divisa
3650 3547 3712 3604 in
3736 3556 3821 3605 tre
3844 3547 4013 3622 parti,
4040 3547 4279 3605 Vienna
4310 3548 4485 3615 1800,

699 3644 818 3701 vol.
847 3644 903 3711 2,
930 3643 992 3700 in
1019 3644 1071 3701 8.

698 3739 961 3797 Prolissa
984 3739 1359 3797 descrizione
1384 3758 1417 3797 e
1440 3739 1620 3814 piena
1643 3739 1704 3797 di
1728 3739 2000 3797 inutilità.

473 3930 655 3989 4396.
682 3932 871 3987 PEZZI
889 3932 1052 3998 Jean,
1080 3930 1335 3998 Vienne,
1364 3939 1422 3988 et
1448 3949 1543 3988 ses
1570 3930 1851 3988 environs
1876 3931 2171 4005 precedée
2197 3931 2345 3988 d’un
2368 3930 2564 4005 precis
2590 3930 2920 4005 historique
2948 3949 3045 3988 sur
3069 3939 3222 3988 cette
3248 3930 3409 3998 ville,
3437 3924 3542 3987 4me
3568 3930 3796 3988 edition
3819 3949 4002 3988 revue
4028 3939 4086 3988 et
4111 3931 4484 4005 augmentée,

706 4027 881 4094 1818,
907 4026 969 4083 in
1000 4026 1090 4084 16.

700 4123 929 4194 Questo
971 4122 1125 4180 libro
1167 4123 1200 4180 e
1241 4122 1388 4180 fatto
1432 4123 1698 4180 secondo
1740 4122 1783 4179 il
1822 4122 2083 4197 bisogno
2125 4123 2220 4180 de’
2269 4122 2644 4197 viaggiatori,
2688 4123 2764 4180 ed
2804 4123 2837 4180 e
2877 4122 3039 4190 utile,
3083 4122 3352 4190 conciso,
3396 4122 3618 4190 chiaro,
3664 4123 3927 4180 sebbene
3968 4123 4024 4180 le
4067 4141 4171 4180 sue
4213 4122 4486 4197 opinioni

698 4219 957 4276 tendano
984 4237 1018 4276 a
1041 4219 1211 4276 lodar
1233 4227 1400 4286 tutto,
1426 4237 1533 4293 per
1554 4218 1819 4276 rendersi
1845 4227 2094 4286 accetto,
2122 4237 2239 4276 con
2261 4237 2419 4293 poca
2442 4218 2653 4276 libertà
2675 4219 2769 4276 ne’
2803 4218 2936 4276 suoi
2961 4218 3206 4293 giudizj.

2331 4412 2630 4468 VITERBO

473 4602 655 4660 4397.
678 4603 983 4659 MARIANI
1001 4603 1353 4669 Francesco,
1380 4603 1576 4659 Breve
1600 4601 1823 4659 notizie
1848 4602 2006 4659 delle
2032 4601 2316 4659 antichità
2339 4601 2400 4659 di
2424 4601 2695 4669 Viterbo,
2722 4603 2918 4659 Roma
2948 4602 3123 4669 1730,
3150 4601 3212 4658 in
3235 4602 3291 4659 4.

697 4733 780 4737 —
802 4697 1173 4772 Aggiuntavi
1197 4697 1260 4754 in
1284 4697 1427 4755 fine:
1457 4697 1760 4755 Francisci
1784 4697 2044 4755 Mariani
2067 4716 2176 4772 pro
2201 4697 2404 4755 Annio
2429 4697 2796 4755 Viterbiensi
2821 4697 3030 4765 oratio,
3057 4699 3289 4755 Romae
3321 4698 3495 4755 1732.

473 4890 655 4948 4398.
686 4891 991 4947 MARIANI
1012 4891 1365 4957 Francesco,
1396 4891 1592 4947 Breve
1619 4889 1922 4947 relazione
1951 4889 2388 4947 dell’antichità
2415 4889 2476 4947 di
2504 4889 2773 4947 Viterbo.
2805 4889 3114 4964 Aggiunto
3143 4889 3186 4946 il
3215 4889 3488 4947 discorso
3518 4889 3702 4947 latino
3730 4908 3839 4964 pro
3868 4889 4070 4947 Annio
4099 4889 4484 4957 Viterbiensi,

706 4986 880 5043 1732.

697 5116 780 5120 —
816 5082 864 5137 E
902 5080 965 5137 in
1004 5080 1147 5138 fine:
1191 5080 1234 5137 il
1274 5080 1547 5138 discorso
1587 5081 1737 5138 d’un
1775 5080 2187 5138 Accademico
2227 5081 2492 5138 Ardente
2530 5080 2593 5137 in
2629 5080 2890 5155 risposta
2928 5081 2983 5138 al
3024 5080 3229 5155 signor
3265 5080 3517 5138 Filarete
3558 5099 3735 5155 sopra
3772 5080 4075 5138 l’Umbria
4112 5080 4173 5138 di
4212 5082 4489 5138 Toscana

700 5176 1216 5234 all’eruditissimo
1241 5176 1553 5244 Muratori,
1580 5178 1777 5234 Roma
1807 5177 1982 5244 1742,
2009 5176 2071 5233 in
2094 5177 2150 5234 4.

474 5369 955 5426 CATALOGHI

2361 5561 2598 5616 MDLII

473 5656 655 5714 4399.
690 5657 929 5713 LANDO
962 5655 1262 5723 Ortensio,
1299 5656 1459 5713 Sette
1492 5655 1627 5713 libri
1659 5656 1754 5713 de’
1793 5655 2094 5730 cataloghi
2127 5674 2161 5713 a
2192 5655 2354 5713 varie
2386 5674 2531 5713 cose
2564 5655 2970 5730 appartenenti
3002 5674 3124 5713 non
3158 5656 3290 5713 solo
3324 5655 3577 5723 antiche,
3612 5674 3711 5713 ma
3743 5655 3932 5713 anche
3964 5656 4270 5723 moderne,
4305 5674 4489 5730 opera

698 5752 888 5809 molto
923 5751 1067 5809 utile
1103 5751 1478 5819 all’historia,
1516 5760 1574 5809 et
1607 5752 1684 5809 da
1716 5751 1813 5809 cui
1846 5752 2101 5826 prender
2136 5751 2185 5809 si
2218 5752 2340 5826 può
2376 5751 2623 5809 materia
2656 5751 2717 5809 di
2752 5751 3038 5809 favellare
3073 5751 3287 5826 d’ogni
3320 5751 3633 5826 proposito
3669 5751 3779 5809 che
3814 5751 3870 5809 ci
3905 5770 4170 5819 occorra,
4207 5751 4484 5826 Vinegia,

697 5866 907 5922 presso
934 5847 1179 5905 Gabriel
1205 5847 1454 5915 Giolito,
1489 5847 1663 5915 1552,
1690 5847 1751 5904 in
1778 5848 1830 5905 8.

698 5943 879 6001 Libro
909 5943 970 6001 di
998 5962 1120 6001 non
1148 5962 1407 6001 comune
1435 5943 1724 6001 interesse
1753 5962 1786 6001 e
1813 5943 2046 6018 ripieno
2076 5943 2137 6001 di
2165 5943 2401 6001 curiose
2429 5943 2669 6001 notizie.
2703 5944 2932 6015 Questo
2962 5944 2995 6001 e
3024 5952 3343 6018 composto
3373 5944 3450 6001 da
3478 5943 3759 6001 Ortensio
3788 5944 4017 6011 Lando;
4049 5962 4082 6001 e
4109 5944 4398 6018 parlando
4427 5943 4489 6000 in

700 6039 898 6097 alcuni
923 6039 984 6097 di
1009 6039 1203 6114 questi
1228 6039 1529 6114 cataloghi
1554 6039 1717 6114 degli
1742 6039 1974 6097 uomini
2000 6040 2053 6097 a’
2087 6039 2219 6097 suoi
2243 6039 2430 6114 tempi
2455 6039 2641 6097 chiari
2664 6058 2771 6114 per
2794 6039 3067 6107 dottrina,
3094 6058 3216 6097 non
3240 6058 3455 6097 manca
3478 6039 3539 6097 di
3562 6040 3757 6114 parlar
3780 6039 3841 6097 di
3868 6058 3931 6097 se
3958 6048 4167 6097 stesso.

479 6232 557 6305 [p.
586 6231 729 6300 293]

2287 6327 2672 6384 MDCLXVI

473 6423 655 6480 4400.
689 6424 783 6480 De
814 6424 1201 6490 MAROLLES,
1236 6423 1570 6497 Catalogue
1602 6423 1677 6480 de
1709 6422 1888 6480 livres
1921 6423 2309 6497 d’estampes,
2344 6431 2402 6480 et
2432 6423 2507 6480 de
2539 6422 2764 6497 figures
2797 6441 2872 6480 en
2902 6422 3066 6480 taille
3098 6423 3293 6480 douce
3326 6441 3472 6480 avec
3504 6441 3584 6480 un
3615 6423 4113 6480 denombrement
4143 6423 4249 6480 des
4280 6422 4485 6497 pieces

2171 6657 2347 6694 WWW.
2358 6637 2734 6710 memofonte.
2748 6639 2791 6694 il
