4958 7017
1981 864 2366 922 Fondazione
2390 838 2775 922 Memofonte
2800 865 2976 922 onlus

1390 960 1600 1018 Studio
1624 979 1731 1035 per
1754 960 2226 1018 l’elaborazione
2250 960 2632 1018 informatica
2655 961 2813 1018 delle
2838 960 2991 1018 fonti
3018 960 3571 1018 storico—artistiche

2310 1248 2653 1305 CREMONA

473 1440 655 1498 4190.
698 1441 909 1497 PANNI
949 1440 1154 1497 Anton
1198 1439 1412 1507 Maria,
1460 1439 1724 1497 Distinto
1769 1448 2050 1514 rapporto
2096 1440 2254 1497 delle
2300 1439 2595 1514 dipinture
2641 1439 2752 1497 che
2797 1439 3062 1497 trovansi
3108 1440 3266 1497 nelle
3312 1439 3517 1497 chiese
3563 1440 3723 1497 della
3767 1439 3924 1507 città,
3973 1458 4006 1497 e
4054 1439 4380 1514 sobborghi
4426 1439 4487 1497 di

699 1536 1017 1603 Cremona,
1046 1536 1349 1593 Cremona
1379 1535 1554 1603 1762,
1581 1535 1643 1592 in
1670 1536 1721 1593 8.

699 1632 1001 1689 Cremona
1024 1631 1101 1689 ha
1125 1640 1304 1689 avuto
1330 1632 1388 1689 la
1412 1631 1649 1689 fortuna
1672 1632 1942 1689 d’essere
1967 1632 2182 1689 caduta
2204 1631 2266 1688 in
2288 1632 2492 1689 buona
2515 1631 2677 1689 mani
2701 1650 2808 1706 per
2831 1632 2887 1689 le
2914 1650 3018 1689 sue
3042 1631 3455 1706 illustrazionj,
3483 1632 3651 1689 l’una
3672 1631 3778 1706 più
3800 1631 4068 1706 pregiata
4091 1632 4405 1689 dell’altra.

473 1823 655 1881 4191.
682 1823 849 1880 ALIO
870 1822 1199 1897 Giuseppe,
1226 1824 1310 1880 Le
1333 1822 1567 1897 pitture,
1595 1841 1628 1880 e
1653 1823 1709 1880 le
1736 1823 1992 1880 sculture
2017 1823 2177 1880 della
2200 1822 2341 1880 città
2364 1822 2425 1880 di
2450 1823 2769 1890 Cremona,
2797 1823 3100 1880 Cremona
3130 1823 3305 1890 1794,
3332 1822 3394 1879 in
3421 1823 3473 1880 8.

2342 2016 2620 2072 DRESDA

473 2207 655 2265 4192.
679 2207 1093 2264 CATALOGUE
1113 2206 1430 2281 explicatif
1448 2207 1555 2264 des
1580 2207 1860 2264 tableaux
1884 2207 1959 2264 de
1984 2207 2042 2264 la
2066 2206 2306 2264 Galerie
2330 2207 2563 2281 Royale
2588 2207 2663 2264 de
2687 2207 2938 2274 Dresde,
2965 2207 3198 2264 Dresde
3230 2207 3404 2274 1817,
3430 2206 3492 2263 in
3523 2207 3613 2264 12.

473 2398 655 2456 4193.
682 2399 1021 2455 NOUVEAU
1039 2398 1319 2455 tableaux
1343 2398 1418 2455 de
1442 2398 1693 2465 Dresde,
1720 2398 1953 2455 Dresde
1985 2398 2159 2465 1818,
2186 2397 2248 2454 in
2275 2398 2328 2465 8,
2356 2416 2436 2455 ou
2459 2397 2826 2472 description
2849 2397 3327 2472 topographique
3352 2398 3427 2455 de
3452 2406 3605 2455 cette
3630 2397 3790 2455 ville.

700 2494 929 2565 Questo
955 2493 1108 2551 libro
1134 2494 1167 2551 e
1190 2494 1309 2551 ben
1333 2493 1480 2551 fatto
1506 2512 1539 2551 e
1563 2493 1971 2551 interessante:
2001 2493 2140 2551 evvi
2166 2493 2450 2568 aggiunta
2473 2494 2531 2551 la
2552 2494 2714 2551 bella
2736 2493 2939 2568 pianta
2962 2494 3122 2551 della
3145 2493 3301 2551 città.

2386 2687 2574 2743 FANO

473 2877 655 2935 4194.
685 2877 1058 2934 CATALOGO
1084 2877 1242 2934 delle
1271 2876 1487 2951 pitture
1517 2877 1677 2934 nella
1706 2876 1912 2934 chiesa
1941 2877 2037 2934 de’
2074 2878 2182 2934 PP.
2217 2877 2377 2934 della
2406 2876 2904 2951 Congregazione
2935 2876 3366 2934 dell’Oratorio
3398 2876 3459 2934 di
3489 2878 3651 2934 Fano
3683 2877 3845 2934 detto
3879 2877 3936 2934 S.
3970 2876 4166 2934 Pietro
4197 2876 4259 2933 in
4288 2877 4483 2944 Valle,

698 2974 860 3030 Fano
893 2972 1068 3040 1765,
1095 2972 1157 3029 in
1188 2973 1278 3030 12.

479 3166 557 3239 [p.
586 3164 729 3234 269]

473 3355 655 3414 4195.
683 3356 1056 3413 CATALOGO
1076 3356 1234 3413 delle
1257 3355 1472 3430 pitture
1497 3356 1657 3413 nella
1680 3355 1886 3413 chiesa
1909 3356 2004 3413 de’
2035 3357 2143 3413 PP.
2172 3356 2332 3413 della
2355 3355 2854 3430 Congregazione
2879 3355 3309 3413 dell’Oratorio
3335 3355 3396 3413 di
3420 3357 3601 3423 Fano,
3629 3356 3689 3413 lo
3717 3364 3908 3413 stesso
3941 3356 4116 3423 1772,
4143 3355 4205 3412 in
4236 3356 4326 3413 12.

2323 3549 2639 3604 FERRARA

473 3739 655 3798 4196.
678 3741 975 3797 BAROTTI
994 3740 1235 3807 Cesare,
1262 3739 1499 3807 Pitture,
1527 3758 1560 3797 e
1587 3740 1844 3797 sculture
1869 3739 1980 3797 che
2007 3739 2056 3797 si
2080 3748 2331 3797 trovano
2356 3739 2454 3797 nei
2479 3739 2688 3814 luoghi
2711 3739 2982 3814 pubblici
3007 3740 3167 3797 della
3190 3739 3331 3797 città
3354 3739 3415 3797 di
3439 3741 3696 3807 Ferrara,
3723 3741 3962 3797 Ferrara
3992 3740 4166 3807 1770,
4193 3739 4255 3796 in
4282 3740 4334 3797 8.

700 3835 900 3893 Guida
922 3836 1041 3893 ben
1066 3835 1212 3893 fatta
1236 3854 1353 3893 con
1378 3836 1436 3893 la
1458 3835 1661 3910 pianta
1686 3836 1846 3893 della
1870 3835 2011 3893 città
2034 3836 2132 3893 nel
2158 3835 2301 3903 fine,
2330 3854 2430 3893 ma
2454 3835 2565 3893 che
2589 3854 2696 3910 per
2720 3836 2776 3893 le
2802 3835 3130 3893 mutazioni
3155 3835 3355 3893 hanno
3382 3854 3585 3893 messo
3614 3844 3954 3910 sottosopra
3978 3835 4197 3893 l’Italia
4223 3835 4272 3893 si
4298 3836 4331 3893 e
4355 3854 4489 3893 resa

697 3949 857 4005 poco
885 3930 1183 3988 servibile:
1211 3930 1417 4005 perciò
1442 3930 1504 3987 in
1528 3931 1712 4005 luogo
1738 3930 1799 3988 di
1822 3930 2158 4005 riprodurre
2183 3939 2393 4005 questa
2416 3930 2614 4005 guida,
2642 3931 2926 3988 lodevole
2949 3930 3224 4005 pensiere
3249 3930 3315 3988 fu
3338 3930 3381 3987 il
3406 3949 3722 4005 comporre
3747 3931 3805 3988 la
3830 3939 4131 4005 seguente.

473 4123 655 4181 4197.
682 4124 829 4180 DUE
849 4122 1043 4197 giorni
1067 4122 1129 4179 in
1152 4124 1407 4180 Ferrara.
1437 4122 1637 4180 Guida
1658 4141 1765 4197 per
1787 4122 1830 4179 il
1855 4122 2243 4197 viaggiatore,
2270 4124 2510 4180 Ferrara
2540 4123 2714 4190 1819,
2741 4122 2803 4179 in
2830 4123 2882 4180 8.

700 4219 929 4290 Questo
974 4218 1275 4276 librettino
1320 4237 1437 4276 con
1480 4219 1668 4276 molta
1710 4218 2097 4293 intelligenza
2139 4227 2338 4276 esteso
2383 4219 2416 4276 e
2460 4237 2644 4293 opera
2686 4218 2747 4276 di
2790 4237 2909 4276 una
2951 4219 3129 4276 dama
3171 4218 3523 4286 coltissima,
3570 4218 3682 4276 che
3725 4237 3832 4293 per
3873 4218 4171 4276 modestia
4216 4218 4265 4276 si
4309 4227 4486 4276 tenne

700 4314 999 4382 anonima,
1027 4333 1060 4372 e
1085 4314 1394 4389 vogliamo
1418 4314 1727 4389 rispettare
1751 4314 1794 4371 il
1821 4333 1929 4372 suo
1957 4314 2227 4372 silenzio.

2086 4507 2391 4563 FIANDRA
2408 4517 2447 4562 E
2466 4507 2659 4563 PAESI
2676 4507 2875 4563 BASSI

473 4698 655 4756 4198.
678 4699 793 4755 Les
818 4694 1099 4755 DÉLICES
1126 4698 1232 4755 des
1257 4699 1410 4772 Pays
1435 4699 1556 4755 Bas
1582 4716 1662 4755 ou
1686 4697 2053 4772 description
2077 4698 2183 4755 des
2208 4699 2381 4755 XVII
2405 4697 2729 4755 Provinces
2754 4697 3102 4772 Belgiques,
3129 4697 3347 4772 Lieges
3380 4697 3554 4765 1669,
3581 4697 3643 4754 in
3674 4698 3765 4765 12,
3793 4697 4023 4755 volumi
4047 4699 4122 4765 V,
4151 4697 4427 4772 ﬁgurato.

699 4794 834 4851 Con
861 4794 1047 4851 molte
1074 4794 1274 4851 tavole
1302 4794 1397 4851 de’
1430 4793 1748 4868 principali
1776 4793 1984 4851 edifici
2012 4793 2073 4851 di
2100 4793 2370 4861 Fiandra,
2401 4812 2500 4851 ma
2526 4812 2643 4851 con
2672 4793 3045 4851 scarsissime
3073 4793 3296 4851 notizie
3322 4812 3429 4868 per
3455 4793 3538 4868 gli
3566 4793 3794 4868 oggetti
3822 4794 4030 4861 d’arte,
4061 4793 4487 4851 estendendosi

699 4890 933 4964 l’opera
956 4890 1145 4947 molto
1173 4890 1324 4947 sulle
1348 4889 1571 4947 notizie
1598 4889 1873 4947 storiche.

473 5081 655 5139 4199.
685 5082 1064 5148 DESCAMPS,
1094 5082 1348 5155 Voyage
1374 5080 1743 5155 pittoresque
1771 5081 1846 5138 de
1874 5081 1932 5138 la
1957 5080 2208 5138 Fiandre
2236 5089 2294 5138 et
2320 5081 2400 5138 du
2426 5081 2688 5138 Brabant
2715 5099 2861 5138 avec
2890 5081 2996 5138 des
3023 5080 3353 5138 réfléxions
3380 5080 3796 5138 rélativement
3823 5099 3940 5138 aux
3968 5089 4082 5138 arts
4111 5089 4169 5138 et
4195 5081 4486 5155 quelques

699 5195 999 5251 gravures,
1026 5176 1189 5234 Paris
1222 5176 1397 5244 1769,
1423 5176 1485 5233 in
1512 5177 1564 5234 8.

698 5272 778 5330 Vi
826 5272 875 5330 si
920 5281 1170 5330 trovano
1216 5272 1407 5330 incise
1452 5272 1514 5329 in
1557 5291 1722 5330 rame
1769 5273 1980 5330 alcune
2026 5273 2286 5330 cattedre
2330 5291 2437 5347 per
2481 5273 2539 5330 la
2581 5272 3003 5347 predicazione
3049 5273 3105 5330 le
3149 5272 3254 5347 più
3301 5272 3603 5347 singolari.
3654 5273 3855 5347 Opera
3899 5281 4095 5330 estesa
4139 5291 4256 5330 con
4301 5273 4488 5330 molta

700 5377 1100 5426 accuratezza.

473 5560 655 5617 4200.
684 5560 972 5617 GUALDO
995 5559 1261 5617 Priorato
1288 5560 1610 5627 Galeazzo,
1637 5559 1966 5617 Relazione
1991 5560 2149 5617 delle
2172 5559 2484 5634 provincie
2509 5559 2671 5617 unite
2696 5560 2794 5617 del
2818 5561 3005 5617 Paese
3029 5561 3243 5627 Basso,
3271 5559 3533 5617 Colonia
3563 5559 3737 5627 1668,
3764 5559 3826 5616 in
3849 5560 3887 5616 4
3911 5559 4171 5634 piccolo.

698 5655 879 5713 Libro
904 5674 1026 5713 non
1050 5674 1310 5713 comune
1335 5674 1368 5713 e
1391 5656 1510 5713 ben
1534 5655 1682 5713 fatto
1708 5655 1769 5713 di
1793 5674 1873 5713 un
1898 5664 2102 5713 autore
2127 5655 2371 5713 distinto
2397 5674 2430 5713 e
2455 5674 2635 5713 meno
2661 5655 3017 5713 conosciuto
3043 5655 3104 5713 di
3129 5656 3332 5730 quello
3358 5655 3469 5713 che
3494 5655 3721 5713 merita.

473 5848 655 5905 4201.
708 5849 1046 5905 METHODE
1096 5847 1358 5915 curieux,
1412 5856 1470 5905 et
1520 5847 1700 5905 facile
1749 5866 1902 5922 pour
1951 5848 2009 5905 la
2058 5847 2497 5905 connoissance
2548 5848 2654 5905 des
2705 5848 3001 5915 tableaux,
3055 5856 3113 5905 et
3164 5848 3513 5922 sculptures,
3565 5866 3672 5922 par
3720 5847 3822 5922 qui
3872 5847 3946 5905 ils
4000 5866 4110 5905 son
4160 5847 4284 5915 fait,
4339 5866 4486 5905 avec

699 5943 1116 6018 l’éxplication
1140 5944 1220 6001 du
1247 5944 1416 6018 sujet,
1444 5943 1628 6018 qu’ils
1652 5952 2075 6018 representent,
2101 5962 2254 6018 pour
2277 5944 2335 6001 la
2357 5944 2609 6001 Flandre
2634 5952 2692 6001 et
2715 5944 2771 6001 le
2795 5944 3074 6011 Brabant,
3101 5944 3488 6001 Amsterdam
3517 5944 3692 6011 1772,
3719 5943 3780 6000 in
3811 5944 3901 6001 12.

701 6040 865 6097 Sono
895 6039 957 6096 in
987 6039 1111 6097 fine
1141 6040 1197 6097 le
1228 6039 1348 6097 vite
1378 6039 1439 6097 di
1467 6039 1747 6114 parecchi
1775 6039 1977 6114 pittori
2007 6039 2391 6114 ﬁamminghi
2421 6039 2847 6097 cominciando
2878 6040 2955 6097 da
2982 6040 3245 6107 Rubens,
3277 6039 3522 6097 Vandik
3549 6058 3636 6097 ec.
3670 6041 3780 6097 Ma
3806 6039 3911 6114 poi
3941 6048 4153 6114 questo
4184 6039 4337 6097 libro
4367 6058 4489 6097 non

698 6134 951 6209 insegna
975 6135 1122 6192 altro
1148 6135 1393 6192 metodo
1419 6134 1480 6192 di
1505 6135 1708 6209 quello
1734 6134 1845 6192 che
1869 6134 2092 6192 trovasi
2116 6134 2179 6191 in
2202 6143 2347 6192 tutte
2372 6135 2428 6192 le
2453 6134 2634 6209 guide
2659 6134 2720 6192 di
2745 6134 2886 6192 città
2909 6153 3025 6192 ove
3052 6153 3202 6192 sono
3228 6134 3404 6192 citate
3429 6135 3485 6192 le
3508 6134 3741 6209 pitture.

2340 6328 2621 6384 FIRENZE

2171 6657 2347 6694 WWW.
2358 6637 2734 6710 memofonte.
2748 6639 2791 6694 il
