4958 7017
1981 864 2366 922 Fondazione
2390 841 2775 922 Mernofonte
2800 865 2976 922 onlus

1390 960 1600 1018 Studio
1624 979 1731 1035 per
1754 960 2226 1018 l’elaborazione
2250 960 2632 1018 informatica
2655 961 2813 1018 delle
2838 960 2991 1018 fonti
3018 960 3571 1018 storico—artistiche

487 1366 694 1436 1964.
744 1367 1137 1435 SYMBOLA
1175 1366 1422 1435 divina
1465 1377 1534 1435 et
1574 1366 1889 1435 humana
1929 1366 2386 1456 pontificum,
2433 1366 2967 1456 imperatorum,
3013 1388 3287 1456 regum,
3335 1388 3424 1435 ex
3468 1388 3724 1435 museo
3769 1366 4057 1435 Octavii
4102 1366 4191 1435 de
4236 1366 4488 1435 Strada

713 1481 918 1550 Civis
949 1481 1283 1563 Romani,
1315 1482 1487 1550 Arn.
1530 1481 1737 1563 1666,
1770 1481 1844 1549 in
1882 1482 1990 1563 12,
2023 1481 2149 1571 fig.

487 1692 694 1762 1965.
740 1694 1057 1761 TYPOTII
1090 1692 1364 1774 Jacobi,
1411 1692 1762 1782 Symbola
1801 1692 1999 1761 varia
2039 1692 2492 1761 diversorum
2532 1692 2946 1782 Principum
2988 1693 3146 1761 Sac.
3194 1693 3358 1761 San.
3403 1692 3777 1761 Ecclesiae
3819 1692 4107 1782 lmperii
4149 1692 4484 1774 Romani,

711 1807 1151 1876 Arnhemiae
1189 1807 1397 1889 1679,
1430 1807 1504 1875 in
1542 1808 1650 1889 12,
1683 1807 1810 1897 fig.

712 1919 847 1976 Con
871 1918 1031 1976 circa
1054 1919 1175 1976 200
1201 1918 1487 1976 emblemi
1513 1937 1547 1976 a
1570 1919 1686 1976 due
1713 1937 1747 1976 a
1770 1919 1886 1976 due
1909 1937 2016 1993 per
2038 1919 2240 1976 tavola
2263 1918 2324 1976 di
2349 1918 2653 1976 finissimo
2678 1918 2947 1993 intaglio.

487 2114 694 2184 1966.
732 2116 1175 2183 VALERIANI
1200 2114 1496 2183 Joannis
1531 2114 1743 2183 Pierii
1775 2114 2244 2196 beliunensis,
2281 2114 2846 2204 Hierogliphica,
2883 2114 3239 2204 Lugduni,
3279 2114 3683 2204 sumptibus
3718 2114 3919 2183 Pauli
3952 2114 4230 2196 Frelon,
4276 2114 4484 2196 1602,

712 2229 786 2297 in
823 2229 950 2298 fol.
992 2229 1119 2319 fig.
1163 2230 1362 2298 Sono
1401 2229 1941 2319 cinquantaotto
1979 2229 2163 2311 libri,
2205 2229 2321 2298 cui
2359 2251 2449 2298 ne
2486 2251 2804 2298 vennero
2844 2229 3165 2319 aggiunti
3205 2229 3359 2298 altri
3398 2229 3538 2298 due
3575 2229 3649 2297 in
3686 2229 3838 2298 fine
3876 2251 3915 2298 e
3953 2229 4147 2319 dopo
4186 2229 4487 2298 l’indice

713 2344 1230 2434 copiosissimo
1259 2344 1527 2413 trovasi
1559 2344 1785 2413 anche
1814 2344 1866 2412 il
1895 2344 2079 2413 libro
2100 2368 2243 2432 pro
2273 2344 2735 2413 sacerdotum
2764 2344 3015 2413 barbis
3044 2344 3484 2413 declamatio
3515 2366 3554 2413 e
3583 2344 3651 2413 le
3682 2345 3920 2434 Opere
3949 2344 4310 2413 Poetiche.

711 2455 1004 2513 Edizione
1032 2455 1326 2530 impressa
1353 2474 1470 2513 con
1496 2455 1684 2513 buoni
1713 2455 1839 2530 tipi,
1871 2474 1987 2513 ove
2015 2455 2339 2513 incontrasi
2368 2474 2618 2513 numero
2647 2455 2888 2513 infinito
2918 2455 2979 2513 di
3010 2464 3239 2530 stampe
3267 2455 3330 2512 in
3358 2456 3556 2530 legno.
3590 2456 3791 2530 Opera
3818 2455 4162 2513 vastissima
4188 2455 4250 2512 in
4278 2464 4489 2530 questa

711 2551 974 2609 materia.

487 2765 694 2835 1967.
741 2767 1183 2834 VALERIANI
1217 2765 1513 2834 Joannis
1557 2765 1769 2834 Pierii
1810 2765 2279 2847 beliunensis,
2325 2765 2890 2855 Hierogliphica,
2939 2787 3065 2834 seu
3108 2765 3197 2834 de
3242 2765 3461 2834 sacris
3505 2765 4034 2855 Aegiptiorum,
4082 2787 4122 2834 a
4169 2767 4262 2855 [p.
4311 2766 4480 2848 333]

712 2880 1113 2970 liarumque
1176 2880 1500 2970 gentium
1561 2880 1811 2949 litteris
1876 2880 2397 2962 commentarii,
2463 2880 2791 2949 Venetiis
2864 2880 3072 2962 1604,
3140 2880 3329 2970 apud
3389 2880 3793 2949 Antonium
3855 2891 3924 2949 et
3983 2880 4337 2949 Jacobum
4399 2880 4488 2949 de

711 2995 1133 3064 Franciscis.

710 3153 809 3158 —
836 3110 1164 3179 Accedit:
1200 3112 1334 3179 Pro
1367 3110 1823 3179 sacerdotum
1849 3110 2089 3179 barbis
2121 3110 2531 3192 declaratio,
2564 3110 2638 3178 in
2667 3110 2795 3179 fol.
2829 3110 2955 3200 fig.

711 3221 1024 3296 Ristampa
1047 3221 1478 3279 dell’edizione
1501 3222 1877 3296 precedente.

479 3436 686 3506 1968.
725 3438 1009 3505 VAENII
1038 3436 1371 3518 Othonis,
1408 3436 1704 3505 Amoris
1741 3436 1969 3505 divini
2005 3436 2440 3505 emblemata
2475 3436 2712 3505 studio
2748 3458 2837 3505 ex
2874 3458 3033 3505 aere
3068 3436 3518 3518 concinnata,
3555 3436 4017 3526 Antuerpiae,
4056 3458 4145 3505 ex
4181 3436 4489 3505 officina

712 3551 1179 3633 Plantiniana,
1221 3551 1429 3633 1660,
1462 3551 1536 3619 in
1564 3552 1631 3620 4.

711 3662 1004 3720 Edizione
1036 3662 1487 3737 elegantissima
1518 3681 1635 3720 con
1669 3671 1938 3720 sessanta
1966 3662 2302 3720 bellissime
2334 3663 2534 3720 tavole
2566 3662 2873 3737 intagliate
2905 3662 2967 3719 in
2997 3681 3161 3720 rame
3194 3681 3227 3720 e
3260 3663 3316 3720 le
3347 3662 3760 3730 illustrazioni,
3794 3662 3857 3719 in
3889 3662 4093 3730 latino,
4130 3663 4485 3737 Spagnuolo,

712 3759 999 3816 olandese
1024 3777 1057 3816 e
1082 3758 1372 3816 francese.

483 3954 690 4024 1969.
761 3956 1045 4023 VAENII
1107 3954 1440 4036 Othonis,
1509 3955 1868 4023 Amorum
1934 3954 2370 4023 emblemata
2434 3954 2689 4044 figuris
2760 3954 3001 4023 aeneis
3070 3954 3320 4036 incisa,
3390 3954 3852 4044 Antuerpiae,
3923 3954 4232 4023 Venalia
4298 3954 4488 4044 apud

714 4080 1080 4138 auctorem
1117 4069 1325 4151 1608,
1358 4069 1432 4137 in
1460 4070 1528 4151 4,
1560 4091 1687 4159 per
1714 4080 2031 4138 traverso
2061 4069 2394 4159 figurato.

711 4180 1178 4255 Elegantissimo
1221 4199 1328 4255 per
1370 4181 1426 4238 le
1472 4199 1576 4238 sue
1619 4180 1919 4238 incisioni.
1966 4181 2315 4255 Esemplare
2359 4180 2420 4238 di
2462 4180 2655 4255 prima
2697 4180 3046 4238 freschezza
3087 4180 3149 4237 in
3199 4181 3313 4237 124
3357 4181 3557 4238 tavole
3601 4199 3718 4238 con
3760 4180 3931 4238 motti
3975 4181 4051 4238 ed
4093 4180 4487 4238 illustrazioni

710 4275 990 4350 poetiche
1014 4275 1076 4332 in
1100 4275 1306 4350 lingua
1329 4275 1528 4343 latina,
1555 4275 1799 4333 italiana
1822 4294 1855 4333 e
1880 4275 2170 4333 francese.

483 4472 690 4541 1970.
731 4473 1015 4540 VAENII
1045 4471 1355 4540 Othonis
1393 4473 1671 4540 Batavo
1708 4471 2236 4561 Lugdunensis,
2277 4472 2364 4557 Q.
2405 4471 2683 4540 Horatii
2719 4471 2958 4540 Flacci
2996 4471 3431 4540 emblemata
3465 4471 3904 4561 imaginibus
3942 4471 4016 4539 in
4054 4493 4173 4540 aes
4211 4471 4484 4553 incisis,

712 4586 1047 4676 notisque
1076 4586 1443 4668 illustrata,
1475 4586 1936 4676 Antuerpiae,
1970 4608 2059 4655 ex
2090 4586 2293 4655 offic.
2327 4586 2757 4676 Hieronymi
2787 4586 3204 4655 Verdussen
3235 4586 3577 4655 aurctoris
3610 4608 3771 4655 aere
3801 4597 3870 4655 et
3898 4608 4086 4668 cura,
4128 4586 4335 4655 1607.

712 4698 847 4755 Con
884 4698 995 4755 103
1029 4698 1229 4755 tavole
1260 4697 1321 4755 di
1350 4697 1774 4772 bell’intaglio.
1806 4698 2147 4771 Magnifico
2180 4697 2516 4771 esemplare
2548 4700 2647 4755 cui
2677 4718 2751 4755 va
2782 4700 3075 4771 aggiunta
3108 4718 3227 4755 una
3259 4700 3536 4755 versione
3567 4697 3725 4755 delle
3759 4697 4157 4761 illustrazioni
4189 4700 4247 4755 in
4280 4697 4487 4771 lingua

714 4793 967 4851 italiana
992 4793 1378 4851 manoscritta
1401 4812 1518 4851 con
1544 4812 1781 4851 somma
1804 4794 2108 4868 eleganza.

483 5009 690 5078 1971.
724 5010 1079 5077 VAENIUS
1112 5008 1328 5090 Otho,
1361 5010 1462 5077 Le
1491 5008 1759 5077 theatre
1788 5008 2018 5077 moral
2048 5008 2137 5077 de
2166 5008 2236 5077 la
2263 5008 2381 5077 vie
2409 5008 2751 5077 humaine
2779 5009 3231 5098 representée
3261 5030 3350 5077 en
3378 5008 3541 5098 plus
3573 5008 3662 5077 de
3692 5019 3855 5077 cent
3881 5008 4217 5077 tableaux
4248 5008 4485 5077 divers

711 5123 884 5192 tirez
923 5123 1018 5192 du
1053 5134 1266 5213 poete
1302 5125 1585 5192 Horace
1623 5134 1692 5192 et
1727 5123 2104 5213 expliqués
2141 5145 2267 5213 par
2301 5123 2369 5192 le
2408 5123 2597 5192 sieur
2632 5123 2721 5192 de
2758 5123 3258 5192 Gombervilie
3296 5145 3471 5192 avec
3508 5123 3578 5192 la
3611 5123 3803 5192 table
3840 5123 3929 5192 de
3966 5123 4226 5205 Cebès,
4266 5125 4482 5192 Brux.

721 5238 929 5320 1662,
962 5238 1036 5306 in
1065 5238 1192 5307 fol.

714 5350 878 5407 Sono
911 5358 1086 5407 cento
1119 5368 1152 5407 e
1183 5358 1268 5407 tre
1300 5350 1500 5407 tavole
1532 5368 1650 5407 con
1681 5350 1848 5407 lusso
1881 5349 1942 5407 di
1974 5349 2353 5417 esecuzione,
2388 5368 2510 5407 non
2541 5368 2859 5424 compresa
2889 5350 2947 5407 la
2976 5350 3178 5407 tavola
3208 5349 3269 5407 di
3302 5350 3546 5407 Cebete.
3581 5351 3648 5406 In
3677 5349 3976 5424 principio
4009 5350 4042 5407 e
4073 5349 4116 5406 il
4146 5349 4486 5407 bellissimo

710 5444 934 5502 ritratto
971 5444 1032 5502 di
1069 5445 1290 5502 Ottone
1326 5444 1526 5502 Venio
1563 5444 1795 5519 dipinto
1832 5445 1909 5502 da
1944 5445 2230 5502 Geltrude
2269 5463 2375 5502 sua
2411 5444 2600 5519 figlia,
2638 5444 2949 5519 intagliato
2986 5445 3063 5502 da
3096 5445 3283 5502 Paolo
3319 5444 3552 5502 Pontio:
3594 5463 3628 5502 a
3662 5445 4050 5519 quest’opera
4086 5444 4394 5502 servirono
4431 5445 4487 5502 le

710 5540 1045 5598 bellissime
1069 5541 1270 5598 tavole
1294 5540 1418 5598 dell
1431 5540 1823 5598 ’Emblernata
1846 5543 2205 5598 Horatiana.

487 5737 694 5806 1972.
770 5738 1124 5805 VERRIEN
1189 5736 1489 5805 Nicolas
1563 5737 1814 5805 maître
1887 5758 2207 5826 graveur,
2283 5736 2585 5805 Récueil
2657 5736 3161 5818 d’emblémes,
3237 5736 3549 5818 devises,
3624 5736 4001 5805 médailles
4075 5747 4144 5805 et
4213 5736 4485 5826 figures

711 5851 1372 5941 hieroglyphiques,
1408 5852 1448 5920 à
1475 5851 1692 5933 Paris,
1727 5851 1903 5920 chez
1933 5851 2274 5933 Jombert,
2316 5851 2524 5933 1696,
2557 5851 2631 5919 in
2664 5852 2727 5933 8,
2759 5851 2885 5941 fig.

714 5963 878 6020 Sono
908 5963 1294 6020 sessantadue
1320 5963 1521 6020 tavole
1548 5981 1665 6020 con
1698 5962 1767 6020 15
1798 5962 2084 6020 emblemi
2109 5981 2216 6037 per
2240 5963 2442 6020 tavola
2466 5962 2773 6037 intagliate
2799 5962 2861 6019 in
2885 5981 3049 6020 rame
3076 5963 3132 6020 le
3159 5962 3321 6037 quali
3348 5962 3625 6020 formano
3652 5962 3695 6019 il
3720 5962 3915 6037 primo
3943 5962 4114 6020 libro.
4144 5963 4192 6019 Il
4221 5963 4487 6020 secondo

712 6059 745 6116 e
779 6058 1037 6116 formato
1072 6059 1149 6116 da
1188 6058 1299 6116 153
1336 6059 1536 6116 tavole
1570 6058 1631 6116 di
1665 6058 1814 6116 cifre
1848 6058 2061 6133 d’ogni
2095 6058 2362 6116 maniera
2394 6059 2775 6133 egualmente
2810 6077 2844 6116 a
2883 6058 2952 6116 15
2988 6077 3095 6133 per
3126 6059 3343 6116 tavola.
3380 6059 3428 6115 Il
3461 6067 3624 6116 terzo
3657 6067 3933 6133 presenta
3965 6058 4027 6115 in
4067 6059 4137 6116 17
4173 6059 4374 6116 tavole
4410 6059 4487 6116 34

712 6155 953 6212 cartelle
982 6155 1058 6212 ed
1086 6154 1419 6212 ornamenti
1447 6173 1554 6229 per
1583 6154 1822 6212 stemmi
1851 6154 2148 6229 disegnati
2177 6173 2210 6212 e
2239 6154 2532 6229 intagliati
2561 6173 2679 6212 con
2708 6155 2897 6212 molto
2928 6163 3121 6229 gusto.
3153 6156 3220 6211 In
3250 6154 3374 6212 fine
3406 6173 3557 6212 sono
3586 6163 3732 6212 tutte
3761 6155 3817 6212 le
3845 6155 4046 6212 tavole
4075 6155 4173 6212 del
4201 6163 4355 6212 testo
4383 6173 4490 6229 per

714 6249 952 6307 servirsi
977 6249 1038 6307 di
1063 6249 1258 6324 questi
1282 6258 1367 6307 tre
1392 6249 1545 6317 libri,
1573 6250 1629 6307 le
1654 6249 1816 6324 quali
1843 6258 2054 6307 stanno
2080 6249 2349 6324 disposte
2375 6249 2914 6307 alfabeticamente.

2171 6657 2347 6694 WWW.
2358 6637 2734 6710 memofonte.
2748 6639 2766 6694 i
2770 6648 2791 6694 t
