4958 7017
1981 864 2366 922 Fondazione
2390 838 2775 922 Memofonte
2800 865 2976 922 onlus

1390 960 1600 1018 Studio
1624 979 1731 1035 per
1754 960 2226 1018 l’elaborazione
2250 960 2632 1018 informatica
2655 961 2813 1018 delle
2838 960 2991 1018 fonti
3018 960 3571 1018 storico—artistiche

479 1249 557 1322 [p.
588 1248 729 1317 313]

473 1439 655 1497 4623.
691 1440 1056 1497 STRADANO
1081 1441 1170 1497 Jo.
1202 1439 1450 1514 pictore,
1482 1439 1696 1514 Equile
1725 1439 1788 1496 in
1817 1458 1938 1514 quo
1969 1439 2168 1497 omnis
2200 1439 2435 1514 generis
2467 1439 3075 1514 generosissimorum
3104 1458 3398 1514 equorum
3426 1458 3502 1497 ex
3532 1439 3711 1497 variis
3743 1439 3905 1497 orbis
3934 1439 4199 1514 partibus
4230 1439 4486 1514 insignis

699 1536 966 1593 delectus
993 1536 1068 1593 ad
1092 1535 1303 1593 vivum
1325 1554 1538 1593 omnes
1564 1535 1865 1603 delineati,
1893 1535 2175 1610 expensis
2202 1554 2270 1593 ac
2298 1535 2495 1593 studio
2520 1537 2608 1593 M.
2639 1535 2906 1593 Sadeleri
2930 1535 2992 1592 in
3016 1536 3217 1593 lucem
3240 1535 3401 1593 editi.

698 1633 765 1688 In
790 1640 1001 1706 questa
1023 1631 1310 1706 ristampa
1334 1632 1569 1706 l’opera
1593 1632 1626 1689 è
1651 1631 1946 1689 intitolata
1970 1632 2133 1706 dopo
2159 1631 2202 1688 il
2228 1631 2620 1706 frontespizio
2648 1631 2906 1706 figurato
2933 1650 3050 1689 con
3075 1650 3194 1689 una
3218 1631 3434 1689 dedica
3457 1631 3520 1688 in
3545 1650 3663 1689 una
3687 1632 3849 1689 bella
3873 1632 4116 1689 cartella
4139 1631 4406 1689 istoriata
4431 1632 4486 1689 al

699 1727 767 1784 C.
819 1728 1152 1784 Francesco
1202 1726 1585 1784 Crescenzio.
1637 1726 1875 1801 Filippo
1926 1727 2101 1784 Galle
2150 1726 2672 1801 originariamente
2721 1726 2786 1784 fu
2834 1726 3261 1801 l’intagliatore
3310 1727 3468 1784 delle
3516 1727 3593 1784 43
3644 1727 3862 1794 tavole,
3914 1727 4063 1784 oltre
4112 1727 4168 1784 le
4217 1726 4379 1801 quali
4427 1726 4489 1783 in

699 1823 1236 1897 quest’esemplare
1287 1841 1438 1880 sono
1488 1823 1604 1880 due
1652 1823 1853 1880 tavole
1902 1822 2314 1880 dimostrative
2364 1823 2522 1880 delle
2570 1822 2874 1880 infermità
2921 1823 3019 1880 del
3068 1823 3323 1890 cavallo,
3378 1831 3623 1897 segnata
3668 1825 4029 1896 Domenego
4079 1825 4398 1880 veneziano
4434 1823 4481 1896 f.

698 1918 1006 1993 intagliata
1029 1937 1146 1976 con
1170 1919 1360 1976 molto
1384 1919 1484 1976 bel
1509 1919 1712 1993 garbo.

697 2050 780 2054 —
806 2014 1195 2089 Aggiuntevi:
1227 2015 1562 2072 Trentadue
1589 2015 1790 2072 tavole
1818 2014 1879 2072 di
1907 2015 2124 2072 vedute
2150 2014 2573 2089 prospettiche,
2604 2033 2637 2072 e
2664 2014 2893 2072 teatrali
2920 2014 3226 2089 intagliate
3254 2015 3331 2072 da
3356 2014 3700 2072 Domenico
3729 2015 4016 2082 Custode,
4047 2015 4124 2072 da
4149 2014 4381 2082 Uriese,
4412 2015 4488 2072 ed

700 2110 846 2168 altri.

697 2242 780 2246 —
809 2206 935 2264 Più:
971 2208 1055 2264 Le
1090 2215 1236 2264 sette
1270 2225 1449 2264 scene
1481 2207 1669 2264 d’una
1699 2206 1853 2264 festa
1882 2207 2124 2264 teatrale
2156 2207 2293 2264 data
2322 2206 2385 2263 in
2415 2206 2680 2274 Firenze,
2715 2206 3025 2281 disegnate
3057 2207 3134 2264 da
3163 2206 3427 2264 Alfonso
3459 2206 3757 2281 Parigino,
3791 2206 4096 2281 intagliate
4128 2207 4205 2264 da
4237 2206 4485 2264 Stefano

699 2302 859 2359 della
883 2302 1074 2369 Bella,
1104 2302 1180 2359 ed
1207 2302 1350 2359 altre
1377 2303 1412 2359 7
1440 2320 1547 2376 per
1572 2302 1628 2359 le
1655 2301 1807 2359 feste
1834 2302 1969 2359 date
1995 2301 2057 2358 in
2083 2303 2360 2359 Toscana
2384 2302 2482 2359 nel
2516 2301 2670 2359 1608
2698 2320 2805 2376 per
2830 2302 2886 2359 le
2912 2320 3103 2359 nozze
3130 2302 3228 2359 del
3254 2301 3547 2376 Principe,
3577 2301 3887 2376 disegnate
3914 2302 3991 2359 da
4017 2301 4177 2359 Giul.
4207 2301 4486 2376 Parigino

698 2397 1004 2472 intagliate
1029 2398 1106 2455 da
1128 2397 1411 2472 Remigio
1437 2397 1870 2472 Cantagallina.

473 2589 655 2647 4624.
681 2591 1035 2647 TEMPESTA
1057 2589 1344 2657 Antonio,
1374 2589 1540 2647 Serie
1565 2589 1626 2647 di
1651 2589 1868 2647 cavalli
1892 2589 1954 2646 in
1979 2589 2104 2647 vari
2129 2589 2505 2647 movimenti:
2537 2590 2614 2647 30
2639 2590 2856 2647 tavole.
2884 2589 3177 2647 Dedicate
3203 2590 3258 2647 al
3282 2591 3456 2647 Duca
3479 2589 3540 2647 di
3564 2589 3917 2657 Bracciano,
3952 2589 4126 2657 1590,
4152 2589 4214 2646 in
4237 2590 4275 2646 4
4299 2589 4416 2664 pic.

473 2781 655 2839 4625.
681 2783 1035 2839 TEMPESTA
1057 2781 1344 2849 Antonio,
1374 2781 1577 2839 Sedici
1602 2781 1819 2839 cavalli
1843 2781 1906 2838 in
1930 2781 2092 2839 varie
2117 2800 2321 2839 mosse
2345 2781 2523 2839 incisi
2548 2782 2625 2839 da
2649 2781 2958 2856 Giuseppe
2982 2781 3164 2839 Rossi
3189 2781 3495 2839 vicentino
3520 2781 3582 2838 in
3609 2782 3661 2839 8.

700 2877 929 2948 Questo
955 2876 1262 2934 mediocre
1288 2876 1488 2934 artista
1510 2895 1632 2934 non
1654 2885 1877 2951 poteva
1899 2876 2132 2934 imitare
2157 2877 2215 2934 la
2238 2876 2518 2934 maestria
2541 2876 2703 2951 degli
2729 2876 3023 2951 originali.

473 3068 655 3126 4626.
688 3065 932 3125 TRAITÉ
962 3069 1068 3126 des
1101 3068 1364 3126 voitures
1394 3087 1547 3143 pour
1578 3068 1764 3126 servir
1793 3069 1868 3126 de
1901 3069 2280 3143 supplément
2310 3087 2385 3126 au
2415 3087 2694 3126 nouveau
2722 3068 2940 3143 parfait
2969 3068 3288 3136 maréchal,
3323 3087 3470 3126 avec
3503 3069 3561 3126 la
3590 3068 3998 3126 construction
4028 3069 4214 3126 d’une
4244 3068 4486 3126 Berline

698 3165 999 3232 nouvelle,
1026 3165 1310 3222 nommée
1335 3164 1748 3232 l’inversable,
1775 3164 1938 3222 Paris
1971 3164 2145 3232 1756,
2172 3164 2234 3221 in
2257 3165 2313 3222 4.

699 3261 834 3318 Con
865 3260 937 3318 16
962 3261 1162 3318 tavole
1186 3260 1492 3335 intagliate
1516 3260 1579 3317 in
1601 3279 1783 3318 rame.

473 3451 655 3509 4627.
682 3453 956 3509 VERNET
979 3452 1178 3519 Carlo,
1206 3470 1239 3509 e
1265 3451 1486 3509 Orazio
1511 3451 1704 3526 figlio.

698 3548 988 3605 Raccolta
1016 3547 1162 3605 fatta
1190 3548 1267 3605 da
1295 3547 1398 3605 noi
1428 3547 1489 3605 di
1519 3548 1598 3605 72
1628 3548 1828 3605 tavole
1858 3547 1919 3605 di
1949 3547 2167 3605 cavalli
2197 3547 2438 3615 diversi,
2469 3556 2634 3622 parte
2663 3547 2956 3622 intagliati
2985 3547 3048 3604 in
3075 3566 3258 3615 rame,
3291 3566 3324 3605 e
3352 3556 3517 3622 parte
3546 3547 3609 3604 in
3638 3547 3956 3622 litografia.
3989 3547 4486 3605 Incominciando

699 3644 857 3701 dalle
886 3643 1037 3718 parti
1068 3643 1415 3701 elementari
1446 3644 1606 3701 della
1634 3652 1786 3701 testa
1815 3644 1913 3701 del
1944 3644 2179 3701 cavallo
2210 3643 2273 3700 in
2304 3644 2544 3718 grande,
2578 3643 2824 3701 offrono
2856 3644 2914 3701 la
2941 3643 3046 3718 più
3074 3644 3236 3701 bella
3267 3643 3418 3701 serie
3449 3643 3561 3701 che
3594 3643 3682 3701 sia
3711 3643 3832 3701 mai
3865 3652 4014 3701 stata
4043 3643 4355 3718 disegnata
4385 3644 4480 3701 de’

701 3740 851 3814 studj
888 3758 995 3814 per
1026 3739 1461 3814 l’intelligenza
1492 3740 1650 3797 delle
1681 3739 1850 3814 parti,
1886 3758 1919 3797 e
1951 3740 2049 3797 del
2081 3739 2455 3797 movimento
2489 3739 2550 3797 di
2583 3748 2795 3814 questo
2828 3739 3212 3797 nobilissimo
3247 3739 3522 3797 animale.
3558 3741 3750 3797 Prove
3785 3740 3986 3807 scelte,
4022 3740 4180 3797 delle
4213 3739 4375 3814 quali
4410 3740 4487 3797 32

698 3836 898 3893 tavole
925 3854 1075 3893 sono
1100 3835 1163 3892 in
1187 3854 1331 3910 gran
1355 3844 1583 3910 quarto,
1611 3854 1644 3893 e
1668 3836 1747 3893 40
1772 3835 1834 3892 in
1858 3835 2052 3910 foglio
2079 3835 2377 3893 atlantico.

479 4028 557 4101 [p.
588 4027 729 4096 314]

473 4218 655 4276 4628.
684 4220 1002 4276 WINTERII
1029 4218 1278 4293 Georgii
1309 4218 1593 4286 Simonis,
1623 4220 1717 4276 De
1743 4237 1806 4276 re
1834 4218 2077 4293 equaria
2103 4219 2515 4293 complectens
2542 4227 2738 4293 partes
2766 4227 2900 4276 tres.
2931 4220 2998 4275 In
3024 4219 3289 4286 tedesco,
3320 4218 3524 4286 latino,
3555 4218 3845 4286 francese,
3875 4218 4277 4293 Norimberga
4310 4218 4485 4286 1687,

698 4314 760 4371 in
784 4314 911 4382 fol.,
939 4314 1044 4389 fig.

699 4411 834 4468 Con
858 4411 936 4468 48
964 4411 1164 4468 tavole
1191 4410 1347 4468 assai
1371 4411 1490 4468 ben
1514 4410 1839 4485 intagliate:
1870 4410 2148 4468 edizione
2174 4410 2235 4468 di
2261 4429 2405 4485 gran
2430 4411 2613 4485 lunga
2638 4410 2921 4485 ampliata
2945 4429 2978 4468 e
3002 4411 3102 4485 pel
3127 4419 3280 4468 testo
3307 4429 3340 4468 e
3364 4429 3471 4485 per
3495 4411 3551 4468 le
3575 4411 3775 4468 tavole
3801 4411 3961 4468 dalla
3983 4410 4176 4485 prima
4200 4411 4298 4468 del
4331 4410 4486 4468 1672

699 4524 732 4563 e
757 4506 834 4563 da
856 4505 1074 4563 tenersi
1098 4505 1160 4562 in
1184 4506 1374 4563 molto
1400 4505 1676 4580 maggior
1697 4505 1925 4580 pregio.

473 4697 655 4756 4629.
691 4699 829 4755 ZEN
859 4697 1114 4765 Anania,
1149 4698 1197 4754 Il
1230 4698 1466 4755 cavallo
1501 4697 1562 4755 di
1593 4716 1769 4755 razza
1798 4697 2207 4755 riconosciuto
2241 4698 2339 4755 dal
2375 4716 2563 4772 segno
2597 4698 2692 4755 de’
2733 4697 2960 4755 marchi
2993 4698 3151 4755 delle
3183 4697 3288 4772 più
3319 4697 3572 4772 perfette
3603 4716 3777 4755 razze
3810 4698 3908 4755 del
3942 4697 4293 4765 veneziano,
4329 4698 4489 4755 della

698 4793 1078 4861 Lombardia,
1106 4812 1139 4851 e
1162 4802 1327 4868 parte
1352 4794 1512 4851 della
1534 4795 1866 4868 Romagna,
1893 4793 2165 4851 Venezia
2195 4793 2370 4861 1658,
2397 4793 2459 4850 in
2490 4793 2581 4861 16,
2609 4793 2713 4868 fig.

698 4891 723 4946 I
755 4890 867 4947 107
893 4889 1120 4947 marchi
1145 4889 1206 4947 di
1231 4898 1443 4964 questo
1469 4889 1784 4947 libriccino
1812 4908 1962 4947 sono
1990 4889 2266 4964 stampati
2290 4889 2352 4946 in
2376 4890 2575 4964 legno.

1593 5089 2029 5170 ALCUNI
2061 5090 2363 5168 LIBRI
2396 5090 2515 5168 DI
2549 5089 3369 5170 BIBLIOGRAFIA

473 5310 655 5368 4630.
682 5311 894 5378 AMES,
920 5310 1402 5385 Typographical
1428 5310 1787 5385 antiquities.
1815 5310 1974 5368 Vedi
1996 5311 2244 5368 Dibdin.

473 5502 655 5560 4631.
684 5504 1096 5560 BATTAGLINI
1121 5502 1418 5560 canonico
1445 5503 1705 5577 Angelo,
1734 5502 2184 5560 Dissertazione
2212 5502 2598 5560 accademica
2626 5503 2716 5560 sul
2743 5502 3114 5560 commercio
3142 5502 3304 5577 degli
3332 5502 3554 5560 antichi
3581 5521 3614 5560 e
3641 5503 3736 5560 de’
3771 5502 4044 5560 moderni
4072 5502 4262 5570 librai,
4291 5504 4489 5560 Roma

706 5599 881 5666 1787,
907 5598 969 5655 in
992 5599 1049 5666 4,
1076 5600 1164 5656 M.
1192 5599 1289 5656 44.

473 5789 655 5847 4632.
682 5791 1161 5847 B]BLIOGRAFIA
1186 5789 1404 5847 storica
1427 5790 1585 5847 delle
1610 5789 1767 5857 città,
1795 5808 1828 5847 e
1853 5789 2061 5864 luoghi
2086 5790 2248 5847 dello
2276 5790 2440 5847 Stato
2466 5789 2809 5857 Pontificio,
2836 5791 3033 5847 Roma
3063 5790 3238 5857 1782,
3265 5789 3327 5846 in
3350 5790 3406 5847 4.

473 5981 655 6039 4633.
682 5983 1136 6039 B]BLIOTHECA
1157 5983 1337 6039 Excc.
1365 5983 1439 6039 D.
1468 5981 1710 6039 Nicolai
1734 5981 1981 6056 Josephi
2006 5982 2081 6039 de
2105 5982 2355 6049 Azzara,
2383 5981 2591 6039 ordine
2617 5981 2939 6039 alfabetico
2965 5981 3280 6056 descripta,
3307 5983 3540 6039 Romae
3572 5981 3746 6049 1806,
3773 5981 3835 6038 in
3862 5982 3914 6039 8.

473 6173 655 6231 4634.
704 6175 1158 6231 B]BLIOTHECA
1204 6173 1577 6241 Stoschiana,
1629 6192 1734 6231 seu
1780 6174 2090 6248 catalogus
2140 6173 2678 6231 selectissimorum
2722 6173 3012 6231 librorum
3056 6192 3208 6248 quos
3256 6174 3583 6248 collegerat
3627 6173 3937 6248 Philippus
3984 6173 4163 6231 Lìber
4207 6175 4366 6231 Baro
4414 6174 4488 6231 de

701 6269 934 6337 Stosch,
961 6269 1296 6327 Florentiae
1328 6269 1503 6337 1759,
1530 6269 1592 6326 in
1619 6270 1671 6327 8.

2171 6657 2347 6694 WWW.
2358 6637 2734 6710 memofonte.
2748 6639 2791 6694 il
