4958 7017
1981 864 2366 922 Fondazione
2390 838 2775 922 Memofonte
2800 865 2976 922 onlus

1390 960 1600 1018 Studio
1624 979 1731 1035 per
1754 960 2226 1018 l’elaborazione
2250 960 2632 1018 informatica
2655 961 2813 1018 delle
2838 960 2991 1018 fonti
3018 960 3571 1018 storico—artistiche

473 1247 655 1305 4635.
682 1249 1136 1305 B]BLIOTHECA
1160 1247 1511 1315 Smithiana,
1541 1266 1646 1305 seu
1670 1248 1979 1322 catalogus
2005 1247 2295 1305 librorum
2317 1249 2347 1305 J
2351 1247 2564 1322 osephi
2591 1247 2848 1315 Smithii,
2875 1247 3149 1305 Venetiis
3182 1247 3357 1315 1755,
3384 1247 3446 1304 in
3469 1248 3524 1305 4.

473 1439 655 1497 4636.
687 1441 1048 1497 BONICELLI
1075 1439 1340 1507 Joannis,
1372 1439 1755 1497 Bibliotheca
1782 1439 2138 1497 Pisanorum
2165 1441 2416 1507 Veneta,
2450 1439 2935 1497 adnotationibus
2966 1439 3271 1497 nonnullis
3301 1439 3609 1507 illustrata,
3641 1439 3790 1497 tomi
3822 1440 3876 1507 3,
3908 1439 4181 1497 Venetiis
4220 1440 4395 1507 1807,
4427 1439 4489 1496 in

698 1536 754 1593 4.

473 1726 655 1784 4637.
686 1728 1024 1784 BRAVETTI
1050 1728 1298 1801 Jacopo,
1329 1726 1534 1784 Indice
1563 1726 1661 1784 dei
1690 1726 1825 1784 libri
1855 1745 1889 1784 a
1918 1735 2149 1801 stampa
2176 1726 2339 1784 citati
2366 1745 2473 1801 per
2499 1735 2652 1784 testo
2682 1726 2743 1784 di
2772 1726 2978 1801 lingua
3004 1727 3102 1784 nel
3131 1726 3540 1784 Vocabolario
3570 1727 3730 1784 della
3757 1727 4001 1794 Crusca,
4032 1728 4276 1784 Verona
4310 1727 4485 1794 1798,

698 1822 760 1879 in
787 1823 839 1880 8.

473 2014 655 2072 4638.
692 2016 968 2072 BRUNET
1000 2016 1163 2089 Jacq.
1201 2014 1332 2082 Ch.,
1369 2015 1619 2072 Manuel
1654 2015 1735 2072 du
1769 2014 2024 2082 libraire,
2062 2023 2120 2072 et
2153 2015 2228 2072 de
2263 2015 2579 2072 l’amateur
2612 2015 2687 2072 de
2722 2014 2920 2082 livres,
2958 2023 3279 2072 contenant
3312 2033 3392 2072 un
3426 2033 3706 2072 nouveau
3739 2014 3986 2072 Diction
4025 2016 4103 2089 [p.
4144 2014 4286 2084 315]
4326 2014 4488 2072 naire

698 2110 1254 2185 Bibliographique,
1282 2119 1340 2168 et
1362 2129 1443 2168 un
1466 2111 1625 2168 table
1650 2129 1725 2168 en
1749 2110 1943 2168 forme
1968 2111 2043 2168 de
2068 2111 2383 2185 catalogue
2406 2110 2686 2168 raisonné
2712 2119 2844 2178 etc.,
2871 2119 2908 2168 t.
2936 2112 3039 2178 IV,
3066 2110 3128 2167 in
3155 2111 3208 2178 8,
3234 2110 3416 2178 Paris,
3444 2110 3592 2168 chez
3616 2112 3856 2178 Brunet,
3891 2111 4065 2168 1814.

473 2301 655 2360 4639.
688 2303 875 2359 BURE
906 2302 1033 2372 (de)
1067 2301 1429 2369 Guillaume,
1464 2302 1797 2376 Catalogue
1828 2302 1934 2359 des
1966 2301 2145 2359 livres
2177 2302 2252 2359 de
2283 2302 2341 2359 la
2369 2301 2796 2376 Bibliotheque
2827 2302 2902 2359 de
2932 2303 3054 2359 Feu
3083 2303 3171 2359 M.
3206 2302 3262 2359 le
3292 2303 3426 2359 Duc
3458 2302 3533 2359 de
3564 2302 3622 2359 la
3650 2301 3915 2359 Valliere
3946 2310 4078 2369 etc.,
4110 2301 4273 2359 Paris
4312 2302 4485 2369 1783,

699 2398 818 2455 vol.
849 2398 903 2465 3,
930 2397 992 2454 in
1019 2398 1071 2455 8.

473 2589 655 2647 4640.
689 2591 876 2647 BURE
909 2590 1035 2660 (de)
1070 2589 1432 2657 Guillaume,
1467 2589 1894 2664 Bibliotheque
1925 2589 2291 2657 instructive,
2326 2608 2406 2647 ou
2436 2589 2604 2647 traité
2636 2590 2711 2647 de
2743 2590 2801 2647 la
2831 2589 3269 2647 connoissance
3301 2590 3407 2647 des
3440 2589 3620 2647 livres
3651 2608 3829 2657 rares,
3864 2598 3922 2647 et
3954 2589 4289 2664 singuliers,
4323 2589 4486 2647 Paris

706 2685 881 2753 1768,
908 2686 1027 2743 vol.
1056 2687 1112 2753 7,
1139 2685 1201 2742 in
1228 2686 1280 2743 8.

473 2876 655 2934 4641.
685 2878 873 2934 BURE
902 2877 1028 2947 (de)
1059 2876 1422 2944 Guillaume,
1453 2878 1644 2934 Tome
1671 2876 1959 2934 huitieme
1987 2885 2309 2934 contenant
2335 2895 2452 2934 une
2480 2877 2639 2934 table
2667 2876 2935 2934 destinée
2965 2895 2999 2934 a
3026 2876 3282 2934 facilitér
3308 2877 3396 2934 les
3423 2876 3776 2934 recherches
3806 2877 3912 2934 des
3941 2876 4121 2934 livres
4151 2876 4485 2944 anonimes,

698 2972 861 3030 Paris
894 2973 1068 3040 1793,
1095 2972 1157 3029 in
1184 2973 1236 3030 8.

473 3164 655 3222 4642.
697 3166 884 3222 BURE
924 3165 1051 3235 (de)
1093 3164 1456 3232 Guillaume,
1502 3165 1895 3239 Supplement
1934 3165 1968 3222 a
2006 3165 2064 3222 la
2101 3164 2528 3239 Bibliotheque
2567 3164 2933 3232 instructive,
2976 3183 3056 3222 ou
3095 3165 3460 3239 Catalogues
3502 3165 3608 3222 des
3649 3164 3828 3222 livres
3869 3165 3949 3222 du
3988 3164 4244 3222 Cabinet
4282 3165 4357 3222 de
4396 3166 4484 3222 M.

700 3260 976 3335 Gaignat,
1003 3260 1166 3318 Paris
1199 3260 1374 3328 1769,
1400 3260 1462 3317 in
1489 3261 1542 3328 8,
1570 3261 1689 3318 vol.
1718 3261 1774 3328 2,
1801 3260 1863 3317 in
1886 3269 2034 3318 tutto
2060 3261 2179 3318 vol.
2215 3261 2305 3318 10.

473 3451 655 3509 4643.
682 3453 869 3509 BURE
895 3452 1021 3522 (de)
1049 3451 1412 3519 Guillaume,
1440 3452 1773 3526 Catalogue
1798 3452 1904 3509 des
1930 3451 2110 3509 livres
2134 3470 2293 3509 rares
2319 3452 2394 3509 de
2418 3453 2506 3509 M.
2535 3452 2610 3509 de
2634 3451 2888 3519 Limare,
2915 3451 3078 3509 Paris
3111 3451 3286 3519 1786,
3312 3451 3374 3508 in
3401 3452 3454 3519 8,
3482 3454 3580 3509 coi
3596 3454 3815 3525 prezzi.

473 3643 655 3701 4644.
683 3644 1056 3701 CATALOGO
1080 3644 1240 3701 della
1263 3643 1502 3701 libreria
1525 3644 1623 3701 del
1648 3643 1713 3701 fu
1737 3643 2034 3701 cavaliere
2060 3643 2370 3718 Giuseppe
2394 3643 2575 3701 Bossi
2598 3643 2814 3718 pittore
2839 3643 3148 3711 milanese,
3175 3643 3412 3701 Milano
3445 3644 3620 3711 1817,
3646 3643 3708 3700 in
3735 3644 3787 3701 8.

698 3741 783 3797 Fu
816 3748 1029 3814 questo
1062 3739 1471 3814 rapidamente
1505 3748 1703 3797 esteso
1739 3740 1837 3797 dal
1871 3739 2084 3814 librajo
2120 3739 2284 3797 Salvi
2316 3758 2423 3814 per
2454 3739 2497 3796 il
2533 3740 2665 3797 solo
2699 3748 2943 3814 oggetto
2978 3740 3138 3797 della
3170 3739 3428 3797 vendita.
3465 3741 3551 3797 La
3583 3739 3822 3797 libreria
3853 3739 4035 3797 Bossi
4069 3740 4223 3797 ebbe
4256 3739 4487 3814 origine

699 3835 1124 3910 coll’acquisto
1150 3836 1310 3893 della
1333 3835 1671 3893 collezione
1696 3835 1757 3893 di
1782 3835 1917 3893 libri
1942 3836 2132 3893 d’arte
2157 3836 2255 3893 del
2282 3835 2603 3910 segretario
2630 3836 2800 3893 abate
2824 3835 3138 3893 Bianconi.

473 4026 655 4084 4645.
683 4027 1056 4084 CATALOGO
1076 4027 1236 4084 della
1259 4026 1498 4084 libreria
1521 4027 1619 4084 del
1643 4026 1953 4084 marchese
1979 4026 2275 4101 Capponi,
2302 4028 2500 4084 Roma
2530 4027 2704 4094 1747,
2731 4026 2793 4083 in
2816 4027 2872 4084 4.

473 4218 655 4276 4646.
686 4219 1100 4276 CATALOGUE
1126 4219 1232 4276 des
1260 4218 1440 4276 livres
1469 4219 1544 4276 de
1571 4219 1629 4276 la
1652 4218 2066 4293 bibliotheque
2093 4219 2168 4276 de
2194 4220 2282 4276 M.
2312 4218 2509 4276 Pierre
2535 4218 2800 4276 Antoine
2826 4219 3174 4293 Bolongaro
3203 4219 3536 4286 Crevenna,
3565 4219 3953 4276 Amsterdam
3984 4219 4159 4286 1789,
4189 4219 4308 4276 vol.
4340 4218 4395 4286 5,
4424 4218 4486 4275 in

702 4315 754 4372 8.

473 4505 655 4563 4647.
683 4506 932 4573 CLARK,
960 4505 1380 4580 Repertorium
1400 4505 1967 4580 bibliographicum,
1995 4506 2251 4563 London
2282 4506 2457 4573 1819,
2484 4506 2603 4563 vol.
2632 4506 2688 4573 2,
2715 4505 2777 4562 in
2800 4506 2856 4563 4.

700 4602 901 4676 Opera
932 4601 1331 4676 superficiale,
1365 4620 1482 4659 ove
1515 4601 1564 4659 si
1594 4610 1765 4659 tratta
1794 4601 1855 4659 di
1887 4601 2085 4659 alcuni
2114 4601 2376 4676 preziosi
2407 4601 2542 4659 libri
2571 4601 2884 4676 posseduti
2915 4602 2992 4659 da
3021 4601 3243 4659 diversi
3275 4601 3525 4659 amatori
3556 4601 3617 4659 di
3648 4601 3933 4659 curiosità
3961 4601 4023 4658 in
4052 4601 4419 4676 Inghilterra,
4453 4620 4486 4659 e

697 4697 861 4755 ricco
887 4697 948 4755 di
972 4697 1143 4755 molti
1166 4697 1266 4755 bei
1289 4697 1495 4755 ritratti
1519 4697 1812 4772 intagliati
1836 4697 1898 4754 in
1920 4716 2102 4755 rame.

473 4889 655 4947 4648.
685 4890 1062 4947 CLEMENTIS
1091 4889 1350 4957 Claudii,
1379 4889 1639 4957 Musaei,
1671 4889 1798 4947 sive
1823 4889 2228 4947 bibliothecae
2254 4898 2378 4947 tam
2400 4889 2667 4964 privatae
2694 4908 2877 4964 quam
2899 4889 3221 4964 pubblicae
3248 4889 3559 4957 extructio,
3588 4889 3916 4957 instructio,
3946 4908 4103 4957 cura,
4132 4908 4293 4947 usus.
4324 4889 4487 4947 Libri

699 4994 967 5060 quatuor,
994 4985 1273 5060 Lugduni
1305 4985 1458 5043 1535
1469 5034 1480 5053 ,
1507 4985 1569 5042 in
1592 4986 1648 5043 4.

473 5176 655 5235 4649.
708 5178 950 5234 D]BDIN
998 5176 1282 5244 Thomas,
1335 5176 1817 5251 Typographical
1869 5176 2228 5251 antiquities,
2282 5195 2350 5234 or
2398 5176 2497 5234 the
2547 5176 2775 5251 history
2825 5176 2897 5234 of
2939 5176 3201 5251 printing
3251 5176 3313 5233 in
3362 5177 3654 5251 England,
3710 5177 4014 5244 Scotland,
4069 5177 4185 5234 and
4234 5177 4485 5244 Ireland,

699 5272 1046 5347 containing
1091 5272 1377 5330 memoirs
1423 5272 1495 5330 of
1533 5291 1642 5330 our
1687 5272 1924 5330 ancient
1965 5272 2235 5347 printers,
2284 5273 2400 5330 and
2445 5291 2479 5330 a
2520 5272 2770 5347 register
2813 5272 2885 5330 of
2922 5272 3020 5330 the
3063 5272 3259 5330 books
3303 5272 3538 5347 printed
3580 5273 3661 5347 by
3704 5272 3803 5330 the
3848 5273 3964 5330 late
4008 5272 4233 5347 Joseph
4276 5273 4484 5340 Ames,

699 5368 1121 5443 considerably
1161 5369 1523 5443 augmented
1560 5369 1642 5443 by
1686 5370 1765 5443 [p.
1811 5368 1952 5438 316]
1996 5368 2269 5426 William
2306 5369 2577 5436 Herbert;
2621 5369 2738 5426 and
2776 5387 2916 5426 now
2956 5377 3120 5443 great
3156 5369 3238 5443 by
3278 5387 3353 5426 en
3392 5369 3615 5443 larged,
3659 5368 3803 5426 with
3842 5368 4096 5443 copious
4137 5377 4327 5436 notes,
4371 5369 4488 5426 and

698 5464 1029 5522 illustrated
1075 5464 1219 5522 with
1265 5464 1641 5539 appropriate
1687 5464 2066 5539 engravings:
2117 5464 2631 5539 comprehending
2677 5464 2776 5522 the
2822 5464 3050 5539 history
3096 5464 3168 5522 of
3206 5464 3459 5539 English
3504 5464 3820 5532 literature,
3870 5465 3986 5522 and
4032 5483 4066 5522 a
4111 5464 4231 5522 viw
4277 5464 4350 5522 of
4388 5464 4487 5522 the

697 5578 976 5634 progress
1002 5559 1074 5617 of
1091 5559 1189 5617 the
1215 5568 1300 5617 art
1323 5559 1395 5617 of
1413 5559 1743 5634 engraving
1767 5559 1829 5616 in
1854 5560 2036 5617 Great
2058 5559 2305 5627 Britain,
2332 5560 2588 5617 London
2619 5560 2776 5617 1810
2803 5578 2837 5617 a
2867 5559 3041 5627 1816,
3068 5560 3187 5617 vol.
3215 5560 3272 5627 4,
3299 5559 3361 5616 in
3384 5560 3441 5627 4,
3469 5559 3573 5634 fig.

698 5655 1106 5730 Posseggonsi
1140 5656 1217 5713 da
1249 5655 1352 5713 noi
1387 5655 1486 5730 già
1518 5664 1751 5730 quattro
1786 5655 2017 5713 volumi
2051 5655 2112 5713 di
2147 5656 2534 5730 quest’opera
2564 5655 2943 5713 ricchissima
2975 5655 3036 5713 di
3070 5655 3418 5730 cognizioni
3451 5674 3558 5730 per
3590 5656 3648 5713 la
3678 5655 4067 5730 bibliografia
4099 5674 4132 5713 e
4166 5655 4489 5730 tipograﬁa

698 5751 948 5826 inglese:
981 5751 1252 5826 eseguita
1278 5770 1396 5809 con
1422 5760 1571 5809 tutto
1599 5751 1642 5808 il
1670 5752 1856 5819 lusso,
1887 5770 1920 5809 e
1948 5752 2303 5826 l’eleganza,
2335 5752 2619 5809 adornata
2645 5751 2706 5809 di
2734 5760 2878 5809 tutte
2906 5752 2962 5809 le
2990 5751 3324 5809 erudizioni
3352 5751 3500 5819 utili,
3531 5770 3564 5809 e
3591 5751 3805 5809 inutili.
3836 5751 4220 5809 Accreditato
4248 5751 4291 5808 il
4319 5752 4486 5809 dotto

697 5847 1064 5922 bibliografo
1099 5866 1206 5922 per
1240 5848 1298 5905 la
1332 5847 1664 5922 magniﬁca
1699 5866 1883 5922 opera
1917 5848 2077 5905 della
2113 5847 2531 5922 Spenceriana,
2573 5847 2622 5905 si
2659 5848 2692 5905 e
2729 5866 2932 5905 messo
2970 5866 3004 5905 a
3037 5848 3323 5922 produrre
3358 5847 3420 5904 in
3458 5847 3618 5905 simil
3656 5847 3852 5905 forma
3886 5847 3906 5904 i
3945 5847 4077 5905 suoi
4114 5847 4267 5915 libri,
4306 5847 4418 5905 che
4455 5866 4489 5905 a

698 5943 923 6001 misura
947 5944 1045 6001 del
1072 5952 1266 6018 gusto,
1295 5962 1328 6001 e
1354 5944 1514 6001 della
1536 5943 1852 6001 ricchezza
1875 5943 2107 6018 inglese
2135 5943 2490 6001 arricchisce
2517 5943 2578 6001 di
2604 5943 2870 6018 quantità
2894 5943 2955 6001 di
2984 5952 3214 6018 stampe
3239 5943 3302 6000 in
3327 5944 3526 6018 legno,
3554 5943 3617 6000 in
3640 5962 3823 6011 rame,
3853 5962 3887 6001 a
3912 5943 4101 6011 fumo,
4130 5943 4191 6001 di
4217 5943 4486 6001 caratteri

699 6039 925 6107 variati,
958 6039 1019 6097 di
1049 6039 1443 6107 monumenti,
1476 6058 1509 6097 e
1540 6039 1601 6097 di
1629 6039 1836 6097 ritratti
1866 6039 1977 6097 che
2009 6039 2193 6097 fanno
2225 6040 2549 6097 ascendere
2578 6040 2903 6114 tropp’alto
2933 6039 2976 6096 il
3005 6058 3225 6114 prezzo
3256 6039 3317 6097 di
3347 6048 3555 6114 queste
3586 6058 3786 6114 opere,
3819 6058 3852 6097 e
3882 6040 3938 6097 le
3968 6039 4297 6097 conﬁnano
4328 6040 4486 6097 nelle

697 6134 1065 6192 biblioteche
1090 6134 1188 6192 dei
1211 6134 1416 6202 ricchi,
1444 6134 1615 6209 quasi
1639 6134 2270 6209 impossibilitandone
2295 6134 2619 6209 l’acquisto
2646 6134 2765 6209 agli
2792 6134 3062 6192 studiosi.

473 6326 655 6384 4650.
683 6328 941 6394 D]BDIN,
968 6326 1310 6384 Biblioteca
1335 6326 1752 6401 Spenceriana.
1782 6327 1867 6384 Or
1891 6345 1925 6384 a
1948 6326 2310 6401 descriptive
2335 6327 2650 6401 catalogue
2675 6326 2748 6384 of
2765 6326 2864 6384 the
2887 6326 3083 6384 books
3107 6326 3342 6401 printed
3365 6326 3428 6383 in
3451 6326 3550 6384 the
3575 6326 3817 6384 fiftenth
3841 6326 4137 6384 centuries
4163 6335 4273 6384 etc.
4301 6326 4364 6383 in
4387 6326 4486 6384 the

699 6422 917 6497 library
941 6422 1013 6480 of
1032 6423 1211 6480 Geor.
1239 6423 1375 6480 Earl
1402 6423 1682 6497 Spencer,
1709 6423 1965 6480 London
1996 6423 2171 6490 1814,
2199 6423 2318 6480 vol.
2346 6423 2403 6490 4,
2430 6422 2492 6479 in
2515 6423 2571 6480 4.

2171 6657 2347 6694 WWW.
2358 6637 2734 6710 memofonte.
2748 6639 2791 6694 il
