4958 7017
1981 864 2366 922 Fondazione
2390 838 2775 922 Memofonte
2800 865 2976 922 onlus

1390 960 1600 1018 Studio
1624 979 1731 1035 per
1754 960 2226 1018 l’elaborazione
2250 960 2632 1018 informatica
2655 961 2813 1018 delle
2838 960 2991 1018 fonti
3018 960 3571 1018 storico—artistiche

715 1248 789 1305 88
817 1247 877 1305 vi
904 1247 992 1305 sia
1015 1248 1073 1305 la
1094 1247 1432 1305 bellissima
1455 1256 1615 1305 carta
1637 1247 1699 1304 in
1724 1247 1917 1322 foglio
1944 1248 2166 1322 grande
2190 1256 2337 1305 tutta
2360 1256 2604 1322 coperta
2627 1247 2688 1305 di
2712 1247 3088 1305 monumenti
3113 1266 3146 1305 e
3171 1247 3366 1322 figure
3390 1247 3697 1322 intagliate
3722 1247 3784 1304 in
3808 1248 3988 1322 legno
4014 1248 4091 1305 da
4115 1248 4294 1305 ambo
4319 1247 4339 1304 i
4364 1247 4483 1305 lati.

711 1343 1035 1401 Troviamo
1059 1344 1205 1418 però
1230 1344 1390 1401 nella
1412 1343 1744 1401 Pinelliana
1767 1343 1945 1401 citata
1968 1352 2178 1418 questa
2201 1352 2403 1401 nostra
2426 1343 2721 1401 edizione.

473 1560 566 1648 [p.
602 1559 772 1641 302]

475 1788 682 1857 1756.
716 1790 828 1857 De
857 1790 1114 1857 PETRO
1144 1788 1484 1870 Pascalis,
1517 1788 1945 1857 Dissertatio
1976 1788 2065 1857 de
2096 1788 2253 1857 alea
2281 1799 2350 1857 et
2379 1788 2833 1870 aleatoribus,
2866 1790 3145 1857 Romae
3183 1789 3391 1870 1792,
3424 1788 3499 1856 in
3527 1789 3595 1870 4,
3627 1790 3733 1857 M.
3768 1789 3883 1857 27.

491 1999 698 2068 1757.
749 2001 1092 2068 PETRONI
1130 1999 1549 2081 Alexandri,
1599 2001 1711 2068 De
1757 1999 1953 2068 victu
1999 2001 2496 2068 Romanorum
2543 2010 2612 2068 et
2657 1999 2746 2068 de
2795 1999 3094 2068 sanitate
3139 1999 3423 2068 tuenda.
3474 1999 3669 2068 Libri
3716 1999 4055 2089 quinque,
4106 2001 4362 2081 Roma,
4412 1999 4486 2067 in

714 2114 1011 2183 aedibus
1042 2114 1299 2204 Populi
1329 2114 1663 2196 Romani,
1704 2114 1912 2196 1581,
1945 2114 2019 2182 in
2048 2114 2175 2183 fol.

713 2226 942 2297 Questo
974 2225 1212 2300 insigne
1244 2225 1485 2283 medico
1518 2225 1736 2283 dedicò
1769 2226 1827 2283 la
1859 2244 1965 2283 sua
1995 2244 2179 2300 opera
2210 2244 2244 2283 a
2275 2225 2570 2300 Gregorio
2602 2227 2743 2282 XIII
2775 2244 2808 2283 e
2840 2226 2898 2283 la
2928 2226 3179 2283 corredò
3211 2225 3272 2283 di
3303 2226 3488 2283 molte
3518 2225 3795 2300 preziose
3826 2225 4066 2283 notizie.
4101 2225 4394 2283 Edizione
4426 2225 4487 2283 di

710 2321 1047 2379 bellissima
1070 2321 1448 2379 esecuzione.

487 2516 694 2585 1758.
750 2518 1114 2585 PIATTOLI
1160 2516 1554 2606 Giuseppe,
1609 2516 1956 2585 Raccolta
2006 2516 2078 2585 di
2134 2517 2225 2585 80
2276 2516 2611 2606 proverbi
2662 2516 2941 2585 toscani
2994 2516 3304 2606 espressi
3356 2516 3430 2584 in
3481 2516 3736 2606 figure,
3792 2516 4009 2585 divisi
4061 2516 4135 2584 in
4187 2517 4231 2584 2
4282 2516 4483 2606 parti,

711 2631 1007 2700 Firenze
1045 2631 1253 2713 1786,
1295 2632 1503 2713 1788,
1536 2631 1610 2699 in
1639 2631 1767 2700 fol.

711 2744 795 2800 Le
820 2742 1015 2817 figure
1042 2761 1192 2800 sono
1218 2742 1482 2810 miniate,
1510 2761 1609 2800 ma
1630 2761 1738 2817 per
1761 2761 1947 2800 onore
1972 2743 2070 2800 del
2095 2761 2238 2800 vero
2263 2742 2688 2800 difﬁcilmente
2712 2743 2834 2817 può
2860 2742 3096 2800 vedersi
3121 2761 3267 2800 cosa
3290 2742 3351 2800 di
3374 2742 3628 2817 peggior
3651 2751 3845 2817 gusto.

487 2957 694 3027 1759.
749 2959 1104 3026 PIGNORII
1153 2957 1516 3026 Laurentii
1566 2957 1906 3047 patavini,
1960 2959 2072 3026 De
2124 2957 2389 3039 Servis,
2444 2968 2513 3026 et
2562 2979 2813 3026 eorum
2864 2957 3053 3047 apud
3102 2968 3379 3026 veteres
3431 2957 3848 3026 ministeriis
3901 2957 4483 3039 commentarius,

711 3073 1042 3162 Augusta
1070 3072 1622 3141 Vindelicorum
1659 3072 1868 3154 1613,
1901 3072 1975 3140 in
2003 3073 2071 3154 4,
2104 3072 2230 3162 fig.

712 3184 847 3241 Con
871 3183 1033 3241 varie
1059 3183 1253 3258 figure
1278 3183 1339 3241 di
1363 3183 1605 3241 utensili
1631 3183 1853 3241 antichi
1878 3202 1911 3241 e
1936 3183 2237 3258 medaglie
2261 3183 2568 3258 intagliate
2592 3183 2655 3240 in
2679 3184 2859 3258 legno
2885 3202 2918 3241 e
2941 3192 3117 3258 posta
3141 3202 3175 3241 a
3198 3183 3406 3258 luoghi
3430 3183 3677 3241 indicati
3702 3184 3801 3241 dal
3825 3192 3996 3241 testo.

483 3398 690 3467 1760.
749 3400 1055 3467 PINELLI
1109 3398 1676 3480 Bartolommeo,
1734 3398 2081 3467 Raccolta
2134 3398 2206 3467 di
2262 3409 2472 3467 cento
2528 3398 2839 3467 costumi
2896 3398 3161 3467 antichi
3217 3398 3449 3467 cavati
3505 3398 3621 3467 dai
3676 3398 4127 3467 monumenti
4183 3420 4222 3467 e
4276 3398 4487 3467 incisi

714 3513 1075 3603 all’acqua
1103 3513 1308 3595 forte,
1341 3515 1597 3595 Roma,
1630 3513 1704 3581 in
1734 3513 1861 3582 fol.
1896 3513 2214 3603 oblong.,
2246 3513 2487 3582 tavole
2517 3513 2632 3582 52.

713 3625 914 3699 Opera
936 3633 1166 3682 trattata
1189 3643 1306 3682 con
1329 3633 1477 3682 tutto
1502 3624 1545 3681 il
1570 3633 1746 3699 gusto
1770 3624 2096 3699 pittoresco
2122 3643 2155 3682 e
2180 3624 2630 3699 l’intelligenza.

491 3839 698 3908 1761.
767 3841 1073 3908 PINELLI
1137 3839 1704 3921 Bartolommeo,
1771 3839 2244 3929 Aggiuntovi:
2315 3839 2682 3908 L’Eneide
2747 3839 2819 3908 di
2884 3839 3195 3929 Virgilio
3259 3839 3563 3908 tradotta
3626 3839 3717 3908 da
3780 3839 4158 3908 Clemente
4222 3839 4483 3921 Bondi,

712 3954 1076 4023 inventata
1104 3976 1143 4023 e
1172 3954 1403 4023 incisa
1433 3954 1795 4044 all’acqua
1822 3954 2006 4023 forte
2036 3954 2128 4023 da
2155 3954 2700 4023 Bartolommeo
2731 3954 3010 4036 Pinelli,
3043 3956 3280 4023 Roma
3316 3955 3524 4036 1811,
3557 3954 3631 4022 in
3660 3954 3786 4023 fol.
3821 3954 3964 4023 obl.

711 4067 795 4123 Le
820 4065 1142 4140 cinquanta
1164 4066 1364 4123 tavole
1389 4066 1487 4123 del
1511 4065 1772 4140 Virgilio
1800 4084 1950 4123 sono
1975 4065 2018 4122 il
2043 4084 2196 4140 capo
2222 4066 2475 4140 d’opera
2497 4065 2558 4123 di
2583 4074 2795 4140 questo
2821 4065 3200 4140 disegnatore
3225 4065 3627 4140 grandissimo
3653 4084 3686 4123 e
3710 4066 4020 4123 tremendo
4045 4065 4323 4123 incisore.

491 4279 698 4348 1762.
737 4281 1044 4348 PINELLI
1078 4279 1645 4361 Bartolommeo,
1682 4281 1947 4348 Nuova
1979 4279 2294 4348 raccolta
2327 4279 2399 4348 di
2436 4279 2530 4348 50
2566 4279 2877 4348 costumi
2911 4279 3329 4369 pittoreschi
3364 4279 3576 4348 incisi
3613 4279 3975 4369 all’acqua
4007 4279 4213 4361 forte,
4251 4281 4488 4348 Roma

721 4394 929 4476 1816,
962 4394 1036 4462 in
1065 4394 1192 4463 fol.

713 4505 925 4577 Questi
970 4524 1127 4563 cono
1172 4505 1303 4563 tolti
1348 4506 1406 4563 la
1447 4505 1552 4580 più
1594 4514 1759 4580 parte
1804 4506 1962 4563 dalle
2008 4505 2298 4563 abitudini
2343 4506 2441 4563 del
2484 4506 2714 4580 popolo
2757 4524 3008 4563 romano
3054 4524 3087 4563 e
3134 4524 3284 4563 sono
3330 4505 3589 4580 espressi
3634 4524 3752 4563 con
3795 4524 3914 4563 una
3957 4505 4144 4563 verità
4187 4524 4220 4563 e
4266 4505 4490 4563 fedeltà

711 4601 1132 4676 insuperabile.

483 4797 690 4866 1763.
736 4799 1142 4866 POLIDORO
1179 4797 1491 4887 Virgilio
1534 4797 1606 4866 di
1647 4797 1948 4879 Urbino,
1993 4799 2105 4866 De
2146 4797 2216 4866 la
2256 4797 2534 4887 origine
2576 4819 2615 4866 e
2657 4797 2851 4887 degli
2893 4797 3249 4866 inventori
3292 4797 3381 4866 de
3422 4797 3490 4866 le
3532 4797 3748 4887 leggi,
3794 4797 4127 4879 costumi,
4175 4797 4483 4879 scienze,

714 4912 862 4994 arti,
896 4934 999 4981 ec.
1034 4912 1106 4981 di
1136 4912 1359 4981 latino
1389 4912 1463 4980 in
1492 4912 1788 5002 volgare
1816 4912 2123 4981 tradotto
2154 4912 2245 4981 da
2272 4912 2506 4981 Pietro
2536 4914 2771 4981 Lauro
2800 4912 3233 4981 Modonese.
3267 4912 3612 4994 Venezia,
3646 4912 3946 4994 Giolito,
3988 4912 4196 4994 1543,
4229 4912 4303 4980 in
4336 4913 4398 4981 8.

713 5024 914 5098 Opera
941 5023 1137 5081 divisa
1163 5023 1225 5080 in
1253 5032 1378 5081 otto
1408 5023 1543 5081 libri
1572 5042 1688 5081 ove
1718 5023 1767 5081 si
1794 5023 2043 5098 ragiona
2072 5042 2137 5081 sa
2164 5023 2391 5098 oggetti
2420 5023 2596 5081 d’arti
2625 5042 2658 5081 e
2689 5042 2866 5081 sovra
2893 5023 3059 5081 mille
3089 5023 3218 5081 altri
3249 5023 3784 5098 stravagantissimi
3814 5023 4146 5098 argomenti
4175 5042 4208 5081 e
4236 5023 4489 5081 termina

712 5138 829 5177 con
852 5138 971 5177 una
992 5120 1175 5177 breve
1202 5119 1547 5194 sposizione
1572 5120 1670 5177 del
1694 5122 2098 5177 Paternoster.

483 5333 690 5402 1764.
728 5335 1105 5402 POLIDORI
1136 5333 1426 5423 Virgilii
1459 5333 1848 5402 Urbinatis.
1886 5335 1998 5402 De
2030 5355 2266 5402 rerum
2298 5333 2792 5402 inventoribus
2827 5333 2989 5402 libri
3024 5344 3212 5402 octo:
3252 5333 3580 5402 eiusdem
3612 5333 3686 5401 in
3720 5333 4163 5402 dominicani
4196 5355 4488 5423 precem

719 5450 812 5538 [p.
848 5449 1018 5531 303]
1056 5448 1699 5530 commeritaribus,
1730 5448 2086 5538 Lugduni,
2121 5448 2310 5538 apud
2338 5448 2790 5530 Tornesium,
2832 5448 3040 5530 1558,
3073 5448 3147 5516 in
3180 5449 3242 5517 8.

713 5560 1117 5634 Quest’opera
1145 5559 1210 5617 fu
1239 5559 1515 5617 dedicata
1543 5578 1577 5617 a
1604 5559 1920 5617 Lodovico
1951 5559 2213 5617 Odassio
2241 5560 2563 5634 padovano
2593 5560 2951 5617 dall’autore
2980 5578 3097 5617 con
3125 5560 3262 5617 data
3290 5559 3590 5617 d’Urbino
3621 5559 3663 5616 li
3693 5559 3726 5617 5
3760 5560 3996 5634 Agosto
4033 5560 4208 5627 1499,
4241 5578 4396 5617 anno
4425 5559 4488 5616 in

712 5655 809 5713 cui
836 5655 885 5713 si
910 5656 1119 5730 eseguì
1144 5656 1202 5713 la
1223 5655 1417 5730 prima
1440 5655 1736 5713 edizione.

491 5851 698 5920 1765.
746 5853 1124 5920 POLIDORI
1161 5873 1290 5933 ec.,
1337 5851 1678 5920 Tradotto
1723 5851 1814 5920 da
1854 5853 1960 5920 M.
2007 5853 2407 5920 Francesco
2451 5851 2762 5920 Baldelli
2807 5873 2946 5920 con
2990 5851 3129 5920 due
3171 5851 3433 5933 tavole,
3480 5873 3623 5920 una
3665 5851 3778 5920 de’
3831 5851 4125 5941 capitoli
4170 5873 4209 5920 e
4252 5851 4489 5920 l’altra

713 5966 902 6035 delle
932 5988 1104 6035 cose
1132 5966 1257 6056 più
1286 5966 1609 6048 notabili,
1641 5966 1959 6048 Firenze,
1991 5988 2242 6056 presso
2272 5966 2295 6034 i
2326 5966 2598 6048 Giunti,
2640 5966 2848 6048 1587,
2881 5966 2955 6034 in
2983 5967 3050 6035 4.

711 6078 886 6135 Bella
920 6096 953 6135 e
988 6077 1176 6135 nitida
1210 6077 1488 6135 edizione
1524 6077 1800 6135 dedicata
1835 6078 1890 6135 al
1928 6077 2049 6152 Sig.
2090 6077 2334 6135 Ottavio
2370 6077 2672 6152 Imperiali
2709 6078 2785 6135 ed
2820 6086 3136 6152 espurgata
3170 6078 3328 6135 dalle
3364 6077 3554 6135 eresie
3590 6077 3701 6135 che
3737 6077 4006 6135 trovatisi
4042 6077 4487 6152 nell’originale

712 6173 914 6231 latino.

479 6368 686 6437 1766.
732 6370 1194 6437 PORCACCHI
1228 6370 1645 6450 Tommaso,
1689 6368 2018 6437 Funerali
2062 6368 2327 6437 antichi
2370 6368 2442 6437 di
2485 6368 2751 6437 diversi
2792 6368 3044 6458 popoli
3087 6390 3126 6437 e
3167 6368 3456 6437 nazioni
3499 6390 3638 6437 con
3679 6368 3747 6437 le
3788 6368 4021 6458 figure
4062 6368 4136 6436 in
4176 6390 4373 6437 rame
4415 6368 4487 6437 di

2171 6657 2347 6694 WWW.
2358 6637 2734 6710 memofonte.
2748 6639 2791 6694 il
