4958 7017
1981 864 2366 922 Fondazione
2390 864 2775 922 Memofonte
2800 865 2976 922 onlus

1390 960 1600 1018 Studio
1624 979 1731 1035 per
1754 960 2226 1018 l’elaborazione
2250 960 2632 1018 informatica
2655 961 2813 1018 delle
2838 960 2991 1018 fonti
3018 960 3571 1018 storico—artistiche

706 1248 906 1305 tavole
939 1247 1336 1322 appariscono
1376 1248 1487 1305 183
1522 1266 1621 1305 ma
1653 1266 1804 1305 sono
1837 1247 2170 1305 distribuite
2201 1247 2264 1304 in
2302 1248 2413 1305 123
2449 1247 2619 1322 fogli:
2656 1247 2801 1322 ogni
2833 1247 3136 1322 medaglia
3166 1248 3426 1305 essendo
3458 1247 3767 1322 intagliata
3796 1247 3858 1304 in
3888 1266 3969 1305 un
3998 1266 4162 1305 rame
4195 1266 4229 1305 a
4257 1256 4422 1322 parte
4454 1266 4487 1305 e

705 1343 920 1401 riunite
953 1343 1158 1401 dodici
1191 1343 1496 1401 laminette
1531 1362 1708 1418 sopra
1739 1344 1797 1401 la
1828 1343 2103 1418 maggior
2132 1352 2297 1418 parte
2330 1344 2488 1401 delle
2519 1343 2757 1418 pagine,
2794 1343 2964 1401 acciò
2998 1343 3164 1401 fosse
3196 1343 3258 1400 in
3290 1343 3502 1401 libertà
3533 1344 3890 1401 dell’autore
3922 1343 3965 1400 il
3998 1343 4276 1418 cangiare
4310 1362 4344 1401 a
4377 1362 4485 1401 suo

706 1440 928 1497 talento
954 1440 1012 1497 la
1035 1439 1484 1507 distribuzione,
1511 1440 1609 1497 nel
1634 1458 1811 1497 corso
1837 1440 2188 1514 dell’opera.

474 1631 655 1690 2959.
682 1633 995 1689 PARUTAE
1018 1631 1297 1706 Philippi,
1325 1640 1383 1689 et
1406 1631 1731 1706 Augustini
1755 1631 2071 1699 Leonardi,
2101 1631 2309 1689 Sicilia
2331 1631 2772 1699 numismatica,
2799 1631 3078 1706 Lugduni
3102 1633 3471 1689 Batavorum
3502 1632 3677 1699 1723,
3703 1631 3765 1688 in
3789 1631 3916 1699 fol.,
3944 1631 4071 1706 fig.,
4099 1632 4218 1689 vol.
4249 1632 4302 1689 3.

708 1727 935 1798 Questa
959 1727 992 1784 e
1017 1727 1251 1801 l’opera
1272 1726 1377 1801 più
1401 1726 1654 1801 copiosa
1677 1726 1739 1784 di
1763 1726 2187 1784 numismatica
2208 1745 2315 1801 per
2338 1727 2396 1784 la
2421 1726 2630 1784 Sicilia
2653 1745 2686 1784 e
2714 1726 2763 1784 si
2787 1735 3038 1784 trovano
3063 1745 3185 1784 non
3212 1727 3344 1784 solo
3370 1727 3426 1784 le
3451 1726 3771 1801 medaglie,
3799 1745 3898 1784 ma
3922 1745 4141 1784 ancora
4164 1727 4220 1784 le
4246 1745 4486 1801 gemme

706 1822 1012 1897 intagliate
1048 1822 1160 1880 che
1195 1822 1395 1880 hanno
1430 1822 1734 1880 relazione
1770 1841 1887 1880 con
1922 1831 2147 1897 questa.
2187 1824 2271 1880 Le
2307 1822 2669 1880 descrizioni
2705 1841 2738 1880 e
2773 1822 2793 1879 i
2829 1822 3019 1880 lavori
3055 1823 3393 1880 d’Huberto
3431 1822 3671 1890 Golzio,
3710 1823 4283 1897 dell’Havercampo
4320 1841 4353 1880 e
4389 1823 4487 1880 del

708 1918 1016 1976 Gualterio
1051 1919 1109 1976 la
1139 1919 1409 1976 rendono
1444 1918 1588 1976 utile
1622 1937 1655 1976 e
1688 1918 1981 1993 preziosa.
2018 1920 2102 1976 Le
2135 1919 2335 1976 tavole
2371 1937 2522 1976 sono
2557 1919 2697 1986 233,
2733 1919 2891 1976 delle
2925 1918 3087 1993 quali
3123 1919 3197 1976 33
3234 1919 3332 1976 nel
3368 1919 3634 1976 secondo
3669 1919 3914 1976 volume
3948 1937 3981 1976 e
4015 1919 4136 1976 200
4170 1919 4268 1976 nel
4301 1927 4482 1976 terzo.

706 2015 883 2072 Bello
909 2033 942 2072 e
967 2014 1211 2072 distinto
1237 2015 1587 2089 esemplare.

474 2206 655 2265 2960.
689 2208 985 2264 PASSERII
1014 2206 1260 2264 Joannis
1292 2206 1618 2281 Baptistae,
1652 2208 1865 2264 Novus
1897 2206 2208 2264 thesaurus
2242 2225 2620 2281 gemmarum
2650 2215 2921 2264 veterum
2951 2225 3026 2264 ex
3057 2206 3488 2281 insignioribus
3522 2206 3979 2281 dactyliothecis
4015 2207 4371 2264 selectarum
4406 2208 4484 2281 [p.

707 2303 809 2371 77]
840 2320 980 2359 cum
1002 2301 1424 2376 explicatione,
1451 2303 1683 2359 Romae
1716 2302 1872 2359 1780
1899 2320 1933 2359 a
1962 2302 2136 2369 1797,
2164 2302 2283 2359 vol.
2311 2302 2367 2369 4,
2394 2301 2456 2358 in
2480 2301 2607 2369 fol.,
2635 2301 2741 2376 fig.

706 2397 1021 2455 Vincenzo
1064 2399 1303 2455 Brenna
1344 2397 1598 2472 disegnò
1641 2397 1703 2454 in
1746 2397 1904 2455 dieci
1947 2416 2091 2472 gran
2132 2398 2332 2455 tavole
2375 2397 2436 2455 di
2480 2397 2789 2455 arabeschi
2832 2397 3073 2472 figurati
3118 2398 3200 2468 (le
3243 2397 3405 2472 quali
3450 2416 3600 2455 sono
3643 2397 3705 2454 in
3747 2406 3893 2455 tutta
3934 2398 4169 2472 l’opera
4208 2397 4486 2472 ripetute)

707 2494 1109 2551 l’ornamento
1139 2494 1297 2551 delle
1324 2493 1544 2568 pagine
1574 2502 1741 2551 entro
1771 2493 1868 2551 cui
1900 2502 2110 2551 stanno
2140 2493 2447 2568 intagliate
2476 2494 2532 2551 le
2562 2512 2803 2568 gemme
2831 2493 3023 2551 incise
3052 2494 3129 2551 da
3157 2493 3399 2551 Giovan
3426 2493 3624 2551 Maria
3652 2493 3910 2551 Cassini.
3944 2493 4106 2568 Ogni
4136 2494 4381 2551 volume
4410 2493 4488 2551 ha

707 2598 882 2647 cento
912 2590 1129 2647 tavole.
1162 2590 1210 2646 Il
1239 2589 1472 2647 Passeri
1502 2598 1697 2647 estese
1729 2590 1785 2647 le
1814 2589 2208 2647 illustrazioni
2238 2589 2336 2647 nei
2366 2598 2451 2647 tre
2479 2589 2657 2664 primi
2688 2589 2937 2657 volumi,
2970 2589 3013 2646 il
3043 2589 3284 2647 Cassini
3314 2589 3698 2647 nell’ultimo.
3732 2590 3849 2647 Nel
3881 2590 4147 2647 secondo
4178 2590 4424 2647 volume
4454 2590 4487 2647 è

708 2685 991 2760 aggiunta
1021 2704 1139 2743 una
1169 2685 1600 2743 dissertazione
1632 2685 2124 2743 dell’Amaduzzi
2158 2704 2335 2760 sopra
2364 2704 2482 2743 una
2513 2704 2757 2760 gemma
2787 2704 2904 2743 con
2934 2685 3379 2760 un’appendice
3412 2686 3528 2743 alle
3559 2685 3862 2743 Memorie
3895 2685 4356 2760 Glittografiche
4388 2686 4486 2743 del

708 2781 874 2839 Gori:
920 2782 1018 2839 nel
1060 2790 1223 2839 terzo
1264 2781 1595 2856 parimente
1637 2800 1756 2839 una
1796 2781 2226 2839 dissertazione
2269 2782 2431 2839 dello
2476 2790 2668 2839 stesso
2710 2781 2773 2838 in
2815 2781 2988 2856 guisa
3028 2781 3355 2856 d’epistola
3398 2800 3575 2856 sopra
3615 2782 3941 2839 d’un’altra
3982 2800 4239 2856 gemma.
4287 2782 4488 2856 Opera

707 2876 1028 2951 grandiosa
1049 2895 1156 2951 per
1181 2876 1622 2951 speculazione,
1650 2895 1751 2934 ma
1774 2895 1891 2934 con
1913 2895 2073 2951 poco
2098 2876 2310 2934 merito
2335 2876 2677 2934 intrinseco.
2706 2876 2865 2934 Vedi
2891 2876 3079 2934 anche
3106 2878 3258 2934 Gori
3265 2925 3274 2934 .

474 3068 655 3127 2961.
684 3070 999 3126 PATAROL
1023 3068 1361 3136 Laurentio,
1393 3068 1589 3126 Series
1616 3069 2047 3143 Augustorum,
2077 3069 2408 3126 Caesarum
2432 3077 2490 3126 et
2515 3077 2902 3143 tyrannorum
2926 3068 3202 3126 omnium
3226 3077 3350 3126 tam
3374 3068 3436 3125 in
3462 3068 3690 3126 oriente
3717 3087 3900 3143 quam
3923 3068 3986 3125 in
4012 3068 4327 3126 occidente
4355 3087 4389 3126 a
4414 3069 4482 3126 C.

706 3166 748 3222 I.
777 3165 1036 3222 Caesare
1062 3165 1137 3222 ad
1160 3165 1543 3239 Leopoldum
1565 3183 1706 3222 cum
1730 3165 2061 3222 eorundem
2082 3164 2448 3239 imaginibus
2474 3173 2606 3232 etc.,
2633 3164 2907 3222 Venetiis
2940 3165 3115 3232 1702,
3142 3164 3204 3221 in
3231 3165 3284 3232 8,
3312 3164 3416 3239 fig.

706 3262 790 3318 Le
819 3260 1120 3335 medaglie
1152 3279 1302 3318 sono
1331 3269 1476 3318 tutte
1505 3260 1812 3335 intagliate
1840 3260 1902 3317 in
1928 3279 2093 3318 rame
2122 3279 2155 3318 e
2187 3269 2476 3335 stampate
2506 3260 2596 3318 fra
2622 3260 2665 3317 il
2694 3269 2848 3318 testo
2878 3279 2911 3318 e
2939 3260 2982 3317 il
3012 3260 3404 3335 frontespizio
3434 3261 3467 3318 è
3494 3261 3820 3335 preceduto
3850 3261 3927 3318 da
3953 3279 4072 3318 una
4097 3261 4259 3318 bella
4285 3261 4488 3318 tavola

708 3355 1033 3430 allegorica
1056 3355 1368 3430 disegnata
1391 3356 1468 3413 da
1492 3355 1796 3413 Giovanni
1824 3356 2041 3430 Segala
2064 3374 2097 3413 e
2121 3355 2315 3413 incisa
2338 3356 2415 3413 da
2437 3357 2479 3413 I.
2507 3357 2715 3413 Juster.
2745 3356 2946 3430 Opera
2969 3355 3059 3413 fra
3082 3356 3138 3413 le
3161 3356 3362 3413 buone
3387 3355 3448 3413 di
3473 3364 3685 3430 questo
3711 3374 3945 3430 genere.

474 3547 655 3606 2962.
684 3549 999 3605 PATAROL
1024 3547 1362 3615 Laurentio,
1393 3548 1595 3622 Opera
1620 3547 1841 3615 omnia,
1871 3566 2129 3622 quorum
2152 3548 2437 3622 pleraque
2464 3566 2621 3605 nunc
2648 3547 2912 3622 primum
2936 3547 2999 3604 in
3025 3548 3227 3605 lucem
3250 3548 3563 3622 prodeunt,
3592 3547 3865 3605 Venetiis
3900 3547 4075 3615 1753,
4105 3548 4142 3604 2
4170 3548 4311 3615 vol.,
4340 3547 4402 3604 in
4428 3548 4485 3615 4,

707 3643 812 3718 fig.

704 3740 905 3814 Opera
930 3739 1092 3797 ricca
1119 3739 1180 3797 di
1208 3739 1500 3797 memorie
1527 3739 1803 3814 preziose
1832 3758 1948 3797 ove
1977 3740 2010 3797 è
2037 3740 2316 3814 prodotta
2344 3739 2532 3797 anche
2561 3740 2619 3797 la
2648 3739 2800 3797 serie
2829 3740 2987 3797 delle
3016 3739 3316 3814 medaglie
3346 3739 3444 3797 dei
3473 3739 3698 3797 Cesari.
3731 3740 3779 3796 Il
3808 3739 4358 3814 volgarizzamento
4388 3739 4486 3797 dei

705 3835 1035 3910 panegirici
1064 3835 1286 3893 antichi
1314 3836 1412 3893 col
1439 3844 1592 3893 testo
1622 3854 1656 3893 a
1683 3835 1895 3893 fronte.
1926 3836 2313 3910 Bombycum
2339 3835 2440 3893 lib.
2471 3837 2552 3892 III
2579 3837 2819 3893 Poema.
2851 3837 2935 3893 Le
2964 3835 3176 3893 analisi
3205 3836 3320 3893 alle
3348 3835 3789 3893 declamazioni
3817 3835 3878 3893 di
3907 3835 4280 3907 Quintiliano
4309 3854 4342 3893 e
4370 3854 4488 3893 una

709 3930 860 3988 serie
885 3930 946 3988 di
971 3931 1175 3988 lettere
1199 3930 1440 3988 italiane
1465 3949 1582 3988 con
1606 3931 1683 3988 27
1710 3931 1910 3988 tavole
1936 3931 1991 3988 al
2016 3930 2141 3988 fine
2165 3930 2472 4005 intagliate
2497 3930 3005 4005 diligentemente.

474 4122 655 4181 2963.
693 4124 984 4180 PATTINO
1020 4123 1219 4190 Carlo,
1257 4122 1680 4180 Introduzione
1718 4123 1835 4180 alla
1872 4122 2053 4180 storia
2087 4123 2247 4180 della
2279 4122 2507 4197 pratica
2541 4123 2699 4180 delle
2735 4122 3036 4197 medaglie
3072 4123 3326 4180 tradotta
3360 4123 3458 4180 dal
3495 4122 3768 4180 francese
3804 4123 3881 4180 da
3916 4122 4271 4180 Costantino
4307 4122 4485 4190 Belli,

706 4218 977 4276 Venezia
1007 4218 1182 4286 1673,
1210 4218 1314 4293 fig.
1342 4218 1404 4275 in
1428 4219 1628 4293 legno,
1655 4218 1717 4275 in
1749 4219 1839 4276 12.

706 4314 929 4372 Avanti
974 4314 1086 4372 che
1131 4315 1191 4372 lo
1240 4314 1437 4372 studio
1483 4315 1643 4372 della
1685 4314 2109 4372 numismatica
2154 4333 2366 4372 avesse
2412 4314 2559 4372 fatto
2606 4314 2815 4389 grandi
2858 4314 3179 4389 progressi,
3228 4323 3440 4389 questo
3487 4333 3587 4372 era
3629 4333 3751 4372 uno
3797 4314 3895 4372 dei
3940 4314 4204 4389 migliori
4247 4314 4486 4372 ristretti

707 4410 1071 4468 elementari.

474 4601 655 4660 2964.
687 4603 972 4659 PATINUS
1005 4602 1277 4669 Carolus,
1310 4601 1649 4659 Thesaurus
1680 4601 2113 4659 numismatum
2142 4601 2524 4676 antiquorum
2552 4610 2610 4659 et
2637 4601 3040 4659 recentiorum
3069 4602 3142 4659 ab
3173 4602 3385 4659 excell.
3418 4603 3591 4659 Petro
3621 4603 3996 4659 Mauroceno
4027 4610 4159 4669 etc.,
4191 4601 4485 4669 Venetiis,

714 4697 889 4765 1683,
916 4716 991 4755 ex
1014 4697 1392 4772 tipographia
1414 4699 1503 4755 Jo.
1531 4699 1619 4755 Fr.
1647 4697 2058 4765 Valvasensis,
2085 4697 2147 4754 in
2170 4698 2227 4765 4,
2255 4697 2382 4772 fig.,
2409 4699 2497 4755 M.
2533 4697 2623 4755 16.

712 4794 847 4851 Con
881 4812 962 4851 un
997 4793 1390 4868 frontespizio
1427 4793 1685 4868 figurato
1722 4812 1755 4851 e
1791 4794 1847 4851 le
1882 4793 2183 4868 medaglie
2219 4802 2607 4851 esattamente
2642 4793 2949 4868 intagliate
2985 4812 3018 4851 e
3056 4802 3345 4868 stampate
3382 4793 3472 4851 fra
3505 4793 3548 4850 il
3583 4802 3755 4851 testo:
3796 4793 4074 4851 edizione
4109 4793 4297 4851 nitida
4329 4812 4436 4868 per
4468 4793 4488 4850 i

707 4889 976 4947 caratteri
1001 4908 1034 4947 e
1059 4890 1117 4947 la
1140 4898 1300 4947 carta
1321 4889 1426 4964 più
1450 4889 1756 4947 ch’essere
1780 4908 1902 4947 non
1928 4890 2217 4947 solevano
2243 4890 2299 4947 le
2324 4898 2537 4947 venete
2561 4889 2624 4946 in
2648 4890 2788 4964 quel
2812 4898 3034 4964 tempo.

474 5080 655 5139 2965.
686 5082 970 5138 PATINUS
1002 5081 1274 5148 Carolus,
1307 5080 1792 5138 Commentarius
1821 5080 1883 5137 in
1912 5080 2224 5155 antiquum
2251 5089 2712 5138 monumentum
2738 5080 3133 5138 Marcellinae
3161 5080 3224 5137 in
3253 5080 3510 5138 Graecia
3536 5099 3724 5155 nuper
3752 5081 4015 5148 allatum,
4046 5080 4274 5138 Patavii
4310 5080 4485 5148 1688,

706 5176 768 5233 in
797 5178 875 5251 [p.
904 5177 1006 5246 78]
1035 5177 1092 5244 4,
1120 5176 1246 5251 fig.,
1274 5195 1391 5234 con
1414 5195 1533 5234 una
1555 5177 1758 5234 tavola
1780 5176 1842 5233 in
1864 5195 2028 5234 rame
2053 5195 2086 5234 e
2110 5195 2431 5234 numerose
2455 5176 2781 5244 iscrizioni,
2808 5178 2896 5234 M.
2926 5176 3022 5234 65.

474 5368 655 5427 2966.
684 5370 989 5436 PATINUS,
1018 5368 1323 5426 Judicium
1347 5368 1575 5426 Paridis
1603 5369 1678 5426 de
1704 5368 1890 5426 tribus
1918 5369 2144 5426 deabus
2173 5369 2361 5426 latum
2385 5368 2448 5425 in
2474 5368 2836 5426 numismate
2862 5368 3006 5443 imp.
3037 5368 3329 5426 Antonini
3356 5368 3446 5425 Pii
3474 5387 3843 5443 expressum,
3873 5368 4101 5426 Patavii
4136 5368 4311 5436 1669,
4340 5368 4402 5425 in
4427 5369 4484 5436 4,

707 5464 834 5539 fig.,
861 5466 949 5522 M.
979 5464 1075 5522 65.

707 5560 842 5617 Con
864 5559 978 5617 rari
1002 5559 1378 5617 interessanti
1403 5559 1774 5634 medaglioni
1798 5559 2091 5634 intagliati
2115 5559 2178 5616 in
2200 5578 2364 5617 rame
2389 5578 2422 5617 e
2445 5559 2712 5634 riportati
2737 5559 2827 5617 fra
2849 5559 2892 5616 il
2916 5568 3087 5617 testo.

474 5751 655 5810 2967.
692 5753 997 5819 PATINUS,
1034 5751 1417 5809 Numismata
1449 5753 1883 5826 Imperatorum
1916 5753 2331 5809 Romanorum
2365 5770 2440 5809 ex
2476 5770 2628 5819 aere,
2666 5751 2902 5809 mediae
2937 5760 2995 5809 et
3028 5751 3316 5809 minimae
3352 5751 3601 5819 formae,
3639 5751 4005 5826 Argentinae
4047 5751 4222 5819 1671,
4259 5751 4321 5808 in
4356 5751 4484 5819 fol.,

707 5847 983 5922 figurato.

706 5944 1068 6018 L’apparato
1105 5943 1166 6001 di
1201 5944 1587 6018 quest’opera
1619 5943 1873 6001 ridonda
1907 5943 1968 6001 di
2002 5943 2316 6001 ricchezza
2352 5943 2666 6001 soverchia
2698 5962 2805 6018 per
2839 5944 2895 6001 le
2933 5952 3178 6018 stampe.
3217 5944 3265 6000 Il
3301 5943 3693 6018 frontespizio
3732 5943 4053 6001 simbolico
4090 5962 4123 6001 e
4159 5943 4417 6018 figurato
4454 5944 4487 6001 e

707 6058 891 6114 opera
914 6039 975 6097 di
999 6041 1059 6097 F.
1088 6039 1433 6097 Chauveau.
1461 6039 1713 6097 Trovasi
1738 6039 1828 6097 fra
1850 6039 1870 6096 i
1893 6039 2312 6114 prolegomeni
2335 6039 2560 6114 poetici
2584 6039 2647 6096 in
2671 6058 2858 6097 onore
2883 6040 3240 6097 dell’autore
3264 6039 3307 6096 il
3332 6039 3665 6114 magnifico
3693 6058 3802 6097 suo
3826 6039 4050 6097 ritratto
4075 6039 4385 6114 intagliato
4411 6040 4488 6097 da

706 6136 978 6192 Masson.
1011 6134 1241 6192 Sonovi
1268 6135 1324 6192 le
1351 6143 1509 6192 carte
1536 6135 1694 6192 delle
1721 6134 1862 6192 città
1887 6134 2160 6192 orientali
2187 6153 2220 6192 e
2247 6134 2625 6192 occidentali.
2656 6136 2741 6192 Le
2768 6134 3068 6209 medaglie
3094 6143 3239 6192 tutte
3268 6143 3479 6192 stanno
3507 6134 3597 6192 fra
3621 6134 3664 6191 il
3690 6143 3844 6192 testo
3873 6135 3925 6192 a’
3957 6134 4251 6209 rispettivi
4278 6134 4487 6209 luoghi

706 6230 1012 6305 intagliate
1040 6230 1103 6287 in
1129 6249 1311 6288 rame.
1343 6230 1849 6305 Frequentissime
1881 6249 2031 6288 sono
2061 6231 2117 6288 le
2147 6230 2410 6305 vignette
2440 6230 2653 6305 d’ogni
2682 6230 3080 6298 dimensione,
3112 6230 3224 6288 che
3254 6230 3550 6305 veggonsi
3580 6249 3721 6288 aver
3750 6239 3928 6288 avuto
3957 6230 4200 6288 innanzi
4228 6249 4309 6288 un
4338 6231 4486 6288 altro

707 6326 960 6384 destino.
992 6328 1102 6384 Fra
1129 6335 1338 6401 queste
1366 6326 1631 6384 trovansi
1661 6326 1716 6384 ai
1746 6326 1881 6401 capi
1910 6326 1971 6384 di
1999 6327 2184 6384 molte
2211 6326 2431 6401 pagine
2460 6326 2480 6383 i
2509 6326 2662 6401 fregi
2691 6345 2724 6384 e
2752 6326 3064 6384 baccanali
3093 6326 3154 6384 di
3182 6326 3378 6384 Pietro
3407 6326 3709 6384 Brebiette
3738 6326 3849 6384 che
3878 6335 4262 6401 quantunque
4292 6326 4487 6401 logori

708 6423 988 6497 alquanto
1024 6441 1174 6480 sono
1210 6441 1444 6497 sempre
1474 6422 1639 6497 pieni
1671 6422 1733 6480 di
1765 6422 1966 6497 grazia
1994 6441 2101 6497 per
2131 6422 2544 6480 l’invenzione
2576 6441 2609 6480 e
2639 6441 2747 6497 per
2777 6422 3206 6480 l’esecuzione.
3242 6424 3326 6480 Le
3359 6423 3502 6480 altre
3534 6422 3818 6480 incisioni
3852 6441 4003 6480 sono
4036 6422 4097 6480 di
4129 6441 4274 6497 gran
4305 6423 4488 6497 lunga

2171 6657 2347 6694 WWW.
2358 6637 2734 6710 memofonte.
2748 6639 2791 6694 il
