4958 7017
1981 864 2366 922 Fondazione
2390 864 2775 922 Memofonte
2800 865 2976 922 onlus

1390 960 1600 1018 Studio
1624 979 1731 1035 per
1754 960 2226 1018 l’elaborazione
2250 960 2632 1018 informatica
2655 961 2813 1018 delle
2838 960 2991 1018 fonti
3018 960 3571 1018 storico—artistiche

485 1247 788 1321 Catalogo
813 1247 971 1305 delle
996 1259 1228 1321 stampe
1252 1247 1415 1305 della
1444 1247 1839 1321 Calcograﬁa
1859 1247 2235 1321 Apostolica,
2262 1247 2444 1315 4568,
2470 1247 2651 1306 4569.

485 1391 825 1465 Catalogue
850 1392 958 1449 des
984 1403 1284 1465 estampes
1308 1392 1388 1449 du
1411 1393 1625 1449 Musée
1651 1391 1885 1449 central
1907 1392 2015 1449 des
2039 1403 2183 1459 arts,
2210 1391 2392 1450 4559.

485 1535 788 1609 Catalogo
813 1535 971 1593 delle
997 1555 1181 1609 opere
1199 1547 1443 1609 portate
1467 1535 1714 1593 d’Italia
1742 1538 1800 1593 in
1824 1538 2108 1603 Francia,
2134 1535 2315 1593 4558.

485 1679 788 1753 Catalogo
813 1680 914 1737 de’
941 1680 1160 1753 quadri
1183 1680 1246 1737 di
1270 1699 1418 1737 casa
1448 1679 1704 1737 Vianelli
1730 1682 1788 1737 in
1817 1680 2139 1753 Chioggia,
2165 1679 2346 1737 4547.

485 1822 788 1896 Catalogo
813 1823 876 1880 di
899 1823 1118 1896 quadri
1142 1825 1343 1880 venuti
1369 1825 1427 1880 in
1457 1825 1730 1890 Venezia,
1757 1822 1938 1880 4512.

485 1966 788 2040 Catalogo
813 1966 971 2024 delle
989 1969 1214 2040 pitture
1239 1966 1340 2024 del
1360 1966 1620 2030 Palazzo
1649 1966 1948 2034 Colonna,
1974 1967 2155 2025 4499.

485 2110 788 2184 Catalogo
813 2110 914 2168 del
939 2111 1265 2168 Gabinetto
1290 2113 1342 2167 F
1344 2113 1620 2178 irmiano,
1646 2111 1827 2169 4493.

485 2254 788 2328 Catalogo
813 2254 976 2312 della
998 2254 1339 2312 Biblioteca
1368 2256 1703 2322 Crevenna,
1729 2254 1910 2312 4646.

485 2397 825 2471 Catalogue
852 2397 1171 2471 explicatif
1181 2398 1256 2455 de
1282 2397 1341 2455 la
1369 2397 1615 2455 Galerie
1640 2398 1715 2455 de
1738 2398 1995 2465 Dresde,
2022 2398 2204 2456 4192.

485 2541 825 2615 Catalogue
850 2542 999 2599 d’un
1026 2541 1320 2599 excellent
1342 2542 1585 2599 cabinet
1606 2542 1681 2599 de
1706 2542 1998 2609 desseins,
2025 2541 2206 2599 4588.

485 2685 825 2759 Catalogue
850 2686 999 2743 d’un
1026 2687 1145 2743 très
1172 2686 1336 2743 riche
1362 2686 1606 2743 cabinet
1627 2686 1702 2743 de
1729 2685 2029 2753 tableaux,
2055 2685 2236 2744 4589.

485 2828 825 2902 Catalogue
850 2829 1036 2886 d’une
1062 2828 1385 2886 collection
1410 2829 1781 2902 d’estampes
1805 2829 1880 2886 de
1909 2830 2254 2896 Casanova,
2281 2828 2461 2887 4590.

485 2972 825 3046 Catalogue
850 2973 958 3030 des
982 2973 1256 3030 desseins
1280 2973 1343 3030 di
1364 2975 1445 3030 M.
1474 2975 1555 3030 Le
1584 2974 1645 3030 C.
1672 2972 1993 3046 Algarotti,
2020 2972 2202 3031 4591.

485 3116 825 3190 Catalogue
850 3117 958 3174 des
984 3116 1163 3174 livres
1190 3136 1359 3174 rares
1385 3128 1443 3174 et
1458 3119 1767 3190 precieux,
1794 3116 1975 3174 4583.

485 3260 825 3334 Catalogue
850 3261 1036 3318 d’une
1061 3260 1218 3318 belle
1244 3260 1568 3318 collection
1593 3261 1668 3318 de
1695 3260 1994 3328 tableaux,
2021 3260 2202 3318 4578.

485 3403 825 3477 Catalogue
850 3404 929 3461 du
955 3404 1199 3461 cabinet
1220 3404 1295 3461 de
1318 3406 1399 3461 M.
1432 3405 1482 3461 S.
1511 3406 1759 3471 Martin,
1786 3403 1968 3461 4574.

485 3547 825 3621 Catalogue
850 3548 958 3605 des
983 3567 1237 3605 oeuvres
1261 3548 1303 3605 d
1315 3547 1538 3605 ’Albert
1557 3550 1777 3615 Durer,
1804 3547 1986 3605 4570.

485 3691 825 3765 Catalogue
850 3692 929 3749 du
955 3692 1199 3749 cabinet
1220 3692 1295 3749 de
1318 3694 1399 3749 M.
1429 3692 1736 3759 Mechetti,
1763 3691 1944 3749 4548.

485 3835 825 3909 Catalogue
850 3836 958 3893 des
984 3835 1279 3903 tableaux,
1310 3836 1597 3903 desseins,
1631 3847 1689 3893 et
1711 3836 1984 3903 bronzes,
2011 3835 2192 3893 4541.

485 3978 825 4052 Catalogue
850 3979 929 4036 du
955 3979 1199 4036 cabinet
1220 3979 1295 4036 de
1318 3981 1399 4036 M.
1429 3979 1723 4046 Bernard,
1750 3978 1931 4036 4533.

485 4122 825 4196 Catalogue
850 4123 929 4180 du
955 4123 1199 4180 cabinet
1220 4123 1295 4180 de
1318 4125 1399 4180 M.
1431 4123 1505 4180 de
1534 4122 1809 4190 Challue,
1836 4122 2017 4180 4513.

485 4266 825 4340 Catalogue
850 4267 925 4324 de
952 4266 1131 4324 livres
1157 4266 1350 4334 latins,
1369 4267 1665 4340 francois,
1699 4266 2045 4340 espagnols,
2072 4267 2253 4325 4498.

485 4410 825 4484 Catalogue
850 4411 925 4468 de
952 4410 1236 4468 tableaux
1257 4411 1332 4468 de
1357 4411 1667 4484 diﬂe’rents
1693 4410 1914 4478 écoles,
1941 4411 2123 4469 4497.

485 4553 825 4627 Catalogue
850 4554 1036 4611 d’une
1062 4553 1385 4611 collection
1403 4556 1724 4627 precieuse
1749 4554 1824 4611 de
1851 4553 2015 4621 tabl.,
2041 4554 2222 4612 4492.

485 4697 825 4771 Catalogue
850 4698 929 4755 du
955 4698 1199 4755 cabinet
1220 4698 1295 4755 de
1318 4700 1399 4755 M.
1432 4697 1667 4765 Sireuil,
1694 4697 1876 4755 4485.

485 4841 825 4915 Catalogue
850 4842 1036 4899 d’une
1061 4841 1218 4899 belle
1244 4841 1568 4899 collection
1593 4842 1668 4899 de
1695 4841 1994 4909 tableaux,
2021 4842 2202 4899 4480.

485 4985 825 5059 Catalogue
850 4986 958 5043 des
984 4985 1268 5043 tableaux
1289 4986 1364 5043 de
1389 5006 1528 5043 mon
1554 4986 1814 5053 cabinet,
1840 4986 2021 5043 4481.

485 5128 825 5202 Catalogue
850 5129 929 5186 du
955 5129 1199 5186 cabinet
1220 5129 1295 5186 de
1318 5131 1399 5186 M.
1435 5130 1659 5196 Caron,
1686 5128 1867 5186 4475.

485 5272 825 5346 Catalogue
850 5273 958 5330 des
984 5272 1163 5330 livres
1187 5273 1262 5330 de
1285 5275 1366 5330 M.
1398 5275 1450 5329 F
1452 5272 1654 5340 ilheul,
1681 5272 1862 5330 4476.

485 5416 825 5490 Catalogue
850 5417 925 5474 de
952 5416 1236 5474 tableaux
1257 5417 1332 5474 de
1357 5417 1667 5490 diﬂerents
1693 5416 1914 5484 écoles,
1941 5417 2123 5474 4470.

485 5559 825 5633 Catalogue
850 5560 929 5617 du
955 5560 1199 5617 cabinet
1220 5560 1295 5617 de
1317 5562 1588 5627 Natoire,
1615 5559 1797 5618 4469.

485 5703 825 5777 Catalogue
850 5704 929 5761 du
955 5704 1199 5761 cabinet
1220 5704 1295 5761 de
1318 5706 1399 5761 M.
1429 5706 1731 5771 Mariette,
1758 5703 1940 5761 4462.

485 5847 825 5921 Catalogue
850 5848 925 5905 de
952 5859 1203 5905 travaux
1225 5848 1300 5905 de
1329 5848 1668 5921 Wedgwod,
1695 5847 1876 5905 4460.

485 5991 825 6065 Catalogue
850 5992 929 6049 du
955 5992 1199 6049 cabinet
1220 5992 1295 6049 de
1318 5994 1399 6049 M.
1429 5994 1810 6065 Lempereur,
1837 5991 2019 6049 4456.

485 6134 825 6208 Catalogue
850 6135 929 6192 du
955 6135 1199 6192 cabinet
1220 6135 1295 6192 de
1318 6137 1399 6192 M.
1430 6137 1770 6208 Jaquenim,
1796 6134 1977 6192 4457.

485 6278 825 6352 Catalogue
850 6279 929 6336 du
955 6279 1199 6336 cabinet
1220 6279 1295 6336 de
1318 6281 1399 6336 M.
1435 6280 1672 6346 Crozai,
1699 6278 1881 6336 4415.

485 6422 825 6496 Catalogue
850 6423 929 6480 du
955 6423 1199 6480 cabinet
1220 6423 1295 6480 de
1318 6425 1399 6480 M.
1435 6422 1682 6496 Coypel,
1709 6423 1890 6480 4414.

2171 6657 2347 6694 WWW.
2358 6637 2734 6710 memofonte.
2748 6639 2791 6694 it
