4958 7017
1981 864 2366 922 Fondazione
2390 864 2775 922 Memofonte
2800 865 2976 922 onlus

1390 960 1600 1018 Studio
1624 979 1731 1035 per
1754 960 2226 1018 l’elaborazione
2250 960 2632 1018 informatica
2655 961 2813 1018 delle
2838 960 2991 1018 fonti
3018 960 3571 1018 storico—artistiche

476 1344 655 1401 3132.
684 1345 1111 1401 MINGARELLI
1135 1343 1511 1411 Ferdinandi,
1540 1343 1812 1418 Epistola
1837 1344 1912 1401 de
1937 1343 2354 1401 Interocriensi
2380 1343 2617 1418 Trajani
2644 1352 2702 1401 et
2725 1362 2974 1401 romana
2999 1343 3291 1401 Antonini
3317 1343 3726 1418 inscriptione,
3755 1345 3987 1401 Romae
4021 1343 4196 1411 1758,
4224 1343 4286 1400 in
4311 1344 4368 1411 4,
4397 1345 4484 1401 M.

707 1440 804 1497 27.

479 1633 557 1706 [p.
593 1632 729 1701 103]

476 1823 655 1880 3133.
690 1824 991 1880 MINZONI
1022 1822 1263 1880 Giovan
1294 1822 1564 1890 Battista,
1598 1822 1956 1880 Riﬂessioni
1991 1823 2143 1880 sulla
2174 1822 2468 1880 memoria
2498 1822 2845 1897 pubblicata
2875 1823 2973 1880 dal
3007 1822 3115 1897 sig.
3152 1823 3243 1880 ab.
3281 1822 3522 1880 Giovan
3552 1822 3806 1880 Battista
3835 1822 4068 1880 Passeri
4100 1822 4337 1880 intorno
4371 1823 4488 1880 alla

707 1918 907 1993 lapide
931 1927 1161 1976 trovata
1183 1918 1245 1975 in
1268 1918 1604 1993 Voghenza
1627 1919 1725 1976 nel
1750 1920 2075 1986 Ferrarese,
2102 1918 2373 1976 Venezia
2403 1919 2578 1986 1780,
2605 1918 2667 1975 in
2690 1919 2747 1986 4,
2773 1920 2861 1976 M.
2892 1919 2987 1976 30.

476 2111 655 2168 3134.
692 2112 1021 2167 MITTAIRE
1053 2110 1341 2178 Michael,
1377 2112 1756 2168 Marmorum
1788 2110 2352 2178 Arundelianorum,
2392 2110 2874 2168 Seldelianorum
2907 2110 3281 2185 aliorumque
3315 2110 3723 2168 Academicae
3758 2110 4096 2168 Oxoniensi
4130 2111 4489 2168 donatorum

707 2225 848 2264 cum
870 2206 1319 2264 commentariis
1345 2215 1455 2264 etc.
1486 2207 1751 2264 secunda
1774 2206 1978 2274 editio,
2005 2206 2264 2264 Londini
2296 2207 2471 2274 1732,
2498 2206 2560 2263 in
2584 2206 2711 2274 fol.,
2739 2206 2844 2281 fig.

702 2301 995 2359 Edizione
1020 2301 1081 2359 di
1106 2301 1203 2359 cui
1227 2320 1349 2359 non
1374 2301 1591 2359 furono
1616 2301 1770 2359 tirati
1795 2301 1906 2359 che
1933 2302 2052 2359 300
2078 2301 2414 2376 esemplari.
2442 2301 2601 2359 Vedi
2626 2301 2869 2359 Seldeni
2894 2321 2925 2359 e
2945 2301 3515 2359 Arundelianomm.

476 2493 655 2551 3135.
700 2495 1112 2551 MONGITORE
1153 2495 1227 2551 D.
1273 2495 1606 2551 Francesco
1652 2493 1840 2561 Serio,
1885 2493 2177 2551 Discorso
2223 2512 2400 2568 sopra
2439 2493 2746 2551 un’antica
2786 2494 2989 2551 tavola
3030 2493 3091 2551 di
3134 2512 3383 2561 marmo,
3429 2512 3545 2551 ove
3588 2493 3963 2551 descrivonsi
4005 2493 4025 2550 i
4068 2493 4313 2568 giuochi
4357 2493 4486 2551 fatti

706 2589 1058 2647 nell’antico
1083 2598 1269 2647 teatro
1295 2589 1356 2647 di
1380 2590 1653 2647 Palermo
1679 2590 1777 2647 dal
1800 2590 2164 2664 proconsole
2188 2589 2535 2657 Aureliano,
2562 2590 2835 2647 Palermo
2868 2590 3043 2657 1748,
3070 2589 3132 2646 in
3159 2590 3212 2657 8,
3239 2591 3327 2647 M.
3357 2589 3453 2647 53.

476 2781 655 2839 3136.
682 2783 1035 2839 MORCELLI
1060 2781 1345 2856 Stephani
1370 2781 1639 2849 Antonii,
1666 2783 1760 2839 De
1787 2782 1942 2856 stylo
1967 2781 2428 2856 inscriptionum
2451 2781 2768 2839 latinarum
2791 2781 2926 2839 libri
2950 2790 3085 2849 tres,
3112 2783 3345 2839 Romae
3377 2782 3552 2849 1780,
3579 2781 3641 2838 in
3664 2782 3720 2839 4.

476 2973 655 3030 3137.
682 2974 1035 3030 MORCELLI
1060 2972 1345 3047 Stephani
1370 2972 1639 3040 Antonii,
1666 2972 2092 3047 Inscriptiones
2118 2972 2567 3030 commentariis
2595 2972 2899 3047 subjectis,
2926 2974 3158 3030 Romae
3190 2973 3365 3040 1783,
3392 2972 3454 3029 in
3477 2973 3533 3030 4.

706 3070 879 3126 Tutte
910 3069 966 3126 le
997 3087 1179 3143 opere
1210 3068 1271 3126 di
1302 3077 1514 3143 questo
1546 3068 1888 3126 dottissimo
1921 3077 2124 3126 autore
2153 3087 2423 3143 possono
2453 3068 2813 3143 riguardarsi
2844 3087 3020 3126 come
3051 3069 3107 3126 le
3136 3068 3242 3143 più
3272 3068 3569 3126 classiche
3599 3068 3971 3126 instituzioni
4002 3087 4035 3126 e
4065 3068 4085 3125 i
4114 3068 4220 3143 più
4248 3068 4486 3143 perfetti

706 3164 957 3222 modelli
982 3165 1144 3222 dello
1172 3164 1304 3222 stile
1329 3164 1639 3239 lapidario.

476 3356 655 3413 3138.
686 3357 957 3413 NOTIZIE
984 3356 1134 3413 d’un
1161 3355 1375 3413 codice
1403 3364 1759 3413 contenente
1787 3374 1906 3413 una
1930 3356 2194 3413 raccolta
2220 3355 2596 3413 d’iscrizioni
2625 3355 2860 3413 antiche
2886 3374 2993 3430 per
3019 3356 3079 3413 lo
3106 3355 3212 3430 più
3238 3355 3462 3413 inedite
3491 3356 3567 3413 ed
3594 3355 3967 3413 osservabili.
4000 3356 4397 3430 Opuscoletto
4426 3355 4487 3413 di

714 3452 786 3508 14
810 3451 1029 3526 pagine
1055 3470 1089 3509 a
1112 3451 1285 3526 guisa
1308 3451 1651 3526 d’epistola,
1681 3460 1974 3526 stampato
1999 3451 2061 3508 in
2085 3453 2298 3519 Roma,
2325 3451 2388 3508 in
2415 3452 2468 3519 8,
2495 3453 2583 3509 M.
2613 3451 2709 3509 61.

715 3548 998 3605 L’autore
1024 3566 1215 3605 aveva
1238 3547 1299 3605 di
1322 3556 1560 3605 recente
1586 3547 1919 3622 acquistato
1944 3547 1987 3604 il
2012 3547 2226 3605 codice
2252 3548 2369 3605 alla
2392 3547 2634 3605 vendita
2657 3548 2817 3605 della
2838 3547 3167 3605 biblioteca
3188 3547 3381 3622 prima
3404 3547 3747 3615 Crescenzi,
3773 3547 3878 3622 poi
3905 3547 4156 3622 Serlupi.

476 3740 655 3798 3139.
684 3740 980 3797 OLIVERII
1003 3740 1078 3797 de
1104 3739 1375 3797 abatibus
1401 3739 1683 3807 Annibal,
1710 3741 2019 3797 Marmora
2040 3739 2415 3814 pisaurensia
2437 3739 2595 3797 notis
2620 3739 2926 3807 illustrata,
2953 3739 3181 3797 Pisauri
3213 3740 3388 3807 1738,
3415 3739 3477 3796 in
3501 3739 3606 3797 fol.

702 3837 786 3893 Le
810 3835 1117 3893 iscrizioni
1142 3854 1175 3893 e
1199 3835 1219 3892 i
1244 3835 1619 3893 monumenti
1646 3854 1797 3893 sono
1821 3835 2088 3910 riportati
2113 3835 2203 3893 fra
2225 3835 2268 3892 il
2292 3844 2463 3893 testo.
2491 3836 2840 3910 Esemplare
2864 3835 2926 3892 in
2950 3844 3110 3893 carta
3133 3836 3372 3910 grande.

476 4027 655 4084 3140.
684 4027 870 4094 ORIO,
898 4028 982 4084 Le
1006 4026 1355 4084 inscrizioni
1378 4035 1552 4101 poste
1579 4035 1734 4084 sotto
1760 4027 1816 4084 le
1841 4045 1980 4084 vere
2004 4026 2255 4101 imagini
2280 4027 2355 4084 de
2380 4026 2463 4101 gli
2488 4026 2762 4084 huomini
2787 4026 3027 4094 famosi,
3054 4026 3407 4084 Torrentino
3440 4026 3615 4094 1552,
3642 4026 3704 4083 in
3727 4027 3783 4084 4.

711 4122 892 4180 Libro
918 4141 1034 4180 ove
1061 4122 1110 4180 si
1134 4122 1445 4180 illustrano
1471 4123 1527 4180 le
1552 4122 1845 4180 memorie
1870 4122 1931 4180 di
1955 4122 2126 4180 molti
2151 4122 2383 4180 uomini
2407 4122 2648 4197 insigni.
2676 4123 2851 4180 Bella
2874 4122 3170 4190 edizione,
3197 4141 3319 4180 non
3343 4141 3620 4180 comune.
3648 4122 3783 4180 Bib.
3811 4122 4235 4197 Malborough.

476 4315 655 4372 3141.
686 4316 1077 4372 PAULOVICH
1104 4314 1349 4372 Lucich.
1381 4316 1531 4372 Joan
1558 4316 1588 4372 J
1592 4314 1823 4389 osephi,
1854 4316 2162 4372 Marmora
2188 4314 2571 4372 Macarensia
2598 4314 2894 4372 oblivioni
2923 4323 2981 4372 et
3007 4314 3258 4389 injuriae
3286 4323 3627 4389 temporum
3656 4315 3968 4382 subtracta,
3999 4314 4272 4372 Venetiis
4309 4315 4484 4382 1789,

706 4410 768 4467 in
791 4411 848 4478 4,
876 4410 1003 4485 fig.,
1030 4412 1118 4468 M.
1149 4411 1244 4468 30.

476 4602 655 4659 3142.
687 4603 943 4659 RAPONI
969 4601 1202 4676 Ignatii,
1233 4603 1327 4659 De
1356 4602 1623 4676 quodam
1650 4601 2081 4676 epigrammate
2111 4620 2347 4676 graeco,
2378 4603 2610 4659 Romae
2638 4601 2701 4658 in
2730 4601 3210 4659 Coelimontanis
3240 4601 3712 4676 Matthaejorum
3738 4601 3923 4659 hortis
3953 4610 4208 4669 extante,
4239 4601 4485 4659 Velitris

714 4698 889 4765 1788,
915 4697 977 4754 in
1000 4698 1057 4765 4,
1084 4699 1172 4755 M.
1201 4698 1297 4755 23.

479 4891 557 4964 [p.
593 4890 729 4959 104]

476 5081 655 5138 3143.
700 5082 1171 5138 RIVAULTELLA
1212 5080 1532 5148 Antonius,
1578 5089 1636 5138 et
1676 5080 1917 5138 Ricolvi
1959 5080 2145 5148 Pauli,
2190 5082 2499 5138 Marmora
2539 5080 2902 5138 taurinensia
2943 5080 3480 5148 dissertationibus,
3527 5089 3585 5138 et
3625 5080 3782 5138 notis
3825 5080 4131 5148 illustrata,
4176 5081 4487 5155 Augustae

706 5176 1103 5234 Taurinorum
1132 5177 1285 5234 1743
1314 5195 1347 5234 e
1379 5177 1553 5244 1747,
1580 5177 1617 5233 2
1643 5177 1783 5244 vol.,
1810 5176 1872 5233 in
1895 5177 1952 5244 4,
1980 5176 2084 5251 fig.

706 5274 790 5330 Le
815 5272 1066 5347 copiose
1090 5273 1290 5330 tavole
1314 5272 1376 5329 in
1398 5291 1563 5330 rame
1590 5291 1741 5330 sono
1767 5273 2064 5330 collocate
2090 5273 2142 5330 a’
2172 5272 2465 5347 rispettivi
2490 5272 2699 5347 luoghi
2725 5272 2815 5330 fra
2837 5272 2880 5329 il
2904 5281 3075 5330 testo.

476 5465 655 5522 3144.
689 5465 1045 5522 SALOMONI
1070 5464 1299 5532 Jacobi,
1330 5464 1510 5522 Urbis
1539 5464 1859 5522 Patavinae
1887 5464 2309 5539 inscriptiones
2341 5483 2543 5522 sacrae
2572 5473 2630 5522 et
2655 5464 3017 5539 prophanae,
3049 5464 3265 5539 quibus
3296 5465 3589 5522 accedunt
3617 5465 3894 5539 vulgatae
3924 5483 4080 5522 anno
4117 5464 4273 5522 1644
4304 5483 4338 5522 a
4363 5466 4484 5522 Jac.

706 5559 854 5617 Phil.
882 5559 1230 5627 Tomasino,
1257 5559 1485 5617 Patavii
1517 5560 1692 5627 1701,
1718 5559 1780 5616 in
1803 5560 1860 5627 4,
1888 5559 1993 5634 fig.

711 5656 975 5713 Volume
1004 5655 1065 5713 di
1093 5656 1242 5713 oltre
1271 5655 1391 5713 600
1418 5655 1655 5730 pagine,
1686 5674 1803 5713 ove
1830 5655 2054 5713 trovasi
2082 5655 2249 5713 unito
2279 5656 2396 5713 alla
2420 5655 2652 5713 rinfusa
2677 5655 2720 5712 il
2747 5656 2952 5713 buono
2981 5674 3014 5713 e
3041 5655 3084 5712 il
3112 5655 3335 5713 cattivo
3363 5655 3425 5712 in
3453 5664 3664 5730 questa
3690 5655 3955 5723 materia,
3984 5655 4204 5730 poiché
4232 5656 4487 5713 l’autore

706 5770 828 5809 non
853 5751 918 5809 fu
942 5751 1054 5809 che
1078 5770 1159 5809 un
1183 5751 1489 5809 materiale
1512 5751 1926 5826 raccoglitore,
1956 5770 2136 5809 senza
2159 5751 2380 5809 critica.

476 5943 655 6001 3145.
710 5944 991 6001 SCUTILII
1037 5943 1349 6001 Dominici
1397 5943 1662 6018 Josephi,
1713 5945 1807 6001 De
1856 5943 2120 6018 collegio
2171 5943 2571 6018 gladiatorum
2620 5962 2726 6001 seu
2773 5943 2836 6000 in
2885 5943 3157 6018 geminas
3206 5943 3628 6018 inscriptiones
3679 5943 4095 6018 gladiatorum,
4147 5943 4485 6018 nuperrime

707 6039 988 6107 effossas,
1016 6039 1501 6097 commentarius.
1530 6039 1788 6097 Accedit
1810 6039 2217 6114 inscriptionis
2245 6039 2594 6114 sepulcralis
2619 6039 2953 6107 illustratio,
2980 6041 3213 6097 Romae
3245 6039 3420 6107 1756,
3447 6039 3509 6096 in
3536 6040 3588 6097 8.

476 6230 655 6288 3146.
685 6231 988 6288 SELDENII
1010 6230 1275 6298 Joannis,
1302 6232 1611 6288 Marmora
1634 6230 2060 6298 Arundeliana,
2090 6230 2218 6288 sive
2245 6249 2389 6288 saxa
2412 6249 2626 6305 graece
2650 6230 2842 6288 incisa
2865 6239 2975 6288 etc.
3003 6230 3263 6288 Londini
3295 6230 3470 6298 1629,
3497 6230 3559 6287 in
3582 6231 3638 6288 4.

713 6327 940 6398 Questa
968 6327 1001 6384 e
1031 6327 1089 6384 la
1118 6345 1259 6384 vera
1285 6326 1479 6401 prima
1507 6326 1803 6394 edizione,
1836 6326 1947 6384 che
1977 6327 2054 6384 dà
2080 6326 2327 6401 ragione
2357 6326 2418 6384 di
2448 6326 2643 6401 questi
2672 6326 2886 6384 marmi
2914 6326 3108 6401 prima
3136 6326 3247 6384 che
3275 6345 3624 6401 passassero
3656 6326 4111 6384 all’Università
4139 6326 4200 6384 di
4231 6326 4485 6394 Oxford,

708 6441 941 6497 appena
988 6422 1031 6479 il
1081 6441 1131 6480 c.
1184 6424 1513 6480 Tommaso
1564 6423 1902 6480 d’Arundel
1952 6422 1995 6479 li
2046 6422 2180 6480 fece
2228 6441 2403 6497 porre
2452 6423 2547 6480 ne’
2607 6422 2739 6480 suoi
2790 6422 3044 6497 giardini
3097 6423 3248 6480 sulle
3296 6422 3424 6480 rive
3474 6423 3572 6480 del
3621 6422 3876 6497 Tamigi.
3929 6422 4088 6480 Vedi
4137 6422 4403 6480 Mittaire
4453 6441 4486 6480 e

2171 6657 2347 6694 WWW.
2358 6637 2734 6710 memofonte.
2748 6639 2791 6694 il
