4958 7017
1981 864 2366 922 Fondazione
2390 838 2775 922 Memofonte
2800 865 2976 922 onlus

1390 960 1600 1018 Studio
1624 979 1731 1035 per
1754 960 2226 1018 l’elaborazione
2250 960 2632 1018 informatica
2655 961 2813 1018 delle
2838 960 2991 1018 fonti
3018 960 3571 1018 storico—artistiche

474 1247 655 1305 2551.

474 1535 655 1593 2552.

474 2167 655 2225 2553.

474 2455 655 2513 2554.

474 2646 655 2704 2555.

474 2934 655 2992 2556.

474 3221 655 3279 2557.

474 3605 655 3663 2558.

474 3892 655 3951 2559.

474 4467 655 4525 2560.

474 4946 655 5004 2561.

474 5329 655 5387 2562.

474 5713 655 5771 2563.

474 5904 655 5962 2564.

472 6307 529 6363 p.
565 6288 637 6346 16

682 1249 916 1305 ZOEGA
939 1247 1207 1322 Georgii,
1234 1249 1328 1305 De
1353 1247 1585 1322 origine
1610 1256 1668 1305 et
1690 1266 1803 1305 usu
1827 1247 2253 1315 obeliscorum,
2280 1249 2514 1305 Romae
2546 1248 2720 1315 1797,
2747 1247 2809 1304 in
2833 1247 2960 1315 fol.,
2988 1247 3092 1322 fig.

712 1344 847 1401 Con
871 1352 996 1401 otto
1021 1344 1221 1401 tavole
1245 1343 1308 1400 in
1330 1362 1494 1401 rame
1519 1343 1936 1418 grandissime,
1964 1362 2148 1418 opera
2170 1343 2406 1418 insigne
2431 1362 2464 1401 e
2487 1343 2804 1418 profonda.

682 1537 916 1593 ZOEGA
939 1535 1207 1610 Georgii,
1234 1535 1485 1593 Nummi
1510 1535 1768 1610 Egyptii.
1796 1535 1955 1593 Vedi
1979 1536 2140 1593 nella
2159 1538 2617 1593 Numismatica.

2119 1807 2840 1927 ANTICHITÀ

1651 1977 2078 2034 ETRUSCHE
2102 1978 2150 2033 E
2174 1977 2559 2034 ITALIANE
2584 1977 2901 2034 AVANTI
2925 1978 2950 2033 I
2974 1977 3307 2034 ROMANI

690 2168 962 2224 ALLATII
992 2167 1233 2235 Leonis,
1268 2167 1846 2225 Animadversiones
1879 2167 1942 2224 in
1974 2167 2392 2242 antiquitatum
2422 2176 2791 2225 etruscarum
2821 2167 3156 2242 fragmenta
3188 2168 3261 2225 ab
3293 2167 3636 2242 Inghiramo
3669 2167 3845 2235 edita,
3879 2167 4139 2235 Parisiis,
4181 2167 4356 2235 1640,
4392 2186 4483 2242 ap.

709 2264 845 2321 Seb.
874 2263 1211 2338 Cramoysi,
1238 2263 1300 2320 in
1323 2264 1379 2321 4.

682 2456 859 2513 Delle
883 2452 1244 2513 ANTICHITÀ
1264 2474 1513 2513 romane
1538 2455 1874 2513 dell’Istria.
1902 2455 2061 2513 Vedi
2087 2455 2446 2513 all’articolo
2476 2455 2645 2513 Carli
2671 2457 2803 2513 Gio.
2833 2455 3096 2513 Rinaldo
3122 2455 3212 2513 fra
3235 2456 3291 2513 le
3315 2455 3623 2513 Antichità
3644 2474 3909 2513 romane.

711 2647 1112 2704 AZZOGUIDO
1159 2648 1437 2704 VALERII
1488 2646 1724 2714 Felicis,
1780 2648 1874 2704 De
1928 2646 2159 2721 origine
2213 2655 2271 2704 et
2323 2655 2616 2704 vetustate
2670 2646 2928 2704 civitatis
2982 2646 3298 2704 Bononiae
3350 2646 3584 2721 priscae
3636 2665 3848 2721 regum
3899 2655 4272 2704 etruscorum
4326 2646 4485 2704 sedis

707 2742 1098 2817 cronologica
1121 2742 1482 2817 disquisitio,
1509 2742 1825 2800 Bononiae
1857 2742 2032 2810 1716,
2059 2742 2121 2799 in
2145 2751 2371 2817 quarto.

697 2936 911 2992 BACCI
948 2935 1208 3002 Andrea,
1250 2934 1492 2992 Notizie
1533 2934 1882 2992 dell’antica
1921 2935 2170 3002 Cluana,
2214 2934 2358 3009 oggi
2401 2935 2458 2992 S.
2502 2934 2744 3009 Elpidio
2785 2953 2818 2992 e
2858 2934 2919 2992 di
2959 2935 3144 2992 molte
3185 2935 3329 2992 altre
3369 2934 3510 2992 città
3549 2953 3582 2992 e
3622 2934 3831 3009 luoghi
3871 2934 4223 2992 dell’antico
4263 2934 4486 2992 Piceno

706 3039 1109 3088 nuovamente
1134 3031 1271 3088 data
1293 3030 1356 3087 in
1379 3032 1560 3098 Luce,
1587 3032 1897 3088 Macerata
1927 3030 2101 3098 1716,
2128 3030 2190 3087 in
2213 3031 2269 3088 4.

686 3223 893 3279 BERIO
920 3223 1087 3279 Fran.
1119 3223 1229 3289 M.,
1260 3221 1724 3279 Dilucidazione
1753 3221 1814 3279 di
1842 3240 1922 3279 un
1950 3240 2097 3279 vaso
2127 3230 2253 3279 etru
2286 3223 2364 3296 [p.
2404 3221 2498 3291 15]
2535 3240 2658 3279 sco:
2692 3222 2898 3279 lettera
2926 3240 2960 3279 a
2986 3221 3243 3296 monsig.
3276 3222 3670 3296 Capecelatro
3701 3221 4092 3279 arcivescovo
4122 3221 4183 3279 di
4210 3223 4485 3289 Taranto,

706 3317 930 3392 Napoli
962 3318 1136 3385 1808,
1163 3317 1225 3374 in
1248 3318 1305 3385 4,
1333 3317 1459 3392 fig.,
1486 3319 1574 3375 M.
1603 3319 1700 3375 77.

707 3414 842 3471 Con
865 3432 984 3471 una
1008 3432 1152 3488 gran
1175 3414 1378 3471 tavola
1400 3413 1462 3470 in
1487 3413 1629 3471 fine.

685 3606 882 3663 CAVA
905 3606 1110 3663 Anton
1136 3605 1436 3673 Giacinto,
1465 3605 1582 3663 Dei
1606 3605 1789 3680 paghi
1815 3606 2134 3680 dell’Agro
2160 3606 2332 3680 Velej
2343 3614 2435 3663 ate
2460 3605 2752 3663 nominati
2778 3606 2938 3663 nella
2962 3606 3164 3663 tavola
3187 3606 3290 3680 traj
3301 3624 3413 3663 ana
3438 3605 3826 3673 alimentaria,
3855 3605 3966 3663 che
3995 3605 4044 3663 si
4070 3624 4364 3663 conserva
4388 3606 4486 3663 nel

706 3702 775 3758 R.
803 3702 1025 3758 Museo
1051 3700 1112 3758 di
1136 3702 1364 3768 Parma,
1391 3700 1656 3758 Vercelli
1688 3701 1842 3758 1788
1869 3700 1931 3757 in
1958 3701 1990 3758 8
2017 3702 2105 3758 M.
2134 3700 2230 3758 61.

702 3893 910 3950 CARLI
951 3901 1128 3950 conte
1173 3892 1414 3950 Giovan
1457 3892 1736 3960 Rinaldo,
1782 3893 1959 3950 Delle
2004 3892 2287 3950 antichità
2328 3892 2588 3950 italiche:
2639 3893 2903 3950 seconda
2945 3892 3223 3950 edizione
3265 3892 3539 3950 riveduta
3581 3893 3657 3950 ed
3701 3892 4067 3950 accresciuta
4109 3893 4484 3960 dall’autore,

706 3988 942 4046 Milano
975 3989 1128 4047 1793
1158 3989 1213 4046 al
1245 3988 1419 4056 1795,
1445 3989 1483 4045 4
1509 3989 1650 4056 vol.,
1677 3988 1738 4045 in
1761 3989 1818 4056 4,
1846 3988 1950 4063 fig.

704 4085 905 4159 Opera
929 4085 1087 4142 delle
1111 4084 1216 4159 più
1241 4085 1403 4142 dotte
1429 4103 1462 4142 e
1486 4084 1591 4159 più
1614 4084 1911 4159 profonde
1937 4084 2048 4142 che
2076 4084 2245 4142 siano
2271 4084 2333 4141 in
2358 4093 2569 4159 questa
2593 4084 2858 4152 materia,
2885 4084 3047 4142 ricca
3071 4084 3132 4142 di
3157 4085 3342 4142 molte
3367 4085 3567 4142 tavole
3594 4084 3649 4142 ai
3675 4084 3883 4159 luoghi
3910 4084 4099 4142 voluti
4125 4085 4223 4142 dal
4248 4093 4420 4152 testo,
4449 4103 4486 4142 o

706 4180 924 4238 inserte
949 4181 1107 4238 nelle
1134 4189 1322 4238 stesse
1345 4180 1565 4255 pagine
1589 4180 1896 4255 intagliate
1920 4180 1983 4237 in
2005 4199 2169 4238 rame
2194 4181 2270 4238 ed
2293 4180 2355 4237 in
2379 4181 2578 4255 legno.

702 4275 861 4333 Vedi
887 4275 1075 4333 anche
1101 4275 1461 4333 all’articolo
1481 4276 1788 4333 Antichità
1811 4278 2101 4333 Romane.

695 4468 999 4525 CARLONI
1033 4469 1266 4535 Marco,
1304 4467 1519 4542 pittore
1556 4486 1589 4525 e
1625 4467 1903 4535 incisore,
1942 4467 2119 4525 Bassi
2154 4467 2350 4525 rilievi
2386 4467 2601 4525 Volsci
2637 4467 2699 4524 in
2734 4476 2886 4525 terra
2921 4476 3097 4535 cotta,
3137 4467 3350 4542 dipinti
3388 4486 3422 4525 a
3457 4468 3578 4542 varj
3621 4467 3829 4535 colori,
3868 4467 4081 4525 trovati
4117 4467 4179 4524 in
4214 4467 4483 4535 Velletri,

706 4565 903 4621 Roma
933 4563 1108 4631 1785,
1135 4563 1197 4620 in
1221 4563 1326 4621 fol.
1355 4582 1437 4638 gr.
1466 4582 1583 4621 con
1609 4572 1756 4621 sette
1780 4564 1980 4621 tavole
2005 4564 2287 4621 colorate.

708 4659 809 4717 Gli
844 4668 969 4717 otto
1005 4659 1158 4734 fogli
1193 4659 1670 4717 d’illustrazione
1708 4678 1858 4717 sono
1894 4659 1955 4717 di
1988 4678 2186 4734 penna
2220 4659 2520 4727 anonima,
2556 4660 2702 4734 però
2738 4668 2987 4727 etrusca,
3025 4678 3125 4717 ma
3158 4660 3214 4717 le
3248 4660 3467 4727 tavole,
3505 4678 3621 4717 ove
3657 4659 3892 4717 fossero
3928 4659 4196 4734 eseguite
4231 4678 4349 4717 con
4381 4659 4487 4734 più

709 4756 1060 4830 scrupulosa
1084 4755 1308 4813 fedeltà
1330 4755 1393 4812 in
1415 4755 1718 4813 relazione
1745 4755 1864 4830 agli
1889 4755 2185 4830 originali,
2214 4756 2542 4813 avrebbero
2567 4774 2647 4813 un
2671 4755 2947 4830 maggior
2968 4755 3196 4830 pregio.

693 4947 930 5004 CARRO
964 4965 1001 5004 o
1035 4946 1178 5021 biga
1211 4946 1272 5004 di
1307 4947 1552 5004 metallo
1589 4946 1786 5004 antico
1822 4955 2057 5004 etrusco
2092 4955 2264 5004 usato
2299 4946 2397 5004 nei
2433 4946 2678 5021 giuochi
2713 4946 2968 5004 circensi
3003 4955 3359 5004 conservato
3393 4965 3603 5021 presso
3638 4946 3681 5003 il
3718 4946 3826 5021 sig.
3867 4946 4114 5004 Stefano
4149 4946 4483 5021 Pazzaglia,

706 5042 1016 5117 intagliato
1041 5042 1103 5099 in
1127 5043 1244 5100 due
1269 5043 1487 5100 vedute
1511 5042 1573 5099 in
1598 5042 1792 5117 foglio
1819 5042 2099 5100 atlantico
2125 5043 2202 5100 da
2224 5044 2557 5100 Francesco
2582 5042 2847 5100 Piranesi
2872 5061 2905 5100 e
2930 5042 3208 5100 dedicato
3235 5061 3269 5100 a
3291 5042 3399 5100 Pio
3424 5044 3527 5110 VI,
3553 5044 3641 5100 M.
3673 5043 3766 5100 84.

704 5139 826 5196 Ora
849 5147 1061 5213 questo
1087 5147 1480 5196 monumento
1508 5138 1557 5196 si
1582 5139 1736 5196 vede
1760 5139 1858 5196 nel
1882 5140 2105 5196 Museo
2130 5138 2444 5196 Vaticano.

683 5330 1065 5387 CASTILIONI
1086 5331 1565 5397 Bonaventurae,
1594 5330 1910 5387 Gallorum
1931 5330 2250 5387 Insubrum
2273 5329 2551 5404 antiquae
2578 5330 2770 5397 sedes,
2797 5329 3136 5387 Mediolani
3160 5331 3273 5387 VII
3297 5329 3441 5387 idib.
3468 5329 3657 5404 April.
3693 5329 3868 5397 1541,
3895 5329 3957 5386 in
3980 5330 4018 5386 4
4042 5348 4205 5404 parv.

702 5427 860 5483 Raro
911 5444 944 5483 e
992 5425 1271 5500 prezioso
1322 5425 1558 5483 libretto
1608 5444 1724 5483 ove
1773 5444 1891 5483 una
1941 5425 2092 5483 serie
2142 5425 2203 5483 di
2252 5425 2558 5483 iscrizioni
2609 5425 2844 5483 antiche
2894 5425 2960 5483 fu
3007 5444 3114 5500 per
3162 5426 3220 5483 la
3266 5425 3459 5500 prima
3507 5426 3671 5483 volta
3717 5426 3995 5500 prodotta
4041 5444 4148 5500 per
4194 5425 4486 5483 illustrare

707 5521 1107 5596 quest’antica
1131 5521 1468 5579 abitazione
1493 5521 1932 5579 dell’Insubria.
1960 5523 2048 5579 Lo
2076 5530 2436 5596 stampatore
2461 5522 2494 5579 e
2518 5540 2598 5579 un
2623 5521 2929 5579 Giovanni
2954 5521 3222 5579 Antonio
3248 5521 3626 5596 Castiglioni.

683 5714 1031 5771 CATALANI
1053 5713 1341 5781 Michele,
1368 5713 1772 5788 Dell’origine
1797 5713 1895 5771 dei
1919 5713 2142 5781 Piceni,
2170 5713 2619 5781 dissertazione,
2646 5715 2859 5771 Fermo
2892 5714 3067 5781 1777,
3094 5713 3156 5770 in
3179 5714 3236 5781 4,
3263 5715 3351 5771 M.
3379 5714 3476 5771 78.

684 5905 1247 5962 CIAMMARUCONE
1273 5904 1478 5962 Setino
1505 5905 1738 5962 dottore
1763 5904 1824 5962 di
1849 5905 2042 5979 legge,
2069 5904 2464 5962 Descrizione
2490 5905 2650 5962 della
2673 5904 2814 5962 città
2837 5904 2898 5962 di
2925 5905 3131 5972 Sezza,
3159 5904 3403 5962 colonia
3426 5904 3609 5962 latina
3632 5904 3693 5962 di
3716 5904 3968 5972 romani,
3996 5906 4193 5962 Roma
4224 5904 4399 5972 1641,
4426 5904 4488 5961 in

706 6001 762 6058 4.

706 6097 994 6171 Elegante
1019 6096 1255 6154 libretto
1281 6096 1461 6154 citato
1487 6096 1823 6154 dall’Haim
1846 6096 1936 6154 fra
1959 6096 2094 6154 libri
2117 6096 2248 6154 rari.

2171 6657 2347 6694 WWW.
2358 6637 2734 6710 memofonte.
2748 6639 2791 6694 it
