4958 7017
1981 864 2366 922 Fondazione
2390 838 2775 922 Memofonte
2800 865 2976 922 onlus

1390 960 1600 1018 Studio
1624 979 1731 1035 per
1754 960 2226 1018 l’elaborazione
2250 960 2632 1018 informatica
2655 961 2813 1018 delle
2838 960 2991 1018 fonti
3018 960 3571 1018 storico—artistiche

714 1247 1105 1322 spiegazioni,
1134 1248 1190 1305 le
1218 1248 1250 1305 3
1279 1248 1479 1305 tavole
1506 1247 1870 1305 addizionali
1895 1247 2188 1305 intitolate
2212 1250 2635 1305 Enterremens
2662 1259 2925 1321 turques,
2951 1248 3287 1305 Derviches
3313 1250 3417 1321 qui
3443 1259 3682 1305 laurent
3705 1266 3738 1305 e
3762 1266 3880 1305 una
3902 1247 4124 1322 pagina
4148 1247 4209 1305 di
4235 1247 4484 1315 musica,

712 1344 768 1401 le
793 1343 955 1418 quali
978 1362 1085 1418 per
1110 1343 1288 1401 solito
1313 1362 1435 1401 non
1458 1343 1728 1401 trovatisi
1752 1343 1966 1401 riunite
1991 1343 2103 1401 che
2127 1343 2559 1401 nell’edizione
2584 1344 2893 1401 dell’anno
2917 1343 3266 1418 posteriore.
3294 1345 3520 1418 Legato
3545 1343 3608 1400 in
3632 1362 3775 1401 mar.
3804 1344 4030 1401 dorato.

487 1539 694 1608 1676.
746 1541 977 1607 HYDE
1018 1539 1299 1621 Thom,
1351 1541 1463 1608 De
1511 1539 1700 1608 ludis
1750 1539 2215 1608 orientalibus
2264 1539 2426 1608 libri
2475 1539 2619 1608 duo
2667 1561 2975 1629 quorum
3020 1539 3213 1629 prior
3260 1550 3368 1608 est
3414 1539 3716 1608 duarum
3761 1550 3933 1629 part.
3989 1539 4143 1608 sive
4189 1539 4489 1608 historia

714 1654 1207 1723 Schachiludii
1239 1654 1457 1723 latine
1489 1665 1558 1723 et
1586 1654 1885 1723 historia
1916 1654 2409 1723 Schachiludii
2441 1654 2657 1723 Hebr.
2693 1656 2843 1723 Lat.
2878 1676 3004 1744 per
3032 1665 3172 1723 tres
3204 1654 3539 1723 Judaeos:
3577 1654 3758 1723 liber
3786 1654 4140 1744 posterior
4170 1654 4489 1723 continet

711 1769 1087 1838 historiam
1114 1769 1556 1859 reliquorum
1585 1769 1923 1851 Orientis,
1957 1769 2230 1838 Oxonii
2269 1769 2477 1851 1694,
2509 1769 2583 1837 in
2616 1770 2678 1838 8.

711 1880 892 1938 Libro
921 1899 1053 1938 raro
1084 1899 1117 1938 e
1145 1880 1425 1955 prezioso
1454 1899 1561 1955 per
1589 1880 1937 1938 l’immensa
1965 1880 2313 1938 erudizione
2343 1899 2376 1938 e
2406 1880 2769 1955 cognizione
2799 1881 2957 1938 delle
2987 1880 3191 1955 lingue
3221 1880 3495 1938 orientali
3525 1899 3558 1938 e
3586 1899 3693 1955 per
3721 1881 3778 1938 le
3809 1880 4257 1938 accuratissime
4286 1881 4487 1938 tavole

714 1995 916 2051 sparse
941 1976 1031 2034 fra
1053 1976 1096 2033 il
1120 1985 1273 2034 testo
1300 1976 1355 2034 ai
1378 1976 1686 2051 respettivi
1711 1976 1937 2051 luoghi.

483 2171 690 2240 1677.
728 2171 1491 2261 INVERNIZIPhi1ippi,
1527 2173 1639 2240 De
1671 2171 1960 2240 Fraenis
1995 2193 2389 2261 eorumque
2424 2171 2805 2261 generibus
2840 2182 2909 2240 et
2938 2171 3256 2261 partibus
3292 2171 3481 2261 apud
3513 2182 3812 2253 veteres,
3848 2173 4128 2240 Romae
4169 2171 4377 2253 1786,
4413 2171 4487 2239 in

716 2287 779 2368 8,
812 2286 938 2376 fig.
971 2288 1077 2355 M.
1112 2286 1227 2355 62.

712 2398 847 2455 Con
871 2398 987 2455 due
1011 2398 1212 2455 tavole
1236 2397 1542 2472 intagliate
1566 2397 1629 2454 in
1651 2416 1816 2455 rame
1841 2416 1874 2455 e
1900 2398 2112 2455 alcune
2137 2397 2455 2472 medaglie.

491 2593 698 2662 1678.
733 2595 1056 2662 ITALIAN
1080 2608 1406 2683 Scenery,
1440 2593 1629 2662 Vedi
1656 2596 2020 2662 Bonaiuti.

491 2804 698 2874 1679.
734 2806 1145 2873 KIRCHERII
1168 2804 1570 2886 Athanasii,
1603 2804 1984 2894 Musurgia
2011 2804 2440 2873 universalis
2475 2804 2613 2873 sire
2645 2826 2753 2873 ars
2785 2826 3050 2894 magna
3079 2804 3384 2873 consoni
3417 2815 3486 2873 et
3516 2804 3794 2873 dissoni
3825 2804 3899 2872 in
3928 2806 3997 2872 X
4027 2804 4149 2873 lib.
4185 2804 4483 2894 digesta,

712 2921 991 2988 Romae
1029 2919 1237 3001 1650,
1270 2919 1344 2987 in
1373 2919 1500 2988 fol.
1534 2919 1686 3009 fig.,
1721 2920 1765 2987 2
1795 2919 1939 2988 vol.
1973 2919 2223 3009 Legati
2253 2919 2327 2987 in
2355 2941 2452 2988 un
2484 2919 2643 2988 solo
2672 2930 2895 2988 tomo.

491 3130 698 3199 1680.
733 3132 1258 3199 KIRCHMANNI
1279 3132 1412 3212 Io.,
1445 3132 1557 3199 De
1586 3130 1980 3199 funeribus.
2014 3130 2203 3199 Vedi
2230 3130 2550 3218 Rigaltii.

491 3340 698 3409 1681.
757 3342 1282 3409 KIRCHMANNI
1332 3342 1465 3422 Io.,
1522 3342 1634 3409 De
1689 3340 1970 3409 annulis
2025 3340 2206 3409 liber
2260 3340 2662 3430 singularis.
2719 3340 3100 3409 Accedunt
3152 3340 3452 3430 Georgii
3513 3342 3606 3430 [p.
3665 3341 3835 3423 290]
3895 3340 4150 3430 Longi,
4208 3340 4486 3409 Gorleii

711 3455 1106 3524 Abrahami
1137 3466 1206 3524 et
1233 3457 1449 3524 Henr.
1484 3455 1935 3524 Kornmanni
1966 3455 2055 3524 de
2086 3455 2468 3524 anulorurn
2498 3455 2798 3545 origine,
2831 3455 3057 3545 Lugd.
3092 3457 3247 3524 Bat.
3290 3455 3498 3537 1672,
3531 3455 3605 3523 in
3643 3456 3750 3524 12.

711 3566 892 3624 Libro
916 3566 1196 3641 prezioso
1220 3585 1327 3641 per
1349 3567 1407 3624 la
1432 3585 1538 3624 sua
1561 3575 1730 3624 vasta
1754 3566 2101 3624 erudizione
2126 3585 2159 3624 e
2182 3567 2282 3641 pel
2307 3566 2699 3641 frontespizio
2726 3567 2999 3641 elegante
3024 3566 3085 3624 di
3109 3568 3178 3624 R.
3207 3567 3282 3624 de
3307 3566 3583 3641 Hooghe.

475 3781 682 3850 1682.
717 3783 1240 3863 KORNMANNI,
1268 3783 1380 3850 De
1411 3781 1840 3850 annulorum
1869 3781 2167 3871 origine,
2200 3781 2390 3850 Vedi
2420 3781 2911 3850 Kirchmanni.

479 3992 686 4061 1683.
738 3994 1170 4061 LAVATERII
1210 3992 1567 4061 Lodovici
1615 3992 1959 4082 Tigurini,
2010 3994 2123 4061 De
2173 3992 2494 4082 spectris,
2545 3992 2939 4061 lemuribus
2989 4003 3058 4061 et
3103 3992 3386 4082 magnis
3437 4003 3648 4082 atque
3695 3992 4007 4061 insolitis
4056 3992 4483 4082 fragoribus,

712 4107 1074 4197 variisque
1110 4107 1784 4197 praesagitionibus,
1825 4129 2009 4197 quae
2045 4107 2469 4197 plerumque
2507 4107 2787 4176 obitum
2822 4107 3224 4189 hominum,
3264 4129 3562 4197 magnas
3602 4107 3868 4189 clades,
3909 4107 4488 4197 mutationesque

712 4222 1181 4312 imperiorum
1229 4222 1684 4312 praecedunt.
1740 4222 1954 4291 Liber
2001 4244 2185 4291 unus
2237 4222 2311 4290 in
2360 4233 2500 4291 tres
2551 4233 2785 4312 partes
2838 4222 3276 4291 distributus.
3330 4222 3571 4291 Editio
3625 4222 3941 4291 secunda
3988 4222 4206 4312 priori
4257 4222 4486 4291 multo

713 4337 1178 4419 emendatior,
1211 4337 1438 4427 Lugd.
1473 4339 1627 4406 Bat.
1670 4337 1879 4419 1669,
1912 4337 1986 4405 in
2024 4338 2131 4406 12.

711 4448 975 4506 Libretto
1001 4449 1190 4506 molto
1218 4448 1518 4523 singolare
1543 4467 1576 4506 e
1599 4448 1831 4523 ripieno
1857 4448 1918 4506 di
1941 4448 2217 4523 preziose
2241 4448 2481 4506 notizie.

483 4663 690 4732 1684.
744 4665 946 4732 LENS
992 4663 1260 4745 André,
1313 4665 1414 4732 Le
1465 4674 1793 4732 costume
1843 4663 1969 4732 des
2019 4663 2319 4753 peuples
2371 4663 2460 4732 de
2510 4663 2917 4753 l’antiquité
2965 4664 3239 4753 prouvé
3287 4685 3413 4753 par
3460 4663 3565 4732 les
3616 4685 4071 4732 monumens.
4124 4663 4487 4732 Nouvelle

713 4778 986 4847 édition
1017 4779 1443 4868 augmentée
1471 4800 1598 4868 per
1626 4779 1713 4847 G.
1747 4780 1836 4847 N.
1869 4778 2187 4860 Martini,
2222 4800 2397 4847 avec
2428 4778 2520 4847 67
2554 4789 2937 4868 estampes,
2970 4778 3248 4847 Dresde
3286 4778 3494 4860 1785,
3527 4778 3601 4846 in
3629 4779 3696 4847 4.

713 4890 940 4961 Questa
971 4890 1004 4947 e
1036 4908 1155 4947 una
1185 4890 1343 4947 delle
1375 4908 1557 4964 opere
1587 4889 1692 4964 più
1725 4889 2012 4964 castigate
2044 4908 2077 4947 e
2110 4908 2144 4947 a
2175 4889 2273 4947 cui
2303 4890 2425 4964 può
2456 4889 2751 4964 riportarti
2783 4908 2900 4947 con
2929 4889 3035 4964 più
3069 4889 3374 4947 sicurezza
3405 4889 3495 4947 fra
3525 4898 3744 4964 quante
3776 4908 3851 4947 ne
3883 4889 4152 4947 esistono
4184 4889 4247 4946 in
4278 4898 4489 4964 questa

711 4985 974 5043 materia.

483 5180 690 5249 1685.
733 5182 1147 5249 LEONARDI
1180 5180 1269 5249 de
1308 5180 1559 5262 Fortis,
1601 5182 1713 5249 De
1754 5180 2068 5262 sestetio,
2109 5180 2461 5270 pecuniis,
2503 5180 2942 5270 ponderibus
2984 5191 3053 5249 et
3089 5180 3444 5249 mensuris
3487 5180 3796 5270 antiquis
3836 5180 3998 5249 libri
4038 5180 4203 5249 duo.
4245 5180 4486 5249 Editio

715 5295 940 5364 seculi
969 5297 1131 5377 XV,
1167 5295 1321 5364 sine
1350 5295 1517 5364 loco
1548 5306 1617 5364 et
1647 5317 1857 5377 anno,
1890 5295 1964 5363 in
1992 5296 2059 5364 4.

711 5407 1086 5481 L’opuscolo
1129 5406 1195 5464 fu
1234 5406 1583 5481 pubblicato
1626 5406 2045 5481 dall’Egnazio
2088 5425 2121 5464 e
2165 5415 2458 5481 stampato
2499 5406 2978 5481 probabilmente
3021 5425 3055 5464 a
3094 5406 3365 5464 Venezia
3405 5425 3522 5464 con
3563 5406 3833 5464 caratteri
3873 5406 4112 5464 rotondi
4154 5425 4187 5464 e
4228 5406 4289 5464 di
4329 5407 4490 5464 bella

712 5502 923 5560 forma.

487 5717 694 5786 1686.
728 5719 970 5786 LEROI
992 5717 1393 5807 Alphonse,
1426 5717 1881 5786 Recherches
1915 5739 2032 5786 sur
2059 5717 2165 5786 les
2195 5717 2674 5786 habillemens
2706 5717 2832 5786 des
2863 5717 3173 5786 femmes
3205 5728 3274 5786 et
3302 5717 3429 5786 des
3461 5717 3737 5799 enfans,
3770 5717 3964 5786 Paris
4004 5718 4212 5799 1782,
4245 5717 4319 5785 in
4357 5718 4464 5786 12.

713 5829 942 5900 Questo
968 5828 1121 5886 libro
1145 5828 1422 5903 riguarda
1443 5828 1963 5903 particolarmente
1988 5829 2046 5886 la
2069 5828 2317 5886 materia
2342 5837 2497 5886 sotto
2523 5829 2806 5903 l’aspetto
2832 5828 2893 5886 di
2918 5828 3238 5886 economia
3259 5828 3547 5903 pubblica
3570 5847 3603 5886 e
3628 5828 3689 5886 di
3716 5828 3906 5886 stinte.

487 6043 694 6112 1687.
728 6045 988 6112 LICETI
1010 6043 1350 6125 Fortunii,
1383 6045 1495 6112 De
1525 6043 1835 6112 lucernis
1868 6043 2324 6133 antiquorum
2351 6043 2742 6112 reconditis
2773 6043 2935 6112 libri
2968 6065 3115 6125 sex,
3147 6043 3349 6112 Utini
3388 6043 3595 6125 1653,
3628 6043 3702 6111 in
3731 6043 3858 6112 fol.
3892 6043 4018 6133 fig.

711 6137 759 6211 È
789 6173 1023 6229 sempre
1051 6155 1128 6212 da
1154 6154 1482 6212 osservarsi
1510 6173 1686 6212 come
1715 6155 1773 6212 la
1801 6154 2227 6229 superstiziosa
2252 6154 2579 6229 ignoranza
2605 6154 2818 6212 mutilò
2847 6173 2991 6229 gran
3017 6173 3268 6212 numero
3297 6154 3358 6212 di
3386 6154 3521 6212 libri
3549 6173 3582 6212 e
3610 6154 3818 6212 vedasi
3844 6173 3951 6229 per
3977 6173 4399 6229 conseguenza
4424 6154 4487 6211 in

712 6250 1099 6324 quest’opera
1130 6268 1193 6307 se
1226 6249 1394 6307 sieno
1425 6249 1630 6307 intatte
1661 6250 1717 6307 le
1747 6249 1966 6324 pagine
1997 6250 2118 6308 910
2150 6268 2183 6307 e
2221 6250 2394 6307 1142.
2428 6251 2512 6307 Le
2542 6268 2863 6307 numerose
2893 6250 3093 6307 tavole
3124 6249 3185 6307 di
3216 6258 3428 6324 questo
3460 6249 3613 6307 libro
3643 6249 3875 6324 ripieno
3907 6249 3968 6307 di
3999 6249 4299 6317 curiosità,
4335 6268 4486 6307 sono

710 6345 991 6420 riportate
1015 6345 1113 6403 nei
1138 6345 1290 6420 fogli
1315 6346 1413 6403 del
1437 6354 1590 6403 testo
1616 6364 1649 6403 e
1673 6345 1980 6420 intagliate
2004 6345 2067 6402 in
2089 6364 2270 6403 rame.

2171 6657 2347 6694 WWW.
2358 6637 2734 6710 memofonte.
2748 6639 2791 6694 il
