4958 7017
1981 864 2366 922 Fondazione
2390 838 2775 922 Memofonte
2800 865 2976 922 onlus

1390 960 1600 1018 Studio
1624 979 1731 1035 per
1754 960 2226 1018 l’elaborazione
2250 960 2632 1018 informatica
2655 961 2813 1018 delle
2838 960 2991 1018 fonti
3018 960 3571 1018 storico—artistiche

477 1367 644 1435 488.
676 1368 1169 1448 DESGODETS,
1205 1368 1344 1435 Les
1378 1366 1531 1435 loix
1565 1366 1691 1435 des
1723 1366 2108 1435 bàtiments
2145 1366 2429 1435 suivant
2459 1366 2527 1435 le
2560 1377 2899 1435 contarne
2932 1366 3022 1435 de
3054 1366 3270 1435 Paris.
3307 1367 3514 1435 Avec
3547 1366 3652 1435 les
3686 1377 3891 1435 notes
3927 1366 4016 1435 de
4047 1368 4153 1435 M.
4192 1367 4480 1456 Goupy:

707 1481 1047 1550 nouvelle
1085 1481 1358 1550 édition
1397 1482 1823 1571 augmentée
1861 1481 1950 1550 de
1987 1481 2057 1550 la
2093 1481 2526 1550 conference
2564 1481 2690 1550 des
2730 1482 3106 1550 contùmes
3148 1503 3265 1550 sur
3301 1481 3578 1571 chaque
3617 1481 3882 1563 article,
3923 1481 4117 1550 Paris
4165 1481 4373 1563 1768,
4414 1481 4488 1549 in

711 1597 773 1665 8.

708 1707 937 1765 Ottimo
965 1707 1137 1775 libro,
1166 1707 1277 1765 che
1301 1726 1511 1782 presso
1539 1707 1752 1782 d’ogni
1778 1707 2033 1765 nazione
2062 1708 2329 1775 sarebbe,
2357 1707 2502 1765 utile
2530 1708 2797 1765 secondo
2823 1707 2843 1764 i
2869 1707 3092 1765 diversi
3118 1707 3318 1765 codici
3344 1707 3405 1765 di
3432 1707 3844 1782 legislazione,
3874 1726 3908 1765 a
3933 1707 4058 1765 fine
4084 1707 4145 1765 di
4171 1707 4394 1765 evitare
4420 1726 4485 1765 o—

707 1803 809 1878 giù
836 1812 994 1861 sorta
1017 1803 1078 1861 di
1103 1803 1569 1871 contestazione,
1597 1803 1709 1861 che
1735 1803 1941 1861 deriva
1964 1803 2390 1878 dall’ignorare
2414 1803 2434 1860 i
2459 1803 2718 1861 costumi
2744 1822 2777 1861 e
2802 1804 2858 1861 le
2883 1803 3044 1878 leggi
3068 1803 3305 1861 intorno
3331 1803 3415 1878 gli
3440 1803 3665 1861 edifici.

477 2020 570 2108 [p.
608 2019 726 2101 871

477 2249 644 2318 489.
681 2250 1341 2330 DELAGARDETTE,
1377 2248 1642 2338 Regles
1677 2248 1766 2317 de
1799 2248 1966 2338 cinq
1999 2248 2241 2317 ordres
2276 2248 2826 2317 d’architecture
2859 2248 2948 2317 de
2980 2248 3322 2338 Vignole;
3358 2248 3698 2317 nouvelle
3731 2248 4004 2317 édition
4036 2248 4489 2317 intiérement

706 2363 1057 2432 refondue
1100 2374 1169 2432 et
1209 2363 1526 2432 enrichie
1568 2363 1657 2432 de
1699 2363 2076 2432 nouvelles
2118 2363 2485 2453 planches,
2529 2363 2736 2432 telles
2779 2385 2919 2453 que
2960 2363 3028 2432 le
3069 2363 3437 2432 Pantheon
3479 2363 3568 2432 de
3609 2365 3865 2432 Rome.
3912 2364 4048 2432 Cet
4088 2385 4404 2453 ouvrage
4448 2385 4488 2432 a

706 2500 888 2568 pour
930 2478 1112 2547 suite
1153 2478 1258 2547 les
1301 2478 1550 2567 lecons
1594 2478 2091 2547 élémentaires
2135 2478 2261 2547 des
2305 2478 2592 2547 ombres
2636 2478 2813 2547 dans
2856 2478 3384 2547 l’architecture
3424 2500 3550 2568 par
3589 2478 3657 2547 le
3699 2479 3939 2547 meme
3982 2489 4246 2560 auteur,
4291 2478 4485 2547 Paris

716 2594 924 2675 1797,
957 2593 1031 2661 in
1059 2594 1127 2675 4,
1160 2593 1286 2683 fig.

708 2704 786 2762 50
811 2705 1011 2762 tavole
1036 2704 1499 2779 diligentissime
1527 2723 1677 2762 sono
1703 2705 1863 2762 nella
1884 2704 2079 2779 prima
2102 2723 2135 2762 e
2160 2704 2236 2762 25
2265 2705 2425 2762 nella
2451 2705 2715 2762 seconda
2739 2723 2923 2779 opera
2947 2705 3176 2776 Questo
3200 2705 3366 2762 buon
3391 2704 3592 2762 artista
3615 2704 3692 2762 ha
3714 2704 4016 2762 transfuso
4041 2704 4104 2761 in
4127 2713 4272 2762 tutte
4297 2705 4353 2762 le
4381 2723 4486 2762 sue

707 2819 889 2875 opere
913 2800 956 2857 il
981 2809 1155 2875 gusto
1181 2800 1292 2858 che
1319 2800 1369 2858 si
1394 2819 1494 2858 era
1517 2800 1776 2858 formato
1804 2801 1958 2858 sullo
1986 2800 2183 2858 studio
2209 2800 2307 2858 dei
2332 2800 2706 2858 monumenti
2733 2800 2954 2858 antichi
2979 2819 3012 2858 e
3037 2800 3135 2858 dei
3160 2800 3424 2875 migliori
3449 2800 3690 2858 classici
3714 2800 3959 2858 italiani.

473 3016 640 3085 490.
676 3017 1015 3084 DERAND
1046 3015 1408 3097 Francois,
1443 3015 2005 3084 L’architecture
2037 3015 2164 3084 des
2197 3026 2476 3097 voutes,
2512 3037 2607 3084 ou
2638 3015 2802 3084 l’art
2832 3015 2958 3084 des
2990 3015 3185 3084 traits
3219 3026 3288 3084 et
3318 3016 3552 3105 coupé
3584 3015 3710 3084 des
3743 3026 4021 3097 voutes,
4056 3015 4273 3097 Paris,
4309 3015 4486 3084 chez

709 3130 1086 3199 Sebastien
1116 3130 1520 3220 Cramoisy,
1562 3130 1771 3212 1643,
1804 3130 1878 3198 in
1907 3130 2034 3199 fol.
2068 3130 2194 3220 fig.

708 3242 909 3316 Opera
935 3250 1131 3299 estesa
1157 3260 1274 3299 con
1302 3242 1489 3299 molta
1514 3241 1820 3316 prolissità
1846 3260 1879 3299 e
1907 3241 2389 3316 complicazione
2417 3260 2450 3299 e
2479 3260 2596 3299 con
2622 3241 2864 3299 infinito
2893 3260 3143 3299 numero
3172 3241 3233 3299 di
3261 3241 3715 3299 dimostrazioni
3744 3260 3777 3299 e
3805 3241 4000 3316 figure
4027 3241 4090 3298 in
4116 3242 4317 3299 tavole
4352 3242 4485 3309 121,

708 3337 825 3394 alla
848 3337 1024 3411 quale
1047 3336 1306 3411 bisogna
1330 3337 1645 3394 accordate
1669 3355 1749 3394 un
1773 3336 1985 3394 merito
2011 3336 2256 3394 distinto
2280 3355 2387 3411 per
2410 3337 2466 3394 le
2491 3336 2699 3411 grandi
2725 3336 3072 3411 cognizioni
3095 3336 3361 3411 pratiche
3386 3355 3419 3394 e
3444 3336 3866 3394 matematiche
3890 3336 3952 3393 in
3976 3355 4113 3394 essa
4134 3337 4413 3394 raccolte.

477 3533 644 3602 491.
683 3534 1156 3601 DIETTERLIN
1183 3532 1603 3614 Windelini,
1641 3534 1753 3601 De
1787 3532 2105 3622 quinque
2141 3532 2643 3601 columnarum
2679 3532 3140 3622 symmetrica
3173 3532 3675 3601 distributione
3710 3543 3779 3601 et
3811 3532 4028 3601 variis
4065 3532 4488 3601 eorumdem

708 3647 1168 3729 ornamentis,
1200 3647 1641 3737 Argentinae
1679 3647 1888 3729 1593,
1921 3647 1995 3715 in
2024 3647 2151 3716 fol.
2185 3647 2311 3737 fig.

706 3758 887 3816 Libro
920 3759 1018 3816 dal
1050 3759 1226 3833 quale
1257 3758 1500 3816 rilevasi
1533 3758 1662 3816 fino
1697 3777 1731 3816 a
1761 3759 1900 3833 qual
1935 3777 2122 3833 seguo
2156 3758 2323 3816 fosse
2356 3758 2455 3833 già
2488 3767 2636 3816 stata
2669 3758 2864 3833 spinta
2894 3759 2952 3816 la
2985 3767 3374 3833 stravaganza
3404 3777 3437 3816 e
3469 3758 3512 3815 il
3547 3758 3925 3833 sopracarico
3958 3758 4120 3833 degli
4152 3758 4486 3816 ornamenti

706 3855 864 3912 nelle
895 3873 1039 3912 cose
1071 3854 1579 3922 architettoniche,
1613 3863 1997 3929 quantunque
2027 3854 2090 3911 in
2119 3855 2440 3929 un’epoca,
2473 3854 2535 3911 in
2565 3854 2662 3912 cui
2692 3854 2736 3911 il
2767 3863 2942 3929 gusto
2973 3873 3095 3912 non
3125 3873 3225 3912 era
3254 3863 3615 3912 certamente
3646 3863 3906 3912 corrotto
3937 3854 3999 3911 in
4028 3854 4214 3922 Italia,
4248 3855 4346 3912 dal
4377 3854 4488 3912 che

705 3951 996 4025 potrebbe
1037 3950 1291 4025 qualche
1333 3969 1479 4008 cosa
1519 3950 1760 4008 dedursi
1804 3951 1955 4008 sulle
1999 3950 2261 4025 sorgenti
2303 3951 2461 4008 delle
2506 3959 2892 4025 stravaganze
2934 3950 3346 4008 ornamentali:
3396 3950 3612 4008 sonovi
3653 3951 3733 4008 40
3775 3951 3975 4008 tavole
4017 3950 4401 4025 compresovi
4442 3950 4486 4007 il

707 4045 1104 4120 frontispizio.
1132 4045 1489 4103 L’edizione
1515 4046 1548 4103 e
1573 4045 1757 4103 latina
1780 4064 1813 4103 e
1839 4045 2128 4103 francese.
2159 4045 2260 4103 Gli
2285 4045 2606 4120 esemplari
2631 4064 2753 4103 non
2780 4064 2930 4103 sono
2956 4045 3202 4103 comuni
3227 4064 3260 4103 e
3286 4046 3541 4103 l’autore
3569 4045 3785 4103 scrisse
3811 4046 3954 4103 altre
3979 4064 4161 4120 opere
4185 4045 4248 4102 in
4272 4054 4485 4120 questo

707 4150 900 4216 gusto.

473 4338 640 4407 492.
675 4339 978 4419 DUBUT,
1006 4337 1503 4406 Architecture
1534 4337 1772 4419 civile,
1806 4337 2128 4406 maisons
2161 4337 2250 4406 de
2280 4337 2454 4406 ville
2484 4348 2553 4406 et
2582 4337 2671 4406 de
2702 4359 3101 4427 campagne
3132 4337 3221 4406 de
3250 4348 3484 4406 toutes
3517 4337 3788 4406 formes
3821 4348 3890 4406 et
3919 4337 4008 4406 de
4037 4348 4199 4406 tous
4232 4359 4484 4427 genres

706 4452 1105 4542 projectées
1139 4474 1321 4542 pour
1352 4453 1497 4521 etre
1530 4452 1957 4521 construites
1994 4474 2111 4521 sur
2142 4452 2268 4521 des
2301 4452 2596 4521 terreins
2631 4452 2720 4521 de
2754 4452 3174 4521 differentes
3210 4452 3619 4542 grandeurs,
3655 4452 3873 4534 Paris,
3910 4452 4086 4521 chez
4119 4452 4482 4534 Eberhart,

716 4567 924 4649 1805,
957 4567 1031 4635 in
1060 4567 1187 4636 fol.
1221 4589 1437 4636 mass.
1471 4567 1597 4657 fig.

706 4679 970 4736 Volume
1000 4697 1180 4736 senza
1205 4687 1377 4746 testo,
1407 4697 1587 4736 meno
1614 4697 1695 4736 un
1722 4678 1915 4753 foglio
1943 4678 2430 4736 d’introduzione
2457 4697 2574 4736 con
2603 4679 2677 4736 87
2706 4679 2906 4736 tavole
2933 4697 2966 4736 e
2993 4679 3109 4736 due
3135 4679 3354 4736 tabelle
3381 4678 3656 4753 ﬁgurate;
3686 4697 3802 4736 ove
3828 4678 3890 4735 in
3915 4679 3994 4737 49
4021 4678 4260 4753 piccole
4285 4678 4486 4753 piante

709 4793 859 4832 sono
894 4793 1094 4832 messe
1127 4774 1190 4831 in
1221 4775 1510 4849 paralello
1544 4783 1631 4832 tra
1664 4775 1794 4832 loro
1829 4775 1885 4832 le
1917 4774 2304 4849 proporzioni
2338 4775 2496 4832 delle
2531 4774 2841 4832 fabbriche
2875 4783 3195 4832 contenute
3229 4775 3581 4849 nell’opera.
3619 4774 3781 4832 Avvi
3815 4793 3896 4832 un
3929 4774 4142 4832 merito
4176 4774 4239 4831 in
4273 4775 4486 4832 alcune

707 4870 1123 4928 distribuzioni
1147 4870 1376 4928 interne
1399 4889 1506 4945 per
1529 4871 1587 4928 la
1610 4870 1916 4928 comodità
1939 4870 2333 4938 dell’abitare,
2361 4871 2550 4928 molto
2574 4870 2679 4945 più
2704 4870 2815 4928 che
2838 4889 2945 4945 per
2967 4870 3010 4927 il
3035 4879 3210 4945 gusto
3236 4871 3622 4928 dell’esterna
3645 4870 4062 4928 decorazione.

473 5066 640 5135 493.
674 5067 991 5147 DUPUIS,
1018 5067 1376 5134 Nouveau
1404 5065 1607 5134 traité
1637 5065 2208 5147 d’architecture,
2242 5076 2711 5155 comprenant
2738 5065 2843 5134 les
2875 5065 3042 5155 cinq
3072 5065 3315 5134 ordres
3347 5065 3474 5134 des
3508 5065 3799 5134 anciens
3832 5087 4008 5134 avec
4037 5087 4134 5134 un
4166 5065 4488 5134 sexieme

708 5180 934 5262 ordre,
967 5180 1090 5270 qui
1121 5202 1216 5249 on
1245 5180 1541 5249 nomine
1571 5180 1777 5249 ordre
1806 5180 2139 5269 francais,
2172 5180 2366 5249 Paris
2406 5180 2614 5262 1768,
2649 5202 2739 5249 en
2767 5181 2835 5262 4,
2868 5180 2994 5270 fig.

709 5292 786 5349 Se
818 5291 985 5349 fosse
1018 5292 1351 5349 altrettanto
1382 5300 1634 5366 purgato
1667 5292 1728 5349 lo
1763 5291 1895 5349 stile
1927 5291 2409 5359 dell’architetto,
2444 5310 2620 5349 come
2653 5292 2686 5349 e
2724 5293 2802 5366 [p.
2841 5292 2940 5361 88]
2977 5291 3167 5349 nitido
3199 5291 3242 5348 il
3272 5291 3482 5349 bulino
3515 5310 3633 5349 con
3664 5291 3762 5349 cui
3797 5310 3947 5349 sono
3979 5291 4286 5366 intagliate
4319 5292 4375 5349 le
4408 5291 4486 5349 62

706 5388 906 5445 tavole
931 5387 992 5445 di
1017 5388 1404 5462 quest’opera
1429 5388 1678 5445 sarebbe
1702 5388 1779 5445 da
1800 5387 2070 5445 ritenersi
2094 5387 2156 5444 in
2180 5387 2456 5462 maggior
2477 5387 2705 5462 pregio.
2733 5389 2800 5444 In
2824 5387 2949 5445 fine
2976 5406 3126 5445 sono
3159 5388 3228 5445 13
3256 5388 3475 5445 tabelle
3500 5387 3561 5445 di
3584 5387 3988 5462 proporzioni.

469 5584 636 5653 494.
671 5585 1019 5652 DURAND
1045 5585 1081 5652 ]
1091 5641 1102 5652 .
1136 5585 1225 5652 N.
1260 5585 1363 5665 L.,
1397 5583 1636 5652 Précis
1669 5583 1795 5652 des
1828 5583 2077 5672 lecons
2111 5583 2661 5652 d’architecture
2692 5583 3013 5652 données
3048 5584 3088 5652 à
3116 5583 3401 5652 l’Ecole
3431 5583 4021 5673 Polytechnique,
4056 5584 4100 5651 2
4132 5583 4276 5652 vol.
4311 5583 4385 5651 in
4414 5584 4482 5665 4,

707 5698 901 5767 Paris
941 5699 1148 5767 1830.

706 5811 773 5866 In
805 5809 999 5884 questi
1032 5810 1148 5867 due
1182 5809 1413 5867 volumi
1446 5809 1845 5884 contengonsi
1879 5809 1957 5867 64
1990 5810 2190 5867 tavole
2222 5809 2528 5884 intagliate
2562 5828 2596 5867 a
2627 5809 2901 5867 contorni
2934 5810 3011 5867 da
3041 5810 3353 5867 Normand
3385 5828 3502 5867 con
3534 5809 3896 5867 moltissime
3929 5809 4124 5884 figure
4156 5809 4218 5866 in
4248 5809 4487 5884 piccole

707 5904 1089 5962 dimensioni.
1132 5905 1415 5962 L’autore
1456 5923 1639 5979 segue
1677 5923 1758 5962 un
1796 5905 1981 5962 modo
2021 5904 2460 5962 d’instituzioni
2501 5923 2610 5962 suo
2649 5923 2853 5962 nuovo
2893 5923 2926 5962 e
2963 5904 3335 5979 particolare,
3377 5904 3488 5962 che
3529 5904 3714 5962 servir
3748 5905 4039 5979 potrebbe
4077 5923 4194 5962 con
4232 5904 4486 5979 qualche

706 6000 1179 6058 modificazione
1205 6019 1239 6058 a
1261 6000 1499 6058 indurre
1523 6000 1653 6058 utili
1679 6000 1904 6058 varietà
1926 6001 2024 6058 nel
2051 6000 2296 6058 sistema
2320 6001 2598 6075 generale
2623 6000 2684 6058 di
2709 6000 2903 6075 questi
2927 6000 3385 6075 insegnamenti.

473 6215 640 6285 495.
695 6217 1002 6284 DURERI
1044 6215 1324 6284 Alberti
1375 6215 1899 6305 nurembergen
1948 6215 2243 6305 pictoris
2294 6215 2847 6305 prestantissimi
2899 6237 3028 6297 ec.,
3083 6215 3619 6284 Institutionum
3669 6215 4274 6305 geometrioariun
4324 6215 4486 6284 libri

707 6341 1010 6420 quatuor
1038 6352 1206 6399 cum
1234 6330 1512 6420 figuris,
1554 6330 1741 6399 1532
1771 6330 2055 6412 Parisis,
2089 6352 2178 6399 ex
2209 6330 2516 6399 officina
2542 6330 2899 6399 Wechelii
2929 6330 3003 6398 in
3032 6330 3159 6399 fol.
3193 6330 3319 6420 fig.
3353 6330 3663 6399 Accedit
3692 6330 4021 6399 eiusdem
4050 6330 4139 6399 de
4167 6330 4484 6399 Urbibus

2171 6657 2347 6694 WWW.
2358 6637 2734 6710 memofonte.
2748 6639 2791 6694 il
