4958 7017
1981 864 2366 922 Fondazione
2390 838 2775 922 Memofonte
2800 865 2976 922 onlus

1390 960 1600 1018 Studio
1624 979 1731 1035 per
1754 960 2226 1018 l’elaborazione
2250 960 2632 1018 informatica
2655 961 2813 1018 delle
2838 960 2991 1018 fonti
3018 960 3571 1018 storico—artistiche

479 1249 557 1322 [p.
586 1247 729 1317 260]

1358 1455 1816 1559 GUIDE
1859 1458 1946 1557 E
1990 1458 2433 1559 BREVI
2477 1455 3603 1559 ILLUSTRAZIONI

1744 1709 2004 1764 DELLE
2031 1690 2586 1765 SINGOLARITÀ
2610 1708 2773 1765 CHE
2797 1708 3214 1765 TROVANSI

1967 1805 2053 1861 IN
2076 1804 2276 1861 VARI
2300 1804 2528 1861 PAESI
2552 1804 2988 1861 D’EUROPA.

1759 1997 2188 2053 DESCRIZIONI
2207 2006 2538 2053 GENERALI
2555 2007 2594 2052 E
2613 1997 2860 2053 VIAGGI
2878 1996 3196 2053 D’ITALIA.

473 2187 655 2245 4129.
679 2187 970 2243 ALBERTI
988 2187 1262 2244 Leandro
1286 2187 1639 2261 bolognese,
1666 2186 2061 2244 Descrizione
2087 2186 2148 2244 di
2172 2195 2319 2244 tutta
2341 2186 2528 2254 Italia,
2555 2187 2715 2244 nella
2738 2187 2915 2261 quale
2943 2186 2992 2244 si
3017 2186 3295 2244 contiene
3320 2186 3363 2243 il
3391 2186 3505 2244 sito
3531 2186 3592 2244 di
3617 2205 3769 2254 essa,
3797 2186 4098 2261 l’origine,
4126 2187 4182 2244 le
4210 2186 4486 2261 Signorie

699 2283 857 2340 delle
889 2282 1046 2350 città,
1081 2301 1114 2340 e
1147 2283 1305 2340 delle
1337 2283 1601 2350 castella,
1636 2282 1735 2340 coi
1766 2282 1934 2340 nomi
1967 2282 2189 2340 antichi
2222 2301 2255 2340 e
2287 2282 2579 2350 moderni,
2613 2282 2633 2339 i
2666 2282 2926 2340 costumi
2958 2283 3054 2340 de’
3091 2282 3321 2357 popoli,
3356 2283 3412 2340 le
3444 2282 3792 2340 condizioni
3824 2283 3919 2340 de’
3957 2282 4126 2357 paesi
4158 2301 4245 2340 ec.
4282 2301 4391 2350 ec.,
4425 2282 4488 2339 in

698 2379 995 2453 Bologna,
1021 2397 1128 2453 per
1150 2379 1445 2436 Anselmo
1472 2378 1851 2446 Giaccarelli,
1886 2378 2060 2446 1550,
2087 2378 2149 2435 in
2172 2379 2210 2435 4
2236 2397 2318 2453 gr.

700 2475 929 2546 Questo
960 2493 1173 2549 grosso
1204 2475 1449 2532 volume
1479 2474 1540 2532 di
1570 2475 1719 2532 oltre
1747 2474 1914 2532 mille
1942 2474 2162 2549 pagine
2192 2475 2225 2532 e
2257 2483 2550 2549 stampato
2582 2474 2738 2532 assai
2767 2475 2922 2532 bene
2951 2474 3013 2531 in
3042 2483 3252 2549 questa
3278 2474 3472 2549 prima
3500 2474 3796 2542 edizione,
3829 2474 4105 2532 dedicata
4134 2475 4189 2532 al
4216 2493 4279 2532 re
4309 2493 4342 2532 e
4372 2475 4489 2532 alla

697 2570 904 2645 regina
931 2570 992 2628 di
1020 2570 1284 2638 Francia,
1316 2589 1349 2628 e
1378 2570 1438 2628 vi
1469 2570 1518 2628 si
1547 2571 1725 2645 legge
1753 2589 1871 2628 una
1898 2571 2104 2628 lettera
2131 2570 2192 2628 di
2220 2571 2425 2628 Anton
2452 2570 2814 2628 Flamminio
2844 2570 2955 2628 che
2982 2589 3089 2645 per
3115 2570 3374 2645 isbaglio
3404 2570 3465 2628 di
3496 2579 3727 2645 stampa
3753 2579 3925 2645 porta
3952 2571 4010 2628 la
4036 2571 4173 2628 data
4199 2571 4297 2628 del
4333 2570 4485 2628 1537

698 2675 926 2724 mentre
951 2667 1049 2724 nel
1077 2666 1154 2724 36
1181 2685 1281 2724 era
1306 2666 1495 2724 anche
1523 2667 1777 2741 sepolto,
1806 2685 1981 2724 come
2008 2666 2216 2724 vedesi
2242 2667 2340 2724 nel
2368 2685 2477 2724 suo
2504 2675 2916 2724 monumento.
2945 2666 3108 2724 Avvi
3135 2666 3324 2724 anche
3350 2666 3393 2723 il
3417 2666 3641 2724 ritratto
3668 2667 4043 2734 dell’autore,
4072 2666 4169 2724 cui
4198 2685 4375 2741 sopra
4401 2675 4489 2724 sta

698 2780 778 2819 un
802 2761 1020 2819 distico
1046 2761 1107 2819 di
1134 2761 1487 2819 Sebastiano
1513 2762 1783 2819 Corrado
1810 2762 1865 2819 al
1890 2762 2116 2819 lettore.
2146 2762 2346 2836 Opera
2369 2761 2688 2829 laboriosa,
2715 2780 2748 2819 e
2772 2780 2894 2819 non
2917 2761 3338 2836 ispregievole.

473 2954 655 3011 4130.
683 2955 1014 3011 BARBARO
1034 2955 1381 3021 Tommaso,
1409 2954 1457 3010 Il
1482 2953 1816 3028 pellegrino
1843 2953 2134 3028 geografo
2161 2953 2555 3011 cronistorico
2582 2954 2659 3011 da
2682 2953 2906 3028 Napoli
2932 2953 3060 3011 fino
3088 2972 3122 3011 a
3145 2953 3432 3021 Venezia,
3461 2953 3732 3011 Venezia
3763 2954 3938 3021 1739,
3966 2953 4028 3010 in
4056 2954 4109 3021 8,
4138 2953 4336 3011 diviso
4362 2953 4424 3010 in
4450 2955 4485 3011 7

699 3049 852 3117 libri,
880 3068 913 3107 e
938 3050 996 3107 la
1021 3049 1172 3107 serie
1197 3049 1536 3107 Cronistica
1559 3049 1944 3124 dell’origine
1969 3049 2030 3107 di
2054 3049 2326 3107 Venezia
2351 3049 2483 3107 sino
2510 3050 2777 3107 all’anno
2810 3050 2984 3107 1738.

473 3242 655 3299 4131.
684 3243 897 3298 BARRI
918 3241 1236 3309 Giacomo,
1264 3241 1480 3316 pittore
1506 3241 1568 3298 in
1593 3241 1880 3309 Venezia,
1909 3241 2174 3316 Viaggio
2200 3241 2568 3316 pipttoresco
2595 3241 2657 3298 in
2683 3241 2780 3299 cui
2809 3241 2858 3299 si
2884 3250 3107 3299 notano
3135 3242 3191 3299 le
3216 3241 3321 3316 più
3347 3241 3584 3299 famose
3609 3241 3824 3316 pitture
3851 3241 4188 3309 dell’Italia,
4217 3241 4489 3299 Venezia

706 3336 881 3404 1671,
907 3336 969 3393 in
1000 3337 1090 3394 12.

473 3529 655 3586 4132.
682 3530 895 3585 BARRI
914 3528 1232 3596 Giacomo,
1260 3530 1348 3586 Lo
1376 3537 1568 3586 stesso
1593 3529 1849 3586 tradotto
1874 3528 1936 3585 in
1959 3528 2209 3603 inglese,
2237 3529 2476 3586 Londra
2506 3528 2680 3596 1679,
2707 3528 2769 3585 in
2796 3529 2848 3586 8.

473 3721 655 3778 4133.
688 3722 985 3778 BARTOLI
1009 3722 1362 3788 Francesco,
1395 3720 1638 3778 Notizie
1669 3721 1827 3778 delle
1856 3720 2089 3795 pitture,
2125 3721 2400 3788 sculture,
2434 3739 2467 3778 e
2500 3720 2892 3788 architetture,
2926 3720 3037 3778 che
3068 3739 3294 3778 ornano
3326 3721 3382 3778 le
3411 3720 3728 3795 principali
3759 3720 3900 3778 città
3929 3720 4184 3788 d’Italia,
4217 3720 4488 3778 Venezia

706 3815 881 3883 1776,
907 3815 969 3872 in
996 3816 1049 3883 8,
1077 3816 1196 3873 vol.
1225 3816 1280 3873 2.

700 3912 901 3986 Opera
924 3920 1120 3969 estesa
1143 3912 1220 3969 da
1242 3930 1322 3969 un
1346 3911 1634 3986 diligente
1660 3920 1923 3969 amatore
1947 3911 2009 3968 in
2031 3911 2461 3969 ristrettissima
2485 3911 2696 3969 forma.

473 4104 655 4161 4134.
685 4105 884 4161 BOSSI
905 4103 1109 4171 Louis,
1140 4103 1303 4161 Liste
1331 4104 1406 4161 de
1432 4103 1788 4178 principaux
1815 4104 2010 4178 objets
2039 4104 2114 4161 de
2144 4103 2414 4161 sciences
2443 4112 2502 4161 et
2528 4104 2712 4161 d’arts
2740 4103 3019 4161 recuellis
3048 4122 3124 4161 en
3150 4103 3318 4161 Italie
3345 4122 3452 4178 par
3478 4104 3566 4161 les
3595 4103 3872 4161 Commis
3907 4105 3985 4178 [p.
4017 4103 4161 4173 261]
4197 4103 4379 4161 saires
4408 4104 4488 4161 du

700 4200 1191 4257 Gouvernement
1215 4199 1492 4274 francais,
1521 4218 1555 4257 a
1577 4199 1805 4257 Venise
1830 4200 1886 4257 le
1918 4200 1990 4257 10
2016 4200 2190 4257 vend.
2220 4218 2310 4257 an.
2338 4201 2423 4257 VI
2448 4200 2523 4257 de
2548 4200 2606 4257 la
2628 4201 2697 4257 R.
2725 4201 2813 4257 Fr.
2844 4200 2901 4270 (1
2933 4200 3131 4257 octob.
3167 4200 3320 4258 1797
3346 4200 3537 4270 VS.),
3564 4199 3626 4256 in
3650 4199 3777 4267 fol.,
3804 4201 3892 4257 M.
3924 4200 4017 4257 81.

698 4296 1046 4370 Esemplare
1087 4304 1335 4370 segnato
1375 4295 1436 4353 di
1473 4314 1678 4370 pugno
1718 4296 2075 4353 dell’autore
2113 4295 2175 4352 in
2213 4295 2438 4370 qualità
2475 4295 2536 4353 di
2576 4295 2861 4370 aggiunto
2902 4296 3019 4353 alla
3056 4295 3492 4353 commissione
3531 4296 3629 4353 del
3669 4314 3937 4370 governo
3977 4295 4250 4353 francese
4287 4314 4394 4370 per
4431 4296 4489 4353 la

697 4390 924 4448 ricerca
947 4390 1109 4465 degli
1134 4390 1360 4465 oggetti
1385 4390 1446 4448 di
1473 4390 1712 4448 scienze
1738 4391 1814 4448 ed
1839 4390 1945 4448 arti
1971 4391 2026 4448 al
2053 4390 2285 4465 seguito
2311 4391 2688 4448 dell’armata
2712 4390 2965 4448 d’Italia.

473 4582 655 4640 4135.
683 4584 978 4640 BROSSES
1004 4583 1130 4653 (de)
1158 4582 1425 4650 Charles,
1453 4584 1679 4640 Lettres
1706 4582 2086 4657 historiques,
2115 4591 2173 4640 et
2197 4582 2479 4657 critiques
2508 4601 2605 4640 sur
2629 4582 2847 4640 l’Italie
2874 4601 3020 4640 avec
3047 4583 3153 4640 des
3180 4591 3351 4640 notes
3376 4582 3654 4640 relatives
3682 4583 3716 4640 a
3740 4583 3798 4640 la
3824 4582 4106 4640 situation
4132 4583 4386 4640 actuelle
4412 4583 4487 4640 de

699 4678 916 4736 l’Italie
941 4687 1073 4746 etc.,
1102 4697 1192 4736 an.
1220 4680 1351 4746 VII,
1379 4697 1454 4736 en
1481 4679 1534 4746 8,
1562 4679 1681 4736 vol.
1712 4679 1765 4736 3.

698 4774 879 4832 Libro
905 4774 1087 4849 pieno
1115 4774 1176 4832 di
1203 4774 1419 4842 falsità,
1447 4793 1554 4849 per
1578 4793 1700 4832 non
1728 4793 1868 4832 aver
1893 4775 2230 4832 consultato
2258 4775 2314 4832 le
2339 4775 2540 4832 buone
2567 4774 2739 4842 fonti,
2769 4775 2845 4832 ed
2871 4793 2987 4832 ove
3013 4793 3135 4832 non
3161 4775 3194 4832 e
3223 4774 3424 4832 scritto
3451 4793 3531 4832 un
3559 4775 3650 4832 sol
3677 4793 3858 4832 nome
3883 4774 4127 4849 proprio
4155 4774 4216 4832 di
4241 4793 4424 4849 paese
4450 4793 4487 4832 o

699 4870 760 4928 di
786 4889 1045 4945 persona
1073 4889 1254 4928 senza
1280 4870 1480 4938 errori,
1511 4889 1687 4928 come
1716 4870 2004 4928 Tuzziani
2030 4889 2137 4945 per
2162 4870 2451 4938 Torriani,
2482 4871 2794 4945 Campana
2818 4889 2925 4945 per
2951 4870 3183 4938 Riccio,
3213 4872 3448 4928 Bruzza
3476 4870 3655 4928 Socci
3682 4889 3789 4945 per
3814 4872 4007 4928 Brusa
4035 4870 4223 4938 Sorzi,
4257 4871 4486 4928 Sarono

699 4966 831 5023 zala
852 4984 959 5040 per
984 4966 1370 5033 Savonarola,
1397 4965 1648 5040 Fiepolo
1672 4984 1778 5040 per
1799 4965 2075 5040 Tiepolo,
2102 4966 2160 5023 la
2185 4965 2405 5023 Saliéte
2428 4984 2535 5040 per
2560 4966 2779 5023 Salute.
2808 4965 3186 5040 Conegliano
3210 4984 3317 5040 per
3340 4965 3622 5023 Colleoni
3647 4984 3734 5023 ec.
3764 4984 3797 5023 e
3824 4984 4058 5040 sempre
4083 4966 4213 5023 così
4238 4984 4325 5023 ec.

473 5157 655 5215 4136.
683 5158 962 5225 COCHIN,
989 5159 1245 5232 Voyage
1270 5157 1525 5225 d’Italie,
1553 5176 1633 5215 ou
1655 5157 1879 5215 récueil
1904 5158 2010 5215 des
2035 5166 2206 5215 notes
2234 5176 2332 5215 sur
2355 5158 2442 5215 les
2469 5176 2764 5232 ouvrages
2790 5158 2865 5215 de
2888 5157 3176 5232 peinture,
3206 5158 3506 5232 sculpture
3531 5166 3663 5225 etc.,
3690 5157 3853 5215 Paris
3886 5157 4059 5225 1769,
4086 5157 4148 5214 in
4175 5158 4228 5225 8,
4258 5158 4290 5215 3
4319 5158 4438 5215 vol.

700 5254 901 5328 Opera
922 5253 1102 5328 piena
1125 5253 1186 5311 di
1211 5253 1392 5311 errori
1416 5272 1538 5311 non
1564 5254 1696 5311 solo
1722 5253 1783 5311 di
1808 5262 2002 5328 gusto,
2030 5272 2129 5311 ma
2153 5253 2342 5311 anche
2367 5253 2428 5311 di
2453 5253 2619 5321 fatto,
2647 5272 2680 5311 e
2705 5253 3039 5311 madornali
3064 5272 3151 5311 ec.

473 5445 655 5502 4137.
688 5446 875 5501 ERBA
901 5445 1101 5515 (dall’)
1135 5444 1457 5512 Giovanni,
1491 5444 1797 5502 Itinerario
1829 5445 1987 5502 delle
2016 5453 2190 5519 poste
2219 5463 2326 5519 per
2354 5444 2590 5502 diverse
2619 5444 2770 5519 parti
2801 5445 2899 5502 del
2929 5445 3155 5502 mondo
3187 5445 3263 5502 ed
3292 5444 3335 5501 il
3366 5444 3610 5519 viaggio
3642 5444 3703 5502 di
3736 5445 3793 5502 S.
3829 5444 4128 5502 Giacomo
4160 5444 4221 5502 di
4253 5444 4490 5502 Galizia

699 5559 816 5598 con
840 5549 984 5598 tutte
1010 5541 1066 5598 le
1093 5540 1241 5598 fiere
1267 5540 1518 5598 notabili
1544 5540 1655 5598 che
1683 5540 1733 5598 si
1759 5540 1943 5598 fanno
1968 5559 2075 5615 per
2098 5549 2246 5598 tutto
2272 5540 2315 5597 il
2341 5541 2587 5608 mondo,
2616 5559 2733 5598 con
2758 5559 2876 5598 una
2900 5540 3248 5598 narrazione
3274 5541 3432 5598 delle
3458 5559 3602 5598 cose
3628 5540 3689 5598 di
3714 5542 3927 5608 Roma,
3956 5559 3989 5598 e
4015 5540 4302 5598 massime
4328 5541 4486 5598 delle

701 5645 847 5694 sette
872 5636 1094 5704 chiese,
1121 5636 1392 5694 Venezia
1422 5636 1597 5704 1564,
1624 5636 1686 5693 in
1717 5636 1807 5694 16.

473 5829 655 5886 4138.
697 5830 942 5886 HONDII
973 5828 1229 5896 Judocii,
1269 5830 1449 5886 Nova
1486 5837 1544 5886 et
1581 5837 1855 5886 accurata
1890 5828 2096 5886 Italiae
2134 5828 2424 5886 hodierna
2460 5828 2804 5903 descriptio,
2844 5828 3123 5903 Lugduni
3160 5830 3545 5896 Batavorum,
3587 5829 3745 5903 apud
3782 5828 4197 5886 Abrahamum
4232 5828 4484 5896 Elsevir,

706 5924 881 5992 1627,
907 5924 969 5981 in
992 5925 1030 5981 4
1054 5943 1161 5999 per
1183 5933 1326 5982 trav.

698 6020 746 6076 Il
795 6019 1187 6094 frontespizio
1237 6020 1270 6077 e
1319 6019 1597 6094 figurato,
1649 6038 1682 6077 e
1730 6019 1994 6077 trovansi
2043 6020 2099 6077 le
2146 6019 2348 6094 piante
2397 6038 2430 6077 e
2478 6019 2498 6076 i
2545 6019 2835 6094 prospetti
2884 6020 3042 6077 delle
3089 6019 3406 6094 principali
3455 6019 3596 6077 città
3643 6019 3882 6077 d’Italia
3929 6038 4046 6077 con
4094 6020 4279 6077 molte
4328 6028 4486 6077 carte

698 6115 1133 6190 topografiche,
1162 6134 1195 6173 e
1221 6115 1383 6173 forse
1407 6115 1512 6190 più
1538 6115 1763 6173 fedeltà
1786 6115 1848 6172 in
1873 6116 2058 6173 molte
2083 6115 2478 6173 illustrazioni
2504 6115 2565 6173 di
2591 6116 2793 6190 quella
2817 6115 2928 6173 che
2953 6115 3264 6173 incontrisi
3290 6116 3448 6173 nelle
3474 6134 3656 6190 opere
3682 6116 3777 6173 de’
3810 6115 4167 6190 viaggiatori
4193 6115 4483 6173 moderni.

700 6212 901 6286 Opera
924 6211 985 6269 di
1009 6211 1130 6269 406
1154 6211 1373 6286 pagine
1397 6230 1519 6269 non
1543 6230 1861 6286 compresa
1884 6212 1942 6269 la
1965 6211 2181 6269 dedica
2205 6212 2260 6269 al
2285 6212 2442 6286 doge
2467 6230 2500 6269 e
2527 6220 2733 6269 senato
2759 6211 3109 6269 veneziano.

473 6404 655 6462 4139.
682 6405 947 6460 ITALIAE
966 6403 1147 6461 totius
1171 6403 1371 6461 brevis
1397 6412 1455 6461 et
1480 6412 1754 6461 accurata
1777 6403 2120 6478 descriptio,
2147 6404 2333 6478 Ultraj
2343 6403 2459 6461 ecti
2490 6403 2665 6471 1650,
2691 6403 2753 6460 in
2784 6404 2874 6461 12.

2171 6657 2347 6694 WWW.
2358 6637 2734 6710 memofonte.
2748 6639 2791 6694 il
