4958 7017
1981 864 2366 922 Fondazione
2390 838 2775 922 Memofonte
2800 865 2976 922 onlus

1390 960 1600 1018 Studio
1624 979 1731 1035 per
1754 960 2226 1018 l’elaborazione
2250 960 2632 1018 informatica
2655 961 2813 1018 delle
2838 960 2991 1018 fonti
3018 960 3571 1018 storico—artistiche

479 1366 644 1435 588.
679 1367 844 1435 OSII
871 1366 1244 1448 Theodati,
1277 1368 1389 1435 De
1420 1366 1931 1435 architecturae
1961 1377 2030 1435 et
2059 1366 2592 1456 agrimensurae
2621 1366 3016 1448 nobilitate,
3048 1366 3455 1435 Mediolani
3495 1366 3703 1448 1639,
3736 1366 3810 1434 in
3843 1367 3905 1435 8.

708 1478 1104 1552 Opuscoletto
1129 1477 1191 1534 in
1215 1477 1484 1535 caratteri
1509 1477 1750 1535 corsivi.

475 1692 640 1762 589.
696 1693 889 1761 OSIO
941 1692 1157 1761 Carlo
1209 1693 1497 1774 Cesare,
1550 1692 2031 1761 Architettura
2080 1692 2297 1761 civile
2348 1692 3087 1761 dimostrativamente
3136 1692 3690 1782 proporzionata
3739 1692 3829 1761 ed
3880 1692 4320 1761 accresciuta
4369 1692 4486 1761 col

706 1807 1218 1876 ritrovamento
1260 1807 1438 1876 d’un
1478 1829 1723 1876 nuovo
1767 1818 2159 1876 strumento
2202 1807 2539 1897 angolare
2578 1829 2704 1897 per
2746 1807 3061 1876 stabilire
3101 1807 3169 1876 le
3212 1829 3509 1897 sagome
3549 1807 3623 1875 in
3664 1807 3837 1897 ogni
3878 1807 4034 1876 loro
4075 1807 4485 1876 necessario

708 1933 1079 2004 contorno,
1111 1922 1396 1991 Milano
1435 1922 1643 2004 1661,
1676 1922 1750 1990 in
1779 1922 1906 1991 fol.
1940 1922 2066 2012 fig.

707 2034 823 2091 Col
846 2033 1070 2091 ritratto
1096 2034 1453 2091 dell’autore
1478 2033 1793 2108 disegnato
1819 2034 1896 2091 da
1919 2034 2141 2091 Cesare
2166 2033 2264 2091 dai
2289 2033 2446 2101 fiori,
2473 2033 2785 2108 intagliato
2811 2034 2888 2091 da
2912 2033 3152 2091 Giovan
3175 2033 3429 2091 Battista
3451 2033 3781 2101 Bonacina,
3810 2033 3967 2091 assai
3990 2034 4172 2091 bello.
4202 2034 4403 2108 Opera
4425 2033 4487 2090 in

707 2129 804 2187 cui
831 2129 880 2187 si
905 2148 1047 2187 com
1074 2131 1152 2204 [p.
1188 2129 1325 2199 106]
1354 2129 1596 2204 plicano
1622 2130 1678 2187 le
1702 2148 1846 2187 cose
1869 2129 1974 2204 più
1998 2129 2164 2187 facili
2188 2129 2251 2186 in
2275 2148 2393 2187 una
2416 2129 2683 2204 quantità
2706 2129 2767 2187 di
2791 2129 2986 2187 inutili
3010 2129 3468 2204 insegnamenti.

471 2325 636 2395 590.
682 2326 1060 2407 OZANAM,
1099 2326 1417 2415 L’usage
1459 2325 1637 2394 d’un
1678 2347 1976 2415 compas
2019 2325 2109 2394 de
2148 2325 2568 2415 proportion
2610 2347 2785 2394 avec
2826 2347 2923 2394 un
2962 2325 3164 2394 traité
3205 2325 3295 2394 de
3335 2325 3405 2394 la
3444 2325 3763 2394 division
3804 2325 3930 2394 des
3973 2325 4294 2415 champs,
4340 2326 4380 2394 à
4418 2325 4488 2394 la

707 2442 913 2530 Haye
951 2440 1159 2522 1691,
1192 2440 1266 2508 in
1304 2441 1411 2509 12.
1445 2440 1572 2530 fig.

707 2552 842 2609 Con
865 2570 984 2609 una
1006 2552 1224 2609 tavola.
1252 2552 1536 2609 L’autore
1561 2552 1594 2609 è
1620 2552 1981 2609 abbastanza
2002 2551 2528 2609 raccomandabile
2551 2570 2658 2626 per
2683 2570 2746 2609 se
2773 2560 2982 2609 stesso.

479 2746 644 2816 591.
692 2748 1041 2815 PACIOLO
1080 2746 1259 2815 frate
1302 2748 1500 2815 Luca
1542 2746 1614 2815 di
1658 2748 1902 2836 Borgo
1948 2747 2018 2815 S.
2068 2746 2438 2836 Sepolcro,
2488 2747 2790 2815 Summa
2832 2746 2921 2815 de
2966 2746 3430 2828 arithmetica,
3479 2746 3894 2836 geometria,
3940 2746 4403 2836 proporzioni
4448 2768 4487 2815 e

706 2861 1351 2951 pro-portionalità,
1384 2861 1729 2943 Venezia,
1761 2883 1887 2951 per
1914 2861 2303 2951 Paganino,
2345 2862 2553 2943 1494,
2586 2861 2660 2929 in
2689 2861 2739 2930 f.
2773 2861 2899 2951 fig.

709 2973 813 3030 Sul
839 2972 1232 3047 frontespizio
1260 2972 1348 3030 sia
1371 2972 1414 3029 il
1442 2972 1769 3030 sommario
1795 2973 2147 3047 dell’opera,
2175 2991 2208 3030 e
2233 2972 2423 3030 dietro
2448 2991 2528 3030 un
2552 2972 2845 3030 indirizzo
2872 2991 2906 3030 a
2928 2974 3142 3030 Marco
3170 2973 3413 3030 Sanudo
3438 2972 3814 3047 inviandogli
3838 2972 3882 3029 il
3907 2972 4060 3030 libro
4086 2972 4364 3030 dedicato
4390 2972 4489 3047 già

708 3069 763 3126 al
798 3070 972 3126 Duca
1007 3068 1327 3136 d’Urbino,
1366 3087 1542 3126 come
1578 3068 1640 3125 in
1678 3068 1912 3143 seguito
1949 3068 2158 3126 vedesi
2192 3087 2299 3143 per
2333 3069 2391 3126 la
2426 3069 2632 3126 lettera
2665 3068 2909 3126 italiana
2943 3087 2976 3126 e
3013 3068 3196 3126 latina
3230 3087 3347 3126 ove
3385 3087 3536 3126 sono
3572 3068 3810 3126 infinite
3846 3068 4194 3143 cognizioni
4230 3068 4486 3126 d’artisti

708 3165 895 3222 allora
918 3164 1161 3222 viventi.

709 3261 993 3335 Seguono
1024 3260 1129 3335 poi
1162 3260 1291 3318 altri
1325 3260 1610 3318 sommari
1642 3261 1800 3318 delle
1832 3260 2049 3335 cinque
2079 3260 2230 3335 parti
2262 3261 2599 3335 dell’opera
2629 3279 2662 3318 e
2694 3261 2752 3318 la
2781 3261 2983 3318 tavola
3013 3261 3171 3318 delle
3203 3260 3448 3318 materie
3480 3279 3513 3318 e
3544 3260 3587 3317 il
3618 3269 3773 3318 testo
3804 3261 4066 3335 procede
4096 3260 4201 3335 poi
4230 3279 4337 3335 per
4367 3261 4487 3317 224

707 3355 859 3430 fogli
887 3356 1036 3413 oltre
1062 3355 1082 3412 i
1107 3355 1543 3430 prolegomeni.
1573 3356 1621 3412 Il
1647 3364 1880 3413 trattato
1908 3355 1969 3413 di
1996 3355 2327 3430 geometria
2352 3356 2510 3413 colle
2537 3355 2733 3430 figure
2759 3355 3051 3430 impresse
3081 3355 3172 3413 sui
3199 3355 3454 3430 margini
3479 3355 3836 3413 ricomincia
3861 3374 3978 3413 con
4004 3374 4208 3413 nuovo
4236 3374 4486 3413 numero

707 3451 768 3509 di
792 3452 992 3509 tavole
1017 3452 1200 3509 dall’l
1234 3451 1366 3509 sino
1393 3452 1448 3509 al
1473 3451 1666 3526 foglio
1693 3451 1791 3519 76,
1819 3470 1935 3509 ove
1960 3452 1993 3509 è
2017 3451 2060 3508 il
2083 3451 2403 3526 privilegio
2429 3470 2462 3509 e
2486 3451 2529 3508 il
2552 3451 2822 3526 registro.

475 3647 640 3717 592.
679 3649 1081 3716 PALLADIO
1110 3647 1422 3729 Andrea,
1461 3649 1490 3715 I
1525 3647 1664 3716 due
1697 3647 1910 3737 primi
1945 3647 2107 3716 libri
2143 3647 2658 3729 dell’antichtà,
2698 3647 2764 3716 al
2801 3647 3266 3716 serenissimo
3301 3649 3510 3716 Duca
3543 3647 3615 3716 di
3652 3647 3920 3716 Savoia
3953 3669 4092 3716 con
4125 3647 4482 3737 privilegi,

716 3762 924 3844 1570,
957 3762 1031 3830 in
1060 3762 1187 3831 fol.
1221 3762 1373 3852 fig.,
1405 3784 1657 3852 presso
1688 3762 2099 3831 Domenico
2130 3762 2243 3831 de’
2281 3762 2732 3831 Franceschi.

471 3973 636 4043 593.
700 3975 1102 4042 PALLADIO
1156 3973 1468 4055 Andrea,
1533 3975 1562 4041 I
1621 3973 1760 4042 due
1819 3973 1981 4042 libri
2042 3973 2697 4055 dell’architettura,
2769 3973 2977 4055 1570,
3040 3973 3114 4041 in
3173 3973 3300 4042 fol.
3364 3973 3518 4063 fig.,
3580 3995 3831 4063 presso
3891 3973 4302 4042 Domenico
4364 3973 4477 4042 de’

706 4088 1155 4157 Franceschi.

708 4204 980 4289 Queste
1064 4203 1203 4272 due
1287 4225 1503 4293 opere
1586 4203 1709 4293 qui
1797 4214 2137 4293 separate,
2224 4203 2292 4272 le
2375 4203 2570 4293 quali
2654 4203 3043 4293 veggiamo
3128 4225 3267 4272 con
3350 4203 3773 4293 frontespizi
3859 4225 3899 4272 a
3980 4203 4136 4272 loro
4221 4203 4486 4272 addetti

706 4318 1350 4408 particolarmente,
1401 4318 1772 4387 servirono
1816 4318 1940 4408 poi
1985 4318 2180 4387 nello
2227 4329 2458 4387 stesso
2505 4340 2714 4400 anno,
2763 4340 2803 4387 a
2845 4318 3156 4387 formare
3200 4318 3596 4387 l’edizione
3641 4318 4004 4408 completa
4047 4318 4163 4387 dei
4208 4329 4486 4408 quattro

707 4433 890 4502 libri.

706 4544 823 4602 Dei
853 4545 970 4602 due
994 4547 1179 4618 primi
1210 4544 1349 4602 libri
1379 4544 1503 4602 dell
1516 4545 1839 4612 ’antichità,
1878 4545 1936 4602 la
1963 4544 2292 4602 biblioteca
2323 4544 2656 4602 Smithiana
2685 4563 2760 4602 ne
2789 4545 3131 4619 possedeva
3160 4563 3241 4602 un
3271 4545 3605 4619 esemplare
3636 4563 3669 4602 e
3701 4545 3956 4602 l’autore
3986 4553 4202 4602 teneva
4232 4544 4394 4602 forse
4424 4544 4487 4601 in

705 4640 984 4715 pensiero
1015 4640 1076 4698 di
1105 4640 1300 4698 unirvi
1328 4640 1433 4715 poi
1464 4640 1593 4698 altri
1623 4640 1775 4708 libri,
1808 4659 1983 4698 come
2015 4640 2064 4698 si
2092 4640 2409 4698 riconosce
2440 4640 2495 4698 ai
2525 4640 2660 4715 capi
2689 4642 2834 4697 XIX
2864 4659 2897 4698 e
2926 4642 3121 4708 XXV,
3154 4641 3252 4698 del
3284 4659 3392 4698 suo
3421 4640 3616 4715 primo
3647 4640 3820 4708 libro,
3852 4640 3914 4697 in
3943 4640 4040 4698 cui
4070 4640 4132 4698 fa
4162 4659 4397 4715 sperare
4427 4640 4488 4698 di

707 4736 812 4793 dar
849 4744 1050 4810 presto
1092 4736 1209 4793 alla
1248 4736 1382 4793 luce
1422 4735 1442 4792 i
1485 4735 1617 4793 suoi
1658 4735 1894 4810 disegni
1935 4735 2097 4810 degli
2139 4735 2435 4793 anfiteatri
2476 4754 2509 4793 e
2550 4735 2712 4810 degli
2755 4735 2916 4793 archi
2957 4735 3018 4793 di
3058 4735 3280 4793 trionfo
3322 4754 3355 4793 e
3396 4754 3571 4793 come
3614 4735 3663 4793 si
3703 4736 3825 4810 può
3867 4735 4343 4810 conghietturare
4384 4736 4479 4793 da’

706 4831 998 4889 materiali
1022 4831 1232 4889 inediti
1256 4831 1319 4888 in
1341 4831 1446 4906 più
1470 4831 1679 4906 luoghi
1705 4831 1993 4899 esistenti;
2019 4832 2186 4906 perla
2209 4832 2348 4906 qual
2373 4850 2519 4889 cosa
2540 4832 2733 4906 pensò
2759 4831 2820 4889 di
2843 4831 3193 4906 pubblicare
3217 4831 3443 4889 intanto
3468 4831 3488 4888 i
3513 4832 3629 4889 due
3652 4831 3830 4906 primi
3855 4831 4007 4889 libri.

706 4928 933 4985 L’altro
963 4928 1208 4985 volume
1237 4927 1335 4985 dei
1363 4928 1480 4985 due
1511 4927 1650 4985 libri
1677 4928 2142 4985 d’architettura
2173 4946 2355 4985 ancor
2380 4927 2485 5002 più
2511 4946 2643 4985 raro
2673 4928 2770 4985 del
2797 4928 3174 5002 precedente,
3205 4946 3327 4985 non
3356 4946 3550 4985 venne
3579 4927 3760 4985 citato
3790 4928 3867 4985 da
3895 4928 4070 4985 alcun
4096 4927 4483 5002 bibliografo,

706 5024 781 5081 né
806 5023 926 5081 mai
951 5023 1007 5081 ci
1033 5042 1227 5081 venne
1253 5023 1400 5081 fatto
1426 5023 1487 5081 di
1512 5042 1842 5081 conoscere
1868 5024 2015 5081 altro
2041 5024 2390 5098 esemplare.

708 5120 935 5191 Questa
977 5119 1324 5194 singolarità
1363 5128 1544 5177 mette
1585 5119 1647 5176 in
1687 5119 1891 5177 chiaro
1932 5119 1952 5176 i
1991 5119 2169 5194 primi
2210 5119 2595 5177 divisamenti
2636 5120 3012 5187 dell’autore,
3056 5138 3089 5177 e
3131 5120 3365 5177 avendo
3406 5119 3509 5177 noi
3550 5119 3889 5177 conosciuti
3929 5119 3992 5176 in
4030 5120 4196 5177 buon
4235 5138 4486 5177 numero

705 5215 1026 5273 bellissimi
1073 5215 1310 5290 disegni
1355 5215 1681 5290 palladiani
1728 5215 1937 5273 inediti
1984 5215 2045 5273 di
2090 5234 2337 5273 romane
2385 5215 2685 5283 antichità,
2736 5216 2885 5273 oltre
2932 5215 3117 5290 quelli
3164 5215 3263 5290 già
3306 5215 3637 5290 pubblicati
3684 5216 3762 5273 da
3806 5216 3966 5273 Lord
4011 5215 4386 5290 Burlington,
4438 5215 4487 5273 si

705 5310 1022 5368 riconosce
1068 5311 1187 5368 ben
1234 5310 1435 5368 chiara
1481 5310 1875 5368 l’intenzione
1923 5310 1984 5368 di
2031 5310 2301 5368 Palladio
2350 5310 2411 5368 di
2456 5310 2806 5385 pubblicare
2855 5311 3093 5368 almeno
3142 5311 3305 5385 dopo
3353 5310 3373 5367 i
3421 5311 3537 5368 due
3583 5310 3760 5385 primi
3808 5310 3961 5378 libri,
4013 5310 4142 5368 altri
4190 5311 4324 5378 due,
4375 5310 4486 5368 che

707 5425 1178 5481 componessero
1204 5406 1366 5464 forse
1391 5425 1509 5464 una
1533 5407 1934 5481 grand’opera
1956 5415 2102 5464 tutta
2125 5406 2186 5464 di
2212 5406 2511 5474 antichità,
2539 5407 2951 5464 ommettendo
2977 5406 3038 5464 di
3062 5406 3257 5464 unirvi
3281 5406 3301 5463 i
3326 5406 3461 5464 libri
3486 5406 4031 5464 dell’architettura.

477 5623 570 5711 [p.
613 5622 776 5704 107]

479 5832 644 5902 594.
675 5834 1098 5914 PALLADIO,
1129 5834 1158 5900 I
1188 5843 1466 5922 quattro
1499 5832 1661 5901 libri
1694 5832 2347 5914 dell’architettura,
2382 5832 2727 5914 Venezia,
2761 5854 2887 5922 per
2916 5832 3327 5901 Domenico
3360 5832 3473 5901 de’
3513 5832 3963 5914 Franceschi,
4007 5832 4215 5914 1570,
4250 5832 4324 5900 in
4355 5832 4482 5901 fol.

707 5947 833 6037 fig.

706 6058 903 6116 Prima
928 6058 1207 6116 edizione
1234 6058 1295 6116 di
1320 6077 1450 6116 rara
1475 6058 1825 6116 freschezza
1850 6077 1883 6116 e
1910 6058 2400 6126 conservazione,
2430 6077 2547 6116 con
2574 6058 2834 6133 foglietti
2860 6058 2922 6115 in
2947 6058 3166 6116 bianco
3192 6077 3299 6133 per
3324 6058 3477 6116 farvi
3505 6077 3539 6116 a
3562 6058 3802 6133 piacere
3829 6058 4259 6116 osservazioni:
4291 6059 4488 6133 legata

706 6154 768 6211 in
792 6154 914 6212 Vit..
943 6155 1068 6212 dor.
1097 6173 1214 6212 con
1236 6155 1426 6212 busta.

708 6249 1206 6321 Quest’edizione
1257 6249 1322 6307 fu
1371 6249 1754 6307 contraffatta
1800 6249 2314 6324 posteriormente,
2367 6268 2467 6307 ma
2514 6268 2636 6307 non
2684 6249 2747 6306 in
2796 6250 2981 6307 modo
3032 6249 3093 6307 di
3144 6249 3505 6324 abbisognar
3553 6249 3614 6307 di
3666 6249 3895 6324 segnali
3943 6268 4050 6324 per
4098 6249 4488 6324 distinguerla

707 6345 1169 6420 dall’originale,
1195 6345 1415 6420 poiché
1440 6345 1537 6403 ciò
1563 6346 1723 6403 dalla
1746 6345 2094 6403 freschezza
2117 6346 2275 6403 delle
2299 6346 2518 6413 tavole,
2546 6346 2706 6403 dalla
2729 6354 2905 6413 carta,
2933 6345 3031 6403 dai
3056 6345 3325 6403 caratteri
3352 6345 3401 6403 si
3426 6364 3690 6403 conosce
3716 6364 3750 6403 a
3771 6345 3951 6420 piena
3974 6345 4282 6403 evidenza.

2171 6657 2347 6694 WWW.
2358 6637 2734 6710 memofonte.
2748 6639 2791 6694 it
