4958 7017
1981 864 2366 922 Fondazione
2390 838 2775 922 Mernofonte
2800 865 2976 922 onlus

1390 960 1600 1018 Studio
1624 979 1731 1035 per
1754 960 2226 1018 l’elaborazione
2250 960 2632 1018 informatica
2655 961 2813 1018 delle
2838 960 2991 1018 fonti
3018 960 3571 1018 storico—artistiche

711 1266 774 1304 m
797 1248 853 1305 le
880 1266 985 1305 sue
1010 1266 1192 1322 opere
1217 1247 1498 1305 divenute
1521 1266 1666 1305 rare.

487 1463 694 1531 1720.
729 1464 1107 1531 MOREAU.
1137 1464 1576 1531 Monument
1606 1462 1701 1531 du
1733 1473 2061 1531 costume
2091 1462 2427 1552 phisique
2459 1473 2529 1531 et
2558 1462 2787 1531 moral
2819 1462 2908 1531 de
2939 1462 3009 1531 la
3038 1462 3145 1530 fin
3177 1462 3272 1531 du
3302 1464 3544 1531 XVIII
3577 1462 3819 1544 siecle,
3855 1484 3950 1531 ou
3980 1462 4266 1531 tableau
4298 1462 4387 1531 de
4418 1462 4489 1531 la

712 1577 851 1646 vie:
889 1599 929 1646 a
955 1577 1313 1646 Neuwied
1344 1599 1462 1646 sur
1489 1577 1557 1646 le
1586 1577 1777 1645 Rhin
1815 1578 2023 1659 1789,
2056 1577 2130 1645 in
2159 1577 2286 1646 fol.
2320 1599 2509 1646 max.
2544 1599 2683 1646 con
2712 1577 2802 1646 25
2837 1577 3086 1667 grandi
3115 1577 3376 1646 tavole.

713 1689 942 1760 Questo
969 1688 1122 1746 libro
1149 1688 1564 1746 curiosissimo
1589 1697 1867 1763 presenta
1890 1688 2053 1763 negli
2080 1688 2487 1746 avvenimenti
2513 1689 2611 1746 del
2637 1688 2760 1746 vita
2783 1688 2803 1745 i
2829 1688 3087 1746 costumi
3113 1689 3273 1746 della
3297 1689 3457 1746 metà
3481 1689 3579 1746 del
3607 1689 3813 1746 secolo
3840 1689 4094 1746 decorso
4121 1707 4238 1746 con
4262 1697 4408 1746 tutta
4432 1689 4490 1746 la

712 1784 913 1859 grazia
954 1803 991 1842 o
1035 1785 1093 1842 la
1134 1784 1477 1852 caricatura,
1522 1784 1565 1841 il
1608 1784 1720 1842 che
1763 1793 1933 1842 torna
1975 1785 2094 1842 allo
2140 1793 2351 1842 stesso:
2400 1803 2433 1842 e
2476 1785 2532 1842 le
2575 1784 2937 1842 descrizioni
2980 1793 3175 1842 estese
3221 1785 3375 1842 sullo
3422 1784 3554 1842 stile
3598 1784 3696 1842 dei
3738 1784 4026 1852 romanzi,
4070 1785 4341 1842 rendono
4383 1784 4488 1859 più

712 1880 1119 1938 caratteristici
1145 1880 1403 1938 animate
1428 1881 1484 1938 le
1509 1880 1876 1955 espressioni
1901 1881 1999 1938 del
2024 1880 2296 1955 disegno.

487 2076 694 2144 1721.
733 2077 1101 2144 MORELLI
1129 2077 1403 2165 Iacopo
1441 2097 1480 2144 e
1517 2075 1889 2165 Giuseppe
1926 2075 2263 2144 Gennari.
2303 2075 2516 2144 Delle
2550 2097 2819 2165 pompe
2854 2075 3122 2144 nuziali
3160 2075 3278 2165 già
3311 2086 3514 2144 usate
3548 2097 3799 2165 presso
3836 2075 3887 2143 li
3923 2075 4324 2144 Veneziani
4361 2097 4400 2144 e
4435 2075 4486 2143 li

712 2190 1100 2259 Padovani.
1134 2190 1679 2272 Dissertazioni,
1712 2192 1894 2259 Ven.
1937 2191 2145 2272 1819,
2178 2190 2252 2258 in
2280 2191 2347 2259 4.

713 2302 938 2373 Queste
970 2302 1086 2359 due
1118 2301 1535 2359 dissertazioni
1568 2302 1713 2359 altra
1744 2302 1908 2359 volta
1936 2301 2281 2376 pubblicate
2311 2320 2443 2359 rese
2473 2301 2793 2369 rarissime,
2828 2301 3045 2359 furono
3078 2320 3195 2359 con
3226 2302 3514 2376 eleganza
3542 2301 3870 2376 riprodotte
3901 2301 3963 2358 in
3994 2302 4353 2376 quest’anno
4384 2320 4490 2376 per

711 2399 921 2455 Nozze
945 2399 1228 2455 Venezze
1253 2416 1286 2455 e
1310 2397 1662 2472 Mocenigo,
1690 2399 1778 2455 M.
1814 2397 1946 2455 106.

483 2594 690 2662 1722.
723 2595 1153 2662 MOSCHENI
1175 2595 1391 2662 Dom.
1425 2593 1659 2683 Luigi,
1692 2595 1804 2662 De
1834 2593 2067 2683 Bagni
2098 2593 2170 2662 di
2200 2595 2442 2662 Lucca
2468 2604 2770 2675 trattato,
2803 2595 3045 2662 Lucca
3081 2594 3289 2675 1792,
3322 2593 3396 2661 in
3429 2594 3491 2662 8.
3526 2593 3652 2683 fig.

712 2705 847 2762 Con
870 2723 989 2762 una
1013 2723 1157 2779 gran
1180 2705 1383 2762 tavola
1406 2705 1504 2762 del
1527 2713 1820 2779 progetto.

479 2901 686 2969 1723.
717 2902 1007 2969 NADAL
1032 2902 1138 2969 M.
1175 2900 1470 2982 l’Abbé,
1507 2900 1825 2969 Histoire
1858 2900 1984 2969 des
2019 2900 2375 2982 Vestales,
2414 2900 2647 2969 suivie
2680 2900 2858 2969 d’un
2889 2900 3092 2969 traité
3125 2900 3220 2969 du
3252 2900 3421 2969 luxe
3454 2900 3581 2969 des
3616 2900 3864 2969 dames
3898 2922 4255 2982 romanes,
4291 2900 4485 2969 Paris

721 3015 929 3097 1725,
962 3015 1036 3083 in
1074 3016 1181 3084 12.

713 3127 914 3201 Opera
937 3126 1166 3184 erudita
1188 3145 1310 3184 non
1336 3127 1468 3184 solo
1494 3145 1527 3184 e
1550 3145 1696 3194 rara,
1722 3145 1822 3184 ma
1844 3126 1989 3184 utile
2012 3145 2119 3201 per
2142 3145 2471 3184 conoscere
2496 3127 2552 3184 le
2577 3135 2965 3184 costumanze
2990 3127 3150 3184 della
3173 3126 3296 3184 vita
3317 3126 3548 3201 privata
3571 3126 3734 3201 degli
3760 3126 3998 3184 antichi.

483 3322 690 3390 1724.
723 3323 1083 3390 NAPIONE
1107 3321 1323 3390 Carlo
1352 3321 1699 3403 Antonio,
1731 3321 2096 3390 Memoria
2126 3321 2236 3390 sul
2265 3321 2626 3403 Lincurio,
2659 3323 2896 3390 Roma
2932 3321 3140 3403 1795,
3173 3321 3247 3389 in
3275 3322 3343 3403 4,
3375 3323 3481 3390 M.
3524 3322 3631 3390 10.

479 3532 686 3601 1725.
749 3534 1008 3601 NEGHI
1061 3533 1328 3601 Cesare
1387 3532 1739 3601 milanese
1799 3532 1993 3601 detto
2053 3532 2105 3600 il
2164 3532 2598 3614 Trombone,
2660 3534 2925 3601 Nuova
2989 3534 3082 3622 [p.
3147 3533 3318 3615 298]
3385 3532 3820 3601 invenzione
3880 3532 3952 3601 di
4010 3532 4207 3614 balli,
4271 3554 4489 3622 opera

712 3647 1159 3737 vaghissima
1187 3647 1423 3716 divisa
1450 3647 1524 3715 in
1552 3658 1654 3716 tre
1682 3647 1962 3729 trattati,
1994 3647 2279 3716 Milano
2318 3647 2526 3729 1604,
2559 3647 2633 3715 in
2662 3647 2789 3716 fol.
2823 3647 2949 3737 fig.

711 3760 795 3816 Le
825 3758 1019 3833 figure
1048 3758 1109 3816 di
1138 3767 1351 3833 questo
1382 3759 1645 3826 volume,
1676 3758 1739 3815 in
1767 3777 2017 3816 numero
2047 3758 2108 3816 di
2138 3758 2214 3816 58
2246 3759 2395 3816 oltre
2423 3758 2466 3815 il
2493 3758 2717 3816 ritratto
2748 3759 3123 3826 dell’autore,
3155 3758 3372 3816 furono
3402 3758 3712 3833 disegnate
3743 3759 3820 3816 da
3848 3758 3985 3816 Gio.
4017 3760 4235 3816 Mauro
4264 3758 4488 3816 Boveri

711 3854 1003 3912 milanese
1039 3855 1201 3912 detto
1237 3854 1280 3911 il
1315 3854 1801 3929 Fiamminghino
1838 3873 1871 3912 e
1907 3854 2123 3912 furono
2159 3854 2465 3929 intagliate
2501 3855 2578 3912 da
2611 3856 2815 3912 Leone
2850 3854 3238 3912 Pallavicino.
3277 3855 3561 3912 L’autore
3596 3854 3831 3912 intitola
3865 3854 3907 3911 li
3946 3855 3978 3912 8
4015 3854 4229 3912 trattati
4267 3856 4486 3918 Grazie

711 3951 753 4008 d
765 3952 990 4008 ’amore
1016 3969 1049 4008 e
1073 3950 1296 4008 trovasi
1322 3950 1510 4008 anche
1534 3950 1829 4025 impressa
1853 3951 1905 4008 a’
1940 3950 2072 4008 suoi
2097 3950 2306 4025 luoghi
2331 3951 2389 4008 la
2412 3950 2646 4008 musica
2669 3950 2767 4008 dei
2790 3950 3036 4008 balletti.

487 4145 694 4214 1726.
729 4147 926 4214 NERI
949 4145 1295 4227 Antonio,
1330 4146 1570 4214 L’arte
1601 4145 1903 4214 vetraria
1933 4145 2225 4214 distinta
2254 4145 2328 4213 in
2362 4156 2538 4214 sette
2569 4145 2753 4227 libri,
2788 4146 2902 4214 ne’
2942 4145 3137 4235 quali
3172 4145 3231 4214 si
3265 4167 3623 4235 scoprono
3656 4145 3888 4214 effetti
3920 4145 4415 4235 maravigliosi
4448 4167 4487 4214 e

712 4260 1112 4350 insegnano
1145 4260 1404 4350 segreti
1432 4260 1840 4342 bellissimi,
1872 4260 2189 4342 Firenze,
2221 4282 2472 4350 presso
2502 4260 2525 4328 i
2556 4260 2829 4342 Giunti,
2871 4260 3078 4329 1612.
3113 4262 3428 4342 Intonso,
3461 4260 3535 4328 in
3568 4261 3630 4329 8.

483 4491 690 4559 1727.
723 4492 921 4559 NERI
942 4490 1288 4572 Antonio,
1321 4492 1424 4559 La
1454 4501 1683 4559 stessa
1711 4512 1929 4580 opera
1959 4501 2310 4580 stampata
2337 4490 2411 4558 in
2440 4490 2766 4559 Venezia
2792 4512 3043 4580 presso
3072 4490 3385 4559 Niccolò
3415 4492 3760 4572 Pezzana,
3802 4491 4010 4572 1787,
4043 4490 4117 4558 in
4150 4491 4212 4559 8.

491 4721 698 4789 1728.
745 4722 943 4789 NERI
979 4720 1325 4802 Antonio,
1372 4722 1484 4789 De
1530 4731 1673 4789 arte
1717 4720 2003 4789 vitraria
2045 4720 2207 4789 libri
2251 4722 2386 4789 VII
2430 4731 2499 4789 et
2541 4720 2615 4788 in
2659 4720 2960 4789 eosdem
3003 4720 3413 4810 Christoph.
3461 4720 3784 4789 Merretti
3829 4720 4372 4789 observationes
4419 4731 4489 4789 et

712 4846 901 4917 nota,
933 4835 1468 4904 Amstelodami
1507 4835 1715 4917 1668,
1748 4835 1822 4903 in
1855 4836 1918 4917 8,
1951 4835 2077 4925 fig.

487 5047 694 5116 1729.
736 5048 934 5115 NERI
964 5048 1235 5115 Merret
1272 5057 1341 5115 et
1378 5046 1733 5128 Kunckel,
1774 5047 1906 5115 Art
1943 5046 2032 5115 de
2070 5046 2140 5115 la
2176 5046 2483 5115 verrerie
2524 5068 2612 5115 au
2650 5046 2818 5136 quel
2857 5068 2952 5115 on
2992 5068 3032 5115 a
3070 5046 3308 5136 ajouté
3346 5046 3414 5115 le
3452 5046 3579 5116 Sol
3615 5049 3771 5115 sine
3810 5060 4004 5116 veste
4044 5046 4481 5115 d’Orschall.

709 5161 1352 5249 L’Helioscopium
1393 5161 1698 5242 videndi,
1752 5161 1817 5230 le
1860 5161 2187 5249 chapitre
2224 5164 2326 5229 XI
2359 5161 2449 5230 de
2493 5161 2564 5230 la
2605 5161 2830 5230 Flora
2872 5163 3340 5237 Saturnizans
3383 5161 3472 5230 de
3513 5161 3841 5230 Henckel
3883 5172 4014 5230 etc.
4064 5161 4360 5230 Traduit
4397 5161 4487 5230 de

714 5276 1145 5345 l’allemand
1161 5300 1309 5364 par
1330 5279 1429 5345 M.
1464 5279 1551 5345 D.
1575 5278 1681 5358 **,
1715 5276 1909 5345 Paris
1949 5276 2157 5358 1752,
2190 5276 2264 5344 in
2292 5277 2360 5358 4,
2393 5276 2519 5366 fig.

713 5388 914 5462 Opera
937 5388 995 5445 la
1016 5387 1121 5462 più
1145 5388 1447 5462 completa
1469 5387 1532 5444 in
1556 5396 1768 5462 questa
1791 5387 2054 5455 materia,
2082 5406 2199 5445 con
2223 5388 2408 5445 molte
2434 5387 2642 5462 grandi
2666 5388 2867 5445 tavole
2891 5387 3082 5445 incise
3106 5387 3168 5444 in
3190 5406 3355 5445 rame
3381 5388 3433 5445 a’
3465 5387 3674 5462 luoghi
3697 5387 4033 5445 richiamati
4058 5388 4156 5445 dal
4180 5396 4351 5445 testo.

479 5584 686 5652 1730.
739 5585 1097 5665 NICOLAI,
1150 5585 1288 5652 Les
1340 5594 1586 5673 quatre
1634 5583 1979 5673 premiers
2030 5583 2246 5652 livres
2298 5583 2425 5652 des
2477 5583 2932 5673 navigations
2984 5594 3053 5652 et
3099 5583 3667 5673 peregrinations
3719 5583 4100 5652 orientales
4153 5605 4329 5652 avec
4379 5583 4484 5652 les

712 5698 983 5788 figures
1016 5720 1104 5767 au
1133 5698 1407 5767 naturel
1435 5709 1584 5767 tant
1612 5698 1681 5767 d’
1719 5698 2076 5780 hommes,
2109 5720 2249 5788 que
2279 5698 2405 5767 des
2436 5698 2770 5780 femuies,
2805 5699 2845 5767 à
2872 5698 3056 5767 Lion
3094 5698 3302 5780 1568,
3335 5698 3409 5766 in
3438 5698 3565 5767 fol.
3599 5698 3726 5788 fig.

712 5809 901 5867 Citasi
936 5809 1326 5867 un’edizione
1361 5810 1459 5867 del
1501 5809 1675 5877 1567,
1711 5828 1811 5867 ma
1843 5811 2068 5867 Brunet
2101 5810 2134 5867 e
2169 5809 2526 5884 d’opinione
2561 5809 2672 5867 che
2708 5809 2807 5884 già
2840 5810 2898 5867 la
2931 5809 3266 5867 medesima
3299 5809 3360 5867 di
3395 5818 3621 5884 questa.
3659 5811 3744 5867 Le
3778 5810 3978 5867 tavole
4015 5828 4165 5867 sono
4201 5809 4262 5867 di
4295 5809 4488 5884 prima

711 5904 1110 5979 impressione
1138 5923 1171 5962 e
1197 5904 1551 5979 ragionevol
1579 5904 1833 5979 disegno
1861 5904 1924 5961 in
1950 5923 2201 5962 numero
2230 5904 2291 5962 di
2320 5904 2416 5962 60.
2447 5887 2495 5961 È
2522 5905 2726 5979 duopo
2753 5904 2815 5961 in
2842 5904 3037 5979 questi
3065 5904 3269 5979 viaggi
3297 5923 3608 5962 osservare
3638 5923 3701 5962 se
3732 5904 3820 5962 sia
3846 5904 4117 5962 mutilata
4143 5905 4201 5962 la
4226 5905 4428 5962 tavola
4455 5923 4489 5962 a

712 6009 870 6058 carte
902 6001 1016 6057 114
1041 6000 1350 6058 intitolata.
1382 6000 1744 6058 Calendrier
1762 6000 2078 6074 Religieux
2104 6003 2271 6058 Turc.

483 6197 690 6265 1731.
742 6198 854 6265 De
900 6198 1239 6265 NICOLAI
1278 6196 1569 6278 Nicolò,
1620 6198 1720 6265 Le
1767 6196 2230 6286 navigazioni
2279 6207 2348 6265 et
2393 6196 2636 6286 viaggi
2684 6196 2841 6265 fatti
2889 6196 3081 6265 nella
3126 6196 3452 6265 Turchia.
3504 6198 4011 6265 Nuovamente
4057 6196 4364 6265 tradotto
4413 6196 4486 6265 di

712 6311 1040 6380 francese
1076 6311 1150 6379 in
1185 6311 1480 6380 italiano
1517 6311 1609 6380 da
1642 6313 2042 6380 Francesco
2079 6311 2269 6380 Fiori
2306 6311 2397 6380 da
2431 6311 2618 6380 Lillà
2653 6311 3053 6380 aritmetico
3090 6333 3229 6380 con
3267 6322 3772 6380 sessantasette
3807 6311 4042 6401 figure
4077 6311 4378 6380 naturali
4415 6311 4487 6380 di

711 6426 991 6495 uomini
1022 6448 1061 6495 e
1091 6426 1163 6495 di
1194 6426 1454 6508 donne,
1487 6426 1832 6508 Venezia,
1864 6448 2115 6516 presso
2144 6428 2545 6495 Francesco
2575 6426 2836 6495 Ziletti.
2879 6426 3087 6508 1580,
3120 6426 3194 6494 in
3223 6426 3350 6495 fol.

2171 6657 2347 6694 WWW.
2358 6637 2734 6710 memofonte.
2748 6639 2791 6694 il
