4958 7017
1981 864 2366 922 Fondazione
2390 864 2775 922 Memofonte
2800 865 2976 922 onlus

1390 960 1600 1018 Studio
1624 979 1731 1035 per
1754 960 2226 1018 l’elaborazione
2250 960 2632 1018 informatica
2655 961 2813 1018 delle
2838 960 2991 1018 fonti
3018 960 3571 1018 storico—artistiche

714 1248 878 1305 Sono
903 1247 965 1304 in
989 1247 1471 1322 quest’edizione
1495 1247 1788 1322 impresse
1813 1248 1869 1305 le
1894 1248 2009 1304 211
2040 1248 2240 1305 tavole
2264 1247 2326 1304 in
2350 1248 2530 1322 legno
2556 1247 2949 1305 dell’Alciato
2975 1247 3086 1305 che
3111 1247 3319 1305 videro
3345 1248 3403 1305 la
3426 1248 3560 1305 luce
3585 1247 3748 1322 negli
3773 1247 4060 1305 emblemi
4085 1248 4183 1305 del
4215 1247 4389 1305 1564.

483 1443 690 1513 1954.
739 1444 1180 1512 SCARLATTI
1221 1445 1309 1512 D.
1362 1443 1678 1525 Ottavio,
1729 1443 2096 1512 L’huomo
2145 1465 2184 1512 e
2234 1465 2360 1512 sue
2406 1443 2586 1533 parti
2634 1443 2945 1533 figurato
2994 1465 3033 1512 e
3083 1443 3470 1512 simbolico
3517 1443 3834 1512 raccolto
3883 1465 3922 1512 e
3972 1443 4298 1533 spiegato
4347 1465 4486 1512 con

712 1558 967 1648 figure,
1006 1558 1321 1640 simboli,
1358 1558 1724 1640 emblemi,
1761 1558 2193 1648 geroglifici,
2229 1558 2303 1626 in
2336 1558 2475 1627 due
2508 1558 2670 1627 libri
2704 1558 2999 1627 distinto
3033 1580 3172 1627 con
3206 1558 3572 1627 addizioni
3606 1580 3645 1627 e
3676 1558 3917 1627 tavole
3950 1558 4483 1648 copiosissime,

712 1673 1048 1763 Bologna
1084 1673 1292 1755 1684,
1325 1673 1399 1741 in
1428 1673 1555 1742 fol.
1589 1673 1716 1763 fig.

711 1784 1053 1842 Domenico
1085 1786 1404 1842 Bonavera
1433 1784 1684 1859 intaglio
1717 1785 1773 1842 le
1805 1784 2056 1859 copiose
2087 1785 2305 1852 tavole,
2340 1803 2373 1842 e
2404 1784 2447 1841 il
2480 1784 2874 1859 frontespizio
2907 1784 2968 1842 di
3000 1785 3386 1859 quest’opera
3416 1784 3803 1842 voluminosa
3833 1784 3894 1842 di
3926 1784 4086 1842 circa
4119 1785 4237 1842 800
4268 1784 4487 1859 pagine

710 1899 870 1955 poco
896 1880 1191 1938 dissimile
1216 1881 1293 1938 da
1316 1881 1517 1955 quella
1540 1881 1638 1938 del
1662 1880 1954 1938 Picinelli:
1984 1899 2017 1938 e
2042 1881 2202 1938 della
2225 1880 2561 1938 medesima
2584 1880 2891 1938 mediocre
2915 1880 3302 1955 importanza.

483 2075 690 2145 1955.
722 2076 1278 2144 SCHOONHOVII
1301 2075 1664 2157 Florentii,
1697 2075 2151 2144 Emblemata
2178 2075 2437 2165 partim
2466 2075 2788 2157 moralia,
2821 2075 3080 2165 partim
3110 2075 3328 2144 etiam
3358 2075 3606 2144 civilia
3635 2086 3792 2157 etc.,
3827 2075 4132 2144 Goudae
4171 2075 4379 2157 1618,
4413 2075 4487 2143 in

711 2191 779 2272 4,
811 2212 878 2280 p.
912 2190 1244 2280 figurato.

714 2302 878 2359 Sono
910 2302 989 2359 74
1021 2301 1308 2359 emblemi
1339 2301 1400 2359 di
1429 2302 1635 2359 buono
1667 2302 1744 2359 ed
1775 2310 2051 2359 accurato
2082 2301 2332 2376 intaglio
2364 2302 2513 2359 oltre
2543 2301 2587 2358 il
2616 2301 2841 2359 ritratto
2873 2302 3230 2359 dell’autore
3261 2302 3337 2359 ed
3366 2301 3409 2358 il
3441 2301 3853 2376 frontespizio,
3885 2301 4078 2376 prima
4108 2302 4184 2359 ed
4214 2302 4487 2376 elegante

712 2397 1007 2455 edizione.

483 2593 690 2663 1956.
748 2594 1304 2662 SCHOONHOVII
1353 2593 1693 2662 Florentii
1751 2595 1798 2662 I.
1860 2594 1942 2662 C.
2004 2593 2365 2675 Goudani,
2424 2593 2879 2662 Emblemata
2932 2593 3191 2683 partim
3246 2593 3569 2675 moralia,
3628 2593 3887 2683 partim
3943 2593 4161 2662 etiam
4217 2593 4483 2675 civilia,

711 2708 1268 2790 Amstelodami,
1303 2708 1492 2798 apud
1519 2710 1873 2777 Ioannem
1900 2708 2347 2790 Iansonium,
2389 2708 2597 2790 1648,
2630 2708 2704 2776 in
2731 2709 2799 2790 4,
2832 2708 2958 2798 fig.

714 2820 878 2877 Sono
908 2820 964 2877 le
995 2828 1183 2877 stesse
1211 2820 1411 2877 tavole
1440 2820 1538 2877 del
1565 2820 1924 2894 precedente
1952 2838 2074 2877 non
2103 2819 2293 2877 anche
2322 2820 2549 2894 logore,
2581 2838 2680 2877 ma
2706 2819 2750 2876 il
2779 2819 2932 2877 libro
2962 2820 2995 2877 e
3026 2828 3319 2894 stampato
3349 2838 3466 2877 con
3494 2820 3784 2894 eleganza
3811 2819 3872 2877 di
3900 2819 4008 2894 tipi
4036 2819 4347 2894 maggiore
4376 2819 4487 2877 che

711 2916 871 2973 nella
892 2915 1086 2990 prima
1109 2915 1404 2973 edizione.

483 3130 690 3200 1957.
742 3130 1042 3199 Simone
1088 3130 1447 3212 Gabriele,
1496 3130 1812 3220 Dialogo
1857 3130 1981 3220 pio
2028 3141 2097 3199 et
2143 3130 2591 3220 speculativo
2638 3152 2777 3199 con
2823 3130 3106 3199 diverse
3154 3141 3491 3199 sentenze
3537 3130 3755 3199 latine
3801 3152 3840 3199 e
3885 3130 4184 3220 volgari,
4233 3130 4483 3212 Lione,

711 3267 962 3335 presso
993 3245 1415 3335 Guglielmo
1445 3245 1790 3327 Rovillio,
1832 3245 2040 3327 1560,
2073 3245 2147 3313 in
2175 3246 2243 3327 4,
2276 3245 2402 3335 fig.

712 3356 847 3413 Con
871 3355 1107 3413 diverse
1132 3355 1452 3430 medaglie,
1479 3355 1740 3430 imprese
1765 3374 1798 3413 e
1822 3355 2197 3413 monumenti
2221 3355 2514 3430 intagliati
2538 3355 2601 3412 in
2625 3356 2806 3430 legno
2832 3355 3115 3413 collocati
3140 3355 3230 3413 fra
3252 3355 3295 3412 il
3319 3364 3490 3413 testo.

491 3551 698 3621 1958.
735 3551 1035 3620 Simone
1066 3551 1426 3633 Gabriele,
1460 3553 1561 3620 Le
1595 3551 2049 3620 sentenziose
2079 3551 2392 3641 imprese
2424 3562 2494 3620 et
2523 3551 2816 3641 dialogo
2850 3551 2916 3620 al
2948 3551 3431 3620 Serenissimo
3463 3553 3671 3620 Duca
3700 3551 3772 3620 di
3806 3551 4093 3633 Savoia,
4127 3551 4201 3619 in
4232 3551 4483 3633 Lione,

714 3688 1056 3756 appresso
1087 3666 1509 3756 Guglielmo
1539 3666 1906 3756 Roviglio,
1948 3666 2156 3748 1560,
2189 3666 2263 3734 in
2291 3667 2359 3748 4,
2392 3666 2518 3756 fig.

711 3777 1004 3835 Edizione
1028 3777 1216 3835 nitida
1239 3796 1272 3835 e
1296 3777 1505 3852 intagli
1530 3777 1790 3852 eleganti
1814 3777 1877 3834 in
1900 3796 2151 3835 numero
2177 3777 2238 3835 di
2270 3777 2381 3835 125
2408 3778 2625 3835 tavole.

483 3973 690 4043 1959.
731 3974 1135 4055 SPERLING,
1173 3973 1538 4042 Iudicium
1577 3973 1849 4042 Paridis
1890 3975 2031 4041 XX
2072 3973 2625 4042 emblematibus
2667 3973 3097 4042 illustratum
3137 3995 3305 4042 cum
3345 3973 3704 4063 germanis
3747 3984 3816 4042 et
3854 3973 4093 4042 latinis
4134 3973 4484 4055 versibus,

711 4089 899 4178 Aug.
933 4088 1248 4170 Vindel.,
1284 4088 1438 4157 sine
1469 4110 1678 4170 anno,
1712 4088 1786 4156 in
1815 4088 1942 4157 fol.

714 4200 878 4257 Sono
906 4200 983 4257 30
1008 4200 1208 4257 tavole
1233 4199 1294 4257 di
1317 4199 1720 4274 bell’intaglio
1747 4218 1864 4257 con
1887 4199 2281 4257 illustrazioni
2306 4199 2487 4257 latine
2511 4199 2812 4257 tedesche.

477 4416 570 4504 [p.
606 4415 776 4497 332]

479 4644 686 4714 1960.
752 4646 1158 4712 TAFEREEL
1221 4645 1445 4729 (van),
1513 4644 1918 4713 Sinne-mal
1979 4644 2352 4713 Zeeusche
2414 4644 2860 4734 Nachtegael
2922 4644 3106 4713 ende
3168 4644 3295 4713 des
3361 4644 3506 4713 self
3561 4644 3940 4734 dryderley
4002 4666 4274 4734 gesang
4334 4655 4484 4726 tot.,

712 4759 1131 4828 Rotterdam
1168 4759 1376 4841 1632,
1409 4759 1483 4827 in
1521 4760 1629 4841 12,
1662 4759 1788 4849 fig.

711 4870 975 4928 Libretto
999 4889 1106 4945 per
1128 4879 1392 4928 traverso
1418 4871 1479 4928 di
1504 4870 1707 4928 favole
1733 4889 1766 4928 e
1789 4870 2000 4945 poesie
2025 4889 2142 4928 con
2166 4870 2291 4928 vari
2316 4870 2603 4928 emblemi
2628 4870 2869 4945 figurati
2894 4889 2981 4928 ec.

483 5065 690 5135 1961.
745 5067 1058 5134 TRESOR
1105 5065 1203 5150 (le
1252 5065 1457 5155 petit)
1512 5065 1638 5134 des
1692 5065 1967 5134 artistes
2020 5076 2089 5134 et
2138 5065 2264 5134 des
2318 5076 2672 5134 amateurs
2725 5065 2851 5134 des
2905 5076 3041 5134 arts
3094 5087 3189 5134 ou
3241 5065 3457 5155 guide
3509 5065 3685 5134 dans
3737 5065 3805 5134 le
3856 5065 4073 5134 choix
4125 5065 4214 5134 de
4267 5065 4486 5155 sujets

714 5180 1194 5270 allégoriques
1228 5202 1323 5249 ou
1355 5180 1954 5270 emblématiques
1988 5191 2119 5249 etc.
2156 5202 2473 5270 ouvrage
2505 5181 2678 5249 orné
2711 5180 2800 5249 de
2830 5180 2992 5270 plus
3026 5180 3115 5249 de
3145 5181 3291 5249 400
3323 5180 3476 5270 fig.,
3511 5180 3705 5249 Paris
3741 5202 3849 5249 an.
3885 5182 4053 5249 VIII
4085 5180 4174 5249 de
4205 5180 4275 5249 la
4305 5182 4482 5270 Rep.

711 5297 842 5377 Fr.,
877 5296 916 5364 3
950 5295 1094 5364 vol.
1128 5295 1202 5363 in
1235 5296 1297 5364 8.
1330 5295 1452 5364 rel.
1486 5295 1560 5363 in
1588 5317 1756 5364 uno.

713 5407 914 5481 Opera
937 5406 998 5464 di
1022 5406 1328 5464 mediocre
1353 5406 1733 5474 esecuzione,
1763 5406 2043 5464 servibile
2066 5425 2173 5481 per
2196 5406 2279 5481 gli
2306 5406 2462 5464 studi
2487 5406 2852 5464 elementari.

483 5602 690 5672 1962.
726 5603 1119 5671 SYMBOLA
1143 5602 1390 5671 divina
1418 5613 1487 5671 et
1514 5602 1829 5671 humana
1855 5602 2323 5692 pontificalis,
2356 5602 2889 5692 imperatorum,
2921 5624 3195 5692 regum,
3227 5613 3429 5671 tomo
3460 5604 3508 5684 I,
3551 5602 3758 5671 1601.

710 5760 809 5765 —
839 5717 1190 5807 Symbola
1217 5717 1414 5786 varia
1442 5717 1895 5786 diversorum
1922 5717 2351 5807 principum,
2383 5728 2428 5786 t.
2465 5717 2807 5799 secondo,
2849 5717 3057 5799 1602,
3091 5739 3130 5786 e
3159 5717 3211 5785 il
3239 5728 3435 5786 terzo
3464 5728 3666 5786 tomo
3704 5717 3912 5799 1603,
3945 5717 4019 5785 in
4048 5717 4175 5786 fol.

711 5829 1007 5886 Anselmo
1038 5828 1099 5886 di
1128 5829 1318 5886 Bordt
1346 5847 1638 5903 compose
1668 5829 1724 5886 le
1754 5828 2148 5886 illustrazioni
2179 5829 2277 5886 del
2309 5829 2341 5886 3
2375 5829 2641 5896 volume;
2674 5829 2751 5886 ed
2779 5828 2997 5903 Egidio
3030 5829 3276 5886 Sadeler
3303 5828 3553 5903 intaglio
3584 5829 3640 5886 le
3670 5828 4166 5886 numerosissime
4196 5829 4396 5886 tavole
4426 5828 4487 5886 di

712 5925 1099 5999 quest’opera
1122 5925 1318 5999 legata
1340 5924 1402 5981 in
1426 5943 1506 5982 un
1533 5925 1665 5982 solo
1691 5925 1953 5982 volume.

487 6138 694 6208 1963.
759 6139 1151 6207 SYMBOLA
1209 6138 1456 6207 divina
1514 6149 1583 6207 et
1638 6138 1953 6207 humana
2008 6138 2465 6228 pontificum,
2527 6138 3060 6228 imperatorum,
3121 6160 3394 6228 regum:
3461 6138 3768 6207 accessit
3822 6138 4062 6207 brevis
4123 6149 4192 6207 et
4248 6138 4486 6207 facilis

712 6255 1018 6343 Isagoge
1046 6255 1191 6322 Jac.
1225 6253 1537 6343 Typotii,
1579 6253 1787 6335 1666,
1820 6253 1894 6321 in
1932 6254 2040 6335 12,
2073 6253 2225 6343 fig.,
2261 6275 2478 6322 senza
2505 6253 2750 6343 luogo.

712 6365 847 6422 Con
869 6364 974 6439 più
998 6364 1059 6422 di
1086 6365 1205 6422 370
1231 6364 1517 6422 emblemi
1541 6364 1835 6439 intagliati
1859 6364 1921 6421 in
1943 6383 2125 6422 rame.

2171 6657 2347 6694 WWW.
2358 6637 2734 6710 memofonte.
2748 6639 2791 6694 il
