4958 7017
1981 864 2366 922 Fondazione
2390 838 2775 922 Memofonte
2800 865 2976 922 onlus

1390 960 1600 1018 Studio
1624 979 1731 1035 per
1754 960 2226 1018 l’elaborazione
2250 960 2632 1018 informatica
2655 961 2813 1018 delle
2838 960 2991 1018 fonti
3018 960 3571 1018 storico—artistiche

698 1249 786 1305 M.
815 1248 890 1305 de
914 1248 1105 1315 Porel,
1131 1247 1294 1305 Paris
1327 1248 1501 1315 1787,
1528 1247 1590 1304 in
1617 1248 1669 1305 8.

473 1439 655 1497 4533.
687 1440 1101 1497 CATALOGUE
1128 1440 1277 1497 d’un
1305 1440 1603 1497 excellent
1629 1448 1687 1497 et
1712 1439 1997 1514 precieux
2025 1439 2282 1497 Cabinet
2308 1440 2383 1497 de
2410 1439 2721 1497 Desseins:
2752 1448 3115 1514 provenants
3144 1440 3225 1497 du
3253 1439 3510 1497 Cabinet
3536 1440 3611 1497 de
3638 1441 3726 1497 M.
3757 1439 3912 1497 John
3938 1440 4222 1507 Bernard,
4253 1440 4400 1497 dans
4430 1440 4488 1497 la

699 1544 874 1593 vente
900 1535 1043 1593 faite
1068 1554 1144 1593 en
1175 1536 1350 1603 1787,
1377 1536 1664 1603 Londres,
1691 1535 1753 1592 in
1780 1536 1832 1593 8.

473 1726 655 1784 4534.
689 1728 973 1784 FOLLIOT
1003 1735 1061 1784 et
1091 1727 1166 1784 de
1198 1727 1256 1784 la
1285 1727 1509 1794 Lande,
1544 1727 1876 1801 Catalogue
1908 1727 2014 1784 des
2046 1727 2343 1794 tableaux,
2378 1726 2670 1794 desseins,
2705 1735 3024 1801 estampes,
3059 1727 3322 1784 marbres
3355 1735 3465 1784 etc.
3501 1727 3647 1784 dont
3677 1727 3735 1784 la
3765 1735 3940 1784 vente
3973 1727 4007 1784 a
4037 1727 4130 1784 été
4163 1726 4306 1784 faite
4338 1727 4485 1784 dans

699 1822 912 1880 l’hotel
936 1822 1242 1890 Bouillon,
1269 1822 1432 1880 Paris
1465 1823 1640 1890 1787,
1667 1822 1728 1879 in
1755 1823 1807 1880 8.

473 2014 655 2072 4535.
687 2016 980 2082 PAILLET,
1013 2015 1347 2089 Catalogue
1377 2015 1563 2072 d’une
1591 2015 1751 2072 belle
1781 2014 2069 2072 collction
2098 2015 2204 2072 des
2235 2014 2508 2072 desseins
2539 2015 2614 2072 de
2643 2014 2781 2072 troit
2809 2015 3012 2072 écoles
3043 2023 3153 2072 etc.
3187 2015 3243 2072 le
3272 2023 3400 2072 tout
3426 2023 3759 2089 provenant
3787 2015 3862 2072 de
3890 2014 4187 2089 plusieurs
4218 2014 4486 2072 cabinets

699 2111 986 2178 celebres,
1013 2110 1176 2168 Paris
1209 2111 1383 2178 1787,
1410 2110 1472 2167 in
1499 2111 1552 2178 8,
1579 2113 1678 2168 coi
1693 2113 1912 2184 prezzi.

473 2301 655 2359 4536.
682 2303 975 2369 PAILLET,
1003 2302 1337 2376 Catalogue
1362 2302 1547 2359 d’une
1572 2301 1897 2359 collection
1919 2301 2232 2376 précieuse
2257 2302 2332 2359 de
2356 2302 2635 2359 tableaux
2659 2302 2765 2359 des
2790 2301 2934 2359 trois
2960 2302 3182 2369 écoles,
3210 2310 3268 2359 et
3292 2310 3485 2359 autres
3512 2302 3706 2376 objets
3732 2310 3864 2369 etc.,
3891 2301 4053 2359 Paris
4086 2302 4260 2369 1787,
4287 2301 4349 2358 in
4376 2302 4428 2359 8.

473 2493 655 2551 4537.
682 2495 885 2550 REMY
908 2502 966 2551 et
987 2493 1210 2561 Juillot,
1238 2494 1571 2568 Catalogue
1596 2494 1702 2551 des
1727 2494 2024 2561 tableaux,
2052 2494 2334 2561 marbres,
2360 2494 2616 2551 bronzes
2642 2502 2752 2551 etc.
2782 2512 2952 2568 apres
2978 2494 3065 2551 les
3091 2494 3271 2551 décés
3297 2494 3372 2551 de
3396 2495 3484 2551 M.
3511 2494 3841 2568 Beaujeon,
3868 2493 4030 2551 Paris
4063 2494 4237 2561 1787,
4264 2493 4326 2550 in
4353 2494 4405 2551 8.

2171 2686 2788 2743 MDCCLXXXVIII

473 2781 655 2839 4538.
692 2783 1008 2839 BARTSCH
1041 2782 1259 2849 Adam,
1297 2782 1631 2856 Catalogue
1664 2781 1944 2839 raisonné
1979 2782 2054 2839 de
2088 2790 2283 2839 toutes
2319 2782 2407 2839 les
2443 2790 2762 2856 estampes,
2800 2781 2903 2856 qui
2939 2781 3200 2839 forment
3233 2782 3507 2839 l’oeuvre
3542 2782 3617 2839 de
3651 2783 3845 2839 Lucas
3881 2782 3956 2839 de
3990 2782 4213 2856 Leyde,
4250 2781 4487 2839 Vienne

706 2877 881 2944 1788,
907 2876 969 2933 in
996 2877 1048 2934 8.

473 3068 655 3127 4539.
688 3070 772 3126 Le
802 3070 1014 3136 BRUN,
1048 3069 1380 3143 Catalogue
1411 3069 1596 3126 d’une
1625 3068 1938 3143 précieuse
1969 3068 2294 3126 collection
2324 3069 2399 3126 de
2435 3070 2513 3143 [p.
2550 3069 2691 3138 304]
2727 3069 3006 3126 tableaux
3036 3077 3094 3126 et
3123 3069 3318 3143 objets
3348 3087 3506 3126 rares
3538 3069 3618 3126 du
3648 3068 3904 3126 Cabinet
3933 3069 4008 3126 de
4038 3070 4126 3126 M.
4161 3069 4217 3126 le
4247 3070 4381 3126 Duc
4413 3069 4488 3126 de

699 3164 893 3232 Ch...,
920 3164 1083 3222 Paris
1116 3165 1290 3232 1788,
1317 3164 1379 3221 in
1406 3165 1458 3222 8.

473 3355 655 3413 4540.
698 3357 782 3413 Le
822 3357 1034 3423 BRUN,
1078 3356 1410 3430 Catalogue
1451 3356 1636 3413 d’une
1676 3356 1792 3413 très
1832 3356 1992 3413 belle
2033 3355 2358 3413 collection
2398 3356 2473 3413 de
2513 3356 2792 3413 tableaux
2832 3355 3087 3423 d’Italie,
3130 3356 3399 3423 Flandre,
3443 3364 3501 3413 et
3541 3356 3842 3413 Hollande
3883 3364 3993 3413 etc.
4036 3364 4368 3430 provenant
4407 3356 4487 3413 du

699 3451 955 3509 Cabinet
978 3452 1053 3509 de
1077 3453 1165 3509 M.
1199 3452 1332 3519 ***,
1359 3451 1522 3509 Paris
1555 3452 1729 3519 1788,
1758 3470 1904 3509 avec
1930 3452 1988 3509 la
2011 3451 2219 3509 feuille
2244 3452 2319 3509 de
2344 3451 2743 3519 distribution,
2771 3460 2829 3509 et
2852 3452 2927 3509 de
2952 3460 3144 3509 vente.

473 3643 655 3701 4541.
683 3644 1097 3701 CATALOGUE
1121 3644 1227 3701 des
1252 3644 1549 3711 tableaux,
1577 3643 1868 3711 desseins,
1896 3662 2137 3711 vronze,
2165 3652 2275 3701 etc.
2302 3652 2634 3718 provenant
2657 3644 2738 3701 du
2762 3643 3019 3701 Cabinet
3042 3644 3117 3701 de
3141 3645 3229 3701 M.
3258 3644 3333 3701 de
3357 3645 3445 3701 M.
3472 3645 3542 3701 B.
3575 3644 3708 3711 ***,
3735 3643 3898 3701 Paris
3931 3644 4106 3711 1788,
4133 3643 4195 3700 in
4222 3644 4274 3701 8.

473 3835 655 3893 4542.
695 3837 979 3893 FOLLIOT
1015 3844 1073 3893 et
1109 3836 1184 3893 de
1222 3836 1280 3893 la
1315 3836 1537 3903 Lande,
1578 3836 1910 3910 Catalogue
1948 3836 2054 3893 des
2092 3836 2389 3903 tableaux,
2430 3835 2721 3903 desseins,
2762 3836 3025 3893 marbres
3064 3844 3174 3893 etc.
3216 3836 3362 3893 dont
3398 3836 3456 3893 la
3491 3844 3666 3893 vente
3705 3854 3739 3893 a
3774 3836 3868 3893 été
3906 3835 4049 3893 faite
4087 3836 4234 3893 dans
4273 3835 4486 3893 l’hotel

698 3930 1004 3998 Bouillon,
1031 3930 1194 3988 Paris
1227 3931 1401 3998 1788,
1428 3930 1490 3987 in
1517 3931 1569 3988 8.

473 4122 655 4180 4543.
685 4124 978 4190 PAILLET,
1009 4123 1342 4197 Catalogue
1370 4123 1556 4180 d’une
1584 4122 1909 4180 collection
1936 4122 2168 4180 choisie
2196 4123 2302 4180 des
2330 4123 2610 4180 tableaux
2637 4122 2971 4197 originaux,
3002 4131 3060 4180 et
3086 4122 3358 4180 desseins
3387 4131 3497 4180 etc.
3530 4123 3610 4180 du
3637 4122 3893 4180 Cabinet
3919 4123 3994 4180 de
4021 4124 4109 4180 M.
4141 4123 4209 4180 C.
4242 4124 4314 4180 K.
4351 4123 4484 4190 ***,

698 4218 861 4276 Paris
894 4219 1068 4286 1788,
1095 4218 1157 4275 in
1184 4219 1237 4286 8,
1265 4221 1598 4292 coiprezzi.

473 4410 655 4468 4544.
698 4412 991 4478 PAILLET,
1035 4411 1369 4485 Catalogue
1410 4411 1516 4468 des
1557 4411 1837 4468 tableaux
1877 4410 2193 4485 originaux
2233 4411 2339 4468 des
2380 4410 2525 4468 trois
2567 4411 2789 4478 écoles,
2831 4411 3022 4468 belles
3064 4410 3389 4468 collection
3429 4411 3504 4468 de
3546 4410 3818 4468 desseins
3862 4429 4003 4468 sous
4045 4429 4212 4468 verre
4253 4419 4363 4468 etc.
4408 4411 4488 4468 du

699 4505 955 4563 Cabinet
978 4506 1053 4563 de
1077 4507 1165 4563 M.
1199 4506 1332 4573 ***,
1359 4505 1522 4563 Paris
1555 4506 1729 4573 1788,
1756 4505 1818 4562 in
1845 4506 1897 4563 8.

2199 4698 2760 4755 MDCCLXXXIX

473 4793 655 4851 4545.
688 4795 772 4851 Le
801 4795 1013 4861 BRUN,
1046 4794 1378 4868 Catalogue
1408 4794 1515 4851 des
1545 4794 1825 4851 tableaux
1852 4793 2155 4868 precieux,
2188 4802 2509 4868 estampes,
2541 4802 2722 4851 terres
2753 4793 2942 4851 cuites
2973 4802 3083 4851 etc.
3117 4794 3223 4851 des
3255 4793 3542 4851 Cabinets
3573 4794 3648 4851 de
3677 4795 3765 4851 M.
3799 4794 4067 4861 Coclers,
4100 4802 4158 4851 et
4187 4794 4262 4851 de
4291 4795 4379 4851 M.
4413 4794 4488 4851 de

703 4890 837 4957 ***,
864 4889 1027 4947 Paris
1060 4890 1235 4957 1789,
1262 4889 1324 4946 in
1351 4890 1403 4947 8.

473 5080 655 5138 4546.
686 5082 888 5137 REMY
914 5089 972 5138 et
998 5081 1073 5138 de
1101 5081 1159 5138 la
1185 5081 1408 5148 Lande,
1439 5081 1772 5155 Catalogue
1801 5081 1907 5138 des
1936 5089 2237 5155 estampes
2266 5099 2342 5138 en
2370 5080 2609 5138 feuilles
2638 5081 2744 5138 des
2774 5081 2977 5138 écoles
3006 5080 3261 5148 d’Italie,
3292 5081 3398 5138 des
3426 5082 3580 5155 Pays
3608 5082 3729 5138 Bas
3759 5089 3869 5138 etc.
3901 5081 3981 5138 du
4009 5080 4266 5138 Cabinet
4292 5081 4367 5138 de
4394 5082 4482 5138 M.

698 5176 948 5244 Michel,
975 5176 1138 5234 Paris
1171 5177 1346 5244 1789,
1373 5176 1435 5233 in
1462 5177 1514 5234 8.

2301 5369 2657 5426 MDCCXC

473 5464 655 5522 4547.
683 5465 1056 5522 CATALOGO
1080 5464 1141 5522 di
1166 5464 1375 5539 quadri
1400 5464 1669 5522 esistenti
1693 5464 1755 5521 in
1779 5483 1920 5522 casa
1943 5465 2041 5522 del
2068 5464 2273 5539 signor
2295 5466 2369 5522 D.
2399 5464 2703 5522 Giovanni
2727 5464 2992 5522 Vianelli
3016 5464 3079 5521 in
3103 5464 3422 5539 Chioggia,
3450 5464 3721 5522 Venezia
3751 5465 3926 5532 1790,
3953 5464 4015 5521 in
4038 5465 4095 5532 4,
4122 5466 4210 5522 M.
4241 5465 4335 5522 30.

473 5655 655 5713 4548.
690 5656 1104 5713 CATALOGUE
1135 5656 1241 5713 des
1274 5664 1574 5730 estampes
1607 5656 1713 5713 des
1744 5656 1879 5730 plus
1912 5656 2128 5730 grands
2161 5656 2420 5723 maîtres,
2454 5656 2751 5723 tableaux,
2784 5656 3031 5730 bagues,
3066 5655 3265 5723 livres,
3300 5664 3410 5713 etc.
3446 5655 3547 5730 qui
3579 5664 3938 5730 composent
3968 5656 4026 5713 la
4056 5655 4381 5713 collection
4412 5656 4487 5713 de

698 5753 786 5809 M.
815 5751 1063 5809 Charles
1088 5751 1399 5819 Mechetti,
1426 5751 1664 5809 Vienne
1697 5752 1872 5819 1790,
1898 5751 1960 5808 in
1983 5752 2039 5809 4.

2273 5944 2686 6001 MDCCXCII

473 6039 655 6098 4549.
683 6040 1206 6097 CATALOGUEdes
1231 6040 1511 6097 tableaux
1535 6040 1641 6097 des
1667 6040 1870 6097 écoles
1896 6040 1971 6097 de
1995 6040 2264 6107 Flandre,
2292 6040 2611 6107 Hollande,
2639 6048 2697 6097 et
2719 6041 2942 6097 France
2967 6048 3077 6097 etc.
3107 6040 3277 6114 après
3303 6040 3483 6097 décés
3509 6040 3584 6097 de
3608 6041 3696 6097 M.
3723 6041 3906 6114 Pope,
3932 6039 4095 6097 Paris
4128 6040 4301 6107 1792,
4328 6039 4390 6096 in
4417 6040 4469 6097 8.

2257 6231 2702 6288 MDCCXCIV

473 6326 655 6384 4550.
687 6328 1003 6384 BARTSCH
1032 6327 1249 6394 Adam,
1283 6327 1616 6401 Catalogue
1644 6326 1925 6384 raisonné
1955 6327 2030 6384 de
2060 6326 2333 6384 desseins
2364 6345 2401 6384 o
2437 6328 2516 6401 [p.
2552 6326 2976 6401 305]riginaux
3006 6326 3108 6401 qui
3139 6326 3423 6384 faisoient
3451 6326 3639 6401 partie
3669 6327 3749 6384 du
3778 6326 4035 6384 Cabinet
4063 6327 4143 6384 du
4172 6326 4382 6384 Prince
4412 6327 4488 6384 de

698 6422 906 6497 Ligna,
933 6422 1171 6480 Vienne
1203 6423 1378 6490 1794,
1405 6422 1467 6479 in
1494 6423 1546 6480 8.

2171 6657 2347 6694 WWW.
2358 6637 2734 6710 memofonte.
2748 6639 2791 6694 il
