4958 7017
1981 864 2366 922 Fondazione
2390 838 2775 922 Memofonte
2800 865 2976 922 onlus

1390 960 1600 1018 Studio
1624 979 1731 1035 per
1754 960 2226 1018 l’elaborazione
2250 960 2632 1018 informatica
2655 961 2813 1018 delle
2838 960 2991 1018 fonti
3018 960 3571 1018 storico—artistiche

699 1248 847 1322 qu’y
874 1256 1009 1305 sont
1032 1256 1379 1315 contenues,
1406 1247 1569 1305 Paris
1602 1247 1776 1315 1666,
1803 1247 1865 1304 in
1892 1248 1944 1305 8.

2273 1440 2686 1497 MDCLXXII

473 1536 655 1593 4401.
682 1537 776 1593 De
800 1537 1187 1603 MAROLLES,
1216 1536 1549 1610 Catalogue
1574 1536 1649 1593 de
1674 1535 1853 1593 livres
1879 1536 2268 1610 d’estampes,
2295 1535 2458 1593 Paris
2491 1535 2666 1603 1672,
2692 1535 2754 1592 in
2781 1536 2833 1593 8.

700 1631 912 1703 Questi
937 1632 1053 1689 due
1078 1631 1379 1706 cataloghi
1402 1650 1672 1706 possono
1697 1631 1967 1689 ritenersi
1991 1640 2078 1689 tra
2100 1631 2120 1688 i
2143 1631 2248 1706 più
2270 1631 2384 1689 rari
2409 1650 2442 1689 e
2465 1631 2727 1706 preziosi
2751 1631 2813 1688 in
2837 1640 3050 1706 questo
3076 1650 3310 1706 genere.

2268 1823 2690 1880 MDCCXXV

481 1919 663 1976 4402.
708 1920 1154 1976 DESCRIZIONE
1194 1937 1301 1993 per
1343 1918 1606 1976 alfabeto
1650 1918 1711 1976 di
1761 1919 1874 1976 100
1918 1918 2127 1993 quadri
2169 1919 2264 1976 de’
2312 1918 2417 1993 più
2459 1918 2699 1986 famosi,
2745 1937 2778 1976 e
2821 1918 3034 1993 dipinti
3077 1919 3154 1976 da
3193 1918 3298 1993 più
3339 1918 3563 1993 insigni
3604 1918 3806 1993 pittori
3849 1919 3947 1976 del
3990 1919 4235 1986 mondo,
4281 1918 4392 1976 che
4437 1918 4486 1976 si

712 2033 1040 2072 osservano
1065 2015 1225 2072 nella
1249 2014 1514 2072 Galleria
1536 2016 1793 2072 Farnese
1818 2014 1879 2072 di
1903 2016 2114 2072 Parma
2136 2014 2198 2071 in
2222 2015 2583 2089 quest’anno
2616 2014 2791 2082 1725,
2818 2014 2880 2071 in
2907 2015 2959 2072 8.

698 2111 898 2168 Molto
922 2129 1054 2168 raro
1081 2129 1115 2168 a
1136 2110 1404 2168 trovarsi.

2238 2302 2720 2359 MDCCXXXV

473 2398 655 2455 4403.
688 2399 917 2455 INDICE
947 2398 1105 2455 delle
1138 2406 1367 2472 stampe
1397 2397 1704 2472 intagliate
1736 2416 1770 2455 a
1797 2397 2007 2455 bulino
2038 2397 2101 2454 in
2129 2416 2312 2465 rame,
2346 2416 2379 2455 e
2409 2397 2471 2454 in
2503 2416 2694 2472 acqua
2723 2397 2876 2455 forte
2907 2397 3176 2455 esistenti
3207 2398 3367 2455 nella
3398 2397 3717 2472 stamperia
3746 2397 3807 2455 di
3838 2399 4111 2455 Lorenzo
4142 2397 4380 2472 Filippo
4412 2398 4487 2455 de

715 2493 914 2561 Rossi,
942 2495 1139 2551 Roma
1169 2493 1344 2561 1735,
1371 2493 1433 2550 in
1464 2494 1554 2551 12.

2289 2686 2670 2743 MDCCXLI

481 2782 663 2839 4404.
701 2783 1049 2838 MARIETTE
1082 2783 1143 2839 P.
1181 2783 1245 2849 I.,
1282 2781 1669 2856 Description
1705 2781 2028 2839 sommaire
2063 2782 2138 2839 de
2173 2781 2445 2839 desseins
2482 2782 2588 2839 des
2624 2782 2841 2856 grands
2877 2781 3118 2839 maitres
3154 2781 3409 2849 d’Italie,
3447 2782 3542 2839 de’
3583 2783 3908 2856 Pays—Bas,
3946 2790 4005 2839 et
4038 2782 4113 2839 de
4147 2783 4371 2839 France
4406 2782 4487 2839 du

707 2876 963 2934 Cabinet
986 2877 1061 2934 de
1085 2878 1173 2934 M.
1202 2877 1438 2944 Crozat,
1465 2876 1628 2934 Paris
1661 2877 1834 2934 1741.

697 3008 780 3012 —
804 2973 901 3030 On
925 2992 963 3047 y
988 2991 1022 3030 a
1037 2972 1196 3047 joint
1219 2973 1277 3030 la
1300 2972 1667 3047 description
1692 2973 1798 3030 des
1822 2972 2046 3047 pierres
2072 2973 2320 3047 gravées
2346 2981 2404 3030 et
2427 2973 2580 3030 celle
2605 2973 2712 3030 des
2740 2981 2978 3040 statues,
3004 2973 3279 3040 bronzes,
3307 2981 3365 3030 et
3388 2991 3581 3030 vases.

2259 3165 2700 3222 MDCCXLIV

477 3260 659 3318 4405.
692 3261 1045 3328 GERSAINT,
1077 3261 1410 3335 Catalogue
1437 3260 1717 3318 raisonné
1746 3261 1821 3318 de
1850 3260 2117 3318 diverses
2147 3260 2460 3318 curiosités
2491 3261 2571 3318 du
2599 3260 2855 3318 Cabinet
2882 3261 2957 3318 de
2985 3262 3073 3318 M.
3107 3260 3356 3332 Quintin
3384 3261 3459 3318 de
3487 3261 3861 3335 l’Orangere,
3892 3260 4055 3318 Paris
4092 3261 4266 3328 1744,
4297 3260 4359 3317 in
4394 3261 4484 3328 12,

706 3375 856 3413 avec
873 3358 1028 3429 prix.

473 3547 655 3605 4406.
684 3548 1037 3615 GERSAINT,
1065 3548 1399 3622 Catalogue
1422 3547 1702 3605 raisonné
1727 3548 1833 3605 des
1859 3547 2173 3605 curiosités
2199 3548 2279 3605 du
2303 3547 2561 3605 Cabinet
2584 3548 2659 3605 de
2683 3549 2771 3605 M.
2799 3547 3066 3605 Bonnier
3089 3548 3164 3605 de
3188 3547 3535 3615 Lamoison,
3562 3547 3725 3605 Paris
3758 3548 3932 3615 1744,
3959 3547 4021 3604 in
4048 3548 4100 3605 8.

2273 3740 2686 3797 MDCCXLV

473 3836 655 3893 4407.
684 3836 1037 3903 GERSAINT,
1065 3836 1399 3910 Catalogue
1422 3835 1702 3893 raisonné
1727 3836 1833 3893 des
1859 3835 2038 3893 effets
2064 3835 2311 3893 curieux
2335 3836 2415 3893 du
2440 3835 2697 3893 Cabinet
2720 3836 2795 3893 de
2819 3837 2907 3893 M.
2936 3836 3011 3893 de
3036 3836 3094 3893 la
3116 3837 3385 3910 Rocque,
3412 3835 3574 3893 Paris
3607 3835 3782 3903 1746,
3809 3835 3871 3892 in
3898 3836 3950 3893 8.

2273 4027 2686 4084 MDCCXLV

473 4123 655 4180 4408.
684 4123 1037 4190 GERSAINT,
1065 4123 1399 4197 Catalogue
1424 4123 1530 4180 des
1554 4122 1783 4197 bijoux,
1809 4122 2185 4197 porcelaines
2211 4131 2321 4180 etc.
2350 4123 2425 4180 de
2449 4124 2537 4180 M.
2565 4123 2854 4180 Andraud
2878 4123 2953 4180 de
2977 4124 3366 4197 Fonspertuy,
3393 4122 3556 4180 Paris
3589 4123 3764 4190 1747,
3791 4122 3853 4179 in
3880 4123 3932 4180 8.

2231 4315 2728 4372 MDCCXLVIII

473 4411 655 4469 4409.
695 4411 1047 4478 GERSAINT,
1086 4411 1419 4485 Catalogue
1452 4410 1733 4468 raisonné
1768 4411 1843 4468 de
1877 4411 2174 4478 tableaux,
2212 4410 2504 4478 diamans,
2540 4411 2619 4468 ba
2657 4412 2735 4485 [p.
2774 4411 2917 4480 294]
2958 4429 3104 4485 gues
3140 4419 3250 4468 etc.
3289 4411 3364 4468 dé
3399 4411 3457 4468 la
3493 4410 3843 4468 succession
3878 4411 3953 4468 de
3987 4412 4075 4468 M.
4115 4410 4484 4485 Geodefroy,

706 4505 869 4563 Paris
902 4506 1076 4573 1748,
1103 4505 1165 4562 in
1192 4506 1244 4563 8.

473 4698 655 4755 4410.
684 4698 1037 4765 GERSAINT,
1065 4698 1399 4772 Catalogue
1424 4698 1530 4755 des
1554 4698 1810 4755 bronzes
1836 4706 1894 4755 et
1917 4697 2231 4755 curiosités
2257 4698 2337 4755 du
2360 4699 2448 4755 M.
2477 4698 2552 4755 de
2576 4697 2808 4765 Valois,
2835 4697 2998 4755 Paris
3031 4698 3205 4765 1748,
3232 4697 3294 4754 in
3321 4698 3373 4755 8.

2259 4890 2700 4947 MDCCXLIX

473 4986 655 5043 4411.
684 4986 1037 5053 GERSAINT,
1065 4986 1399 5060 Catalogue
1424 4986 1609 5043 d’une
1634 4985 1960 5043 collection
1984 4986 2059 5043 de
2084 4985 2398 5060 coquilles,
2425 4985 2588 5043 Paris
2621 4986 2796 5053 1749,
2823 4985 2885 5042 in
2912 4986 2964 5043 8.

473 5177 655 5234 4412.
685 5177 1037 5244 GERSAINT,
1066 5177 1399 5251 Catalogue
1424 5177 1610 5234 d’une
1636 5177 1859 5251 grande
1884 5176 2209 5234 collection
2233 5177 2308 5234 de
2332 5177 2612 5234 tableaux
2637 5177 2743 5234 des
2769 5176 3111 5234 meilleures
3137 5176 3377 5234 maitres
3404 5176 3659 5244 d’Italie,
3687 5177 3762 5234 de
3786 5177 4037 5234 Flandre
4062 5185 4120 5234 et
4143 5177 4218 5234 de
4243 5178 4484 5244 France,

698 5272 861 5330 Paris
894 5273 1068 5340 1749,
1095 5272 1157 5329 in
1184 5273 1236 5330 8.

2345 5465 2614 5522 MDCCI

473 5560 655 5617 4413.
682 5561 951 5627 BAILLY,
979 5560 1312 5634 Catalogue
1337 5560 1443 5617 des
1468 5560 1748 5617 tableaux
1772 5560 1852 5617 du
1877 5559 2133 5617 Cabinet
2156 5560 2237 5617 du
2260 5559 2377 5617 Roi
2403 5578 2477 5617 au
2501 5560 2945 5634 Luxembourg,
2972 5559 3135 5617 Paris
3168 5559 3343 5627 1750,
3370 5559 3432 5616 in
3463 5560 3552 5617 12.

2291 5752 2667 5809 MDCCLIII

473 5848 655 5905 4414.
683 5848 1097 5905 CATALOGUE
1117 5848 1223 5905 des
1248 5848 1545 5915 tableaux,
1573 5847 1864 5915 desseins,
1892 5848 2175 5915 marbres,
2201 5848 2476 5915 bronzes,
2504 5856 2822 5922 estampes,
2850 5856 2960 5905 etc.
2989 5848 3069 5905 du
3094 5847 3350 5905 Cabinet
3373 5848 3448 5905 de
3473 5849 3561 5905 M.
3590 5848 3844 5922 Coypel,
3871 5847 4034 5905 Paris
4067 5847 4241 5915 1753,
4268 5847 4330 5904 in
4361 5848 4451 5905 12.

2303 6040 2656 6097 MDCCLV

473 6134 655 6192 4415.
683 6135 1097 6192 CATALOGUE
1117 6135 1223 6192 des
1248 6135 1528 6192 tableaux
1552 6135 1632 6192 du
1656 6134 1913 6192 Cabinet
1936 6135 2011 6192 de
2035 6136 2123 6192 M.
2152 6135 2388 6202 Crozat,
2415 6134 2577 6192 Paris
2610 6134 2785 6202 1755,
2812 6134 2874 6191 in
2901 6135 2953 6192 8.

2303 6327 2656 6384 MDCCLX

473 6422 655 6480 4416.
682 6424 901 6490 REMY,
929 6423 1261 6497 Catalogue
1284 6422 1564 6480 raisonné
1589 6423 1695 6480 des
1720 6423 2017 6490 tableaux,
2045 6422 2336 6490 desseins,
2364 6431 2664 6497 estampes
2690 6423 2770 6480 du
2795 6422 3051 6480 Cabinet
3074 6423 3154 6480 du
3179 6423 3396 6480 Comte
3421 6423 3496 6480 de
3521 6424 3748 6490 Vence,
3775 6422 3938 6480 Paris
3971 6422 4145 6490 1760,
4172 6422 4234 6479 in
4261 6423 4313 6480 8.

2171 6657 2347 6694 WWW.
2358 6637 2734 6710 memofonte.
2748 6639 2791 6694 il
