4958 7017
1981 864 2366 922 Fondazione
2390 838 2775 922 Memofonte
2800 865 2976 922 onlus

1390 960 1600 1018 Studio
1624 979 1731 1035 per
1754 960 2226 1018 l’elaborazione
2250 960 2632 1018 informatica
2655 961 2813 1018 delle
2838 960 2991 1018 fonti
3018 960 3571 1018 storico—artistiche

476 1247 655 1306 3395.
702 1248 993 1305 GALERIE
1034 1248 1114 1305 du
1153 1247 1344 1322 palais
1387 1248 1583 1322 Royal
1625 1248 1843 1322 gravée
1885 1248 2125 1322 d’après
2168 1248 2256 1305 les
2298 1248 2578 1305 tableaux
2619 1248 2725 1305 des
2768 1247 3120 1305 differentes
3163 1248 3366 1305 écoles
3410 1266 3558 1305 avec
3600 1266 3716 1305 une
3758 1247 4126 1322 description
4167 1248 4242 1305 de
4284 1248 4488 1305 l’abbé

706 1343 994 1401 Fontenai
1017 1362 1124 1418 par
1146 1345 1176 1401 ]
1184 1392 1193 1401 .
1222 1343 1471 1401 Couché
1496 1362 1765 1418 graveur,
1792 1343 1955 1401 Paris
1988 1343 2161 1411 1786,
2188 1343 2250 1400 in
2274 1343 2379 1401 fol.

715 1441 799 1497 Le
825 1439 1220 1497 illustrazioni
1247 1439 1308 1497 di
1334 1448 1478 1497 tutte
1505 1440 1561 1497 le
1588 1458 1770 1514 opere
1797 1439 1858 1497 di
1883 1440 2166 1514 pennello
2194 1439 2305 1497 che
2332 1458 2795 1514 componevano
2823 1448 3033 1514 questa
3056 1439 3334 1514 preziosa
3359 1439 3697 1497 collezione
3726 1458 3876 1497 sono
3903 1439 4209 1514 intagliate
4235 1439 4298 1496 in
4322 1458 4486 1497 rame

709 1544 864 1593 sotto
896 1535 916 1592 i
950 1535 1206 1610 soggetti
1238 1535 1576 1593 medesimi:
1614 1535 1679 1593 fu
1709 1535 1960 1610 rilegato
1993 1535 2525 1610 magnificamente
2556 1554 2637 1593 un
2668 1536 2913 1593 volume
2945 1554 3062 1593 con
3093 1536 3209 1593 due
3240 1535 3385 1593 terzi
3417 1536 3575 1593 delle
3606 1536 3825 1593 tavole:
3862 1554 3895 1593 e
3926 1535 3969 1592 il
3999 1544 4158 1593 resto
4193 1535 4242 1593 si
4274 1536 4490 1593 otterrà

707 1631 1072 1699 facilmente,
1101 1631 1350 1706 giacché
1375 1650 1498 1689 non
1524 1631 1662 1689 avvi
1689 1632 1902 1689 alcuna
1924 1640 2089 1706 parte
2115 1631 2176 1689 di
2201 1640 2354 1689 testo
2380 1632 2457 1689 da
2480 1631 2823 1706 imprimere
2849 1650 2882 1689 e
2907 1632 2963 1689 le
2988 1632 3188 1689 tavole
3214 1631 3481 1689 esistono
3507 1631 3569 1688 in
3593 1631 3841 1689 Francia
3867 1640 4022 1689 sotto
4051 1640 4358 1706 sequestro
4383 1650 4489 1706 per

708 1726 906 1784 azioni
931 1726 1175 1784 forensi.

476 1918 655 1977 3396.
697 1918 962 1976 Galleria
997 1919 1183 1976 Reale
1221 1918 1282 1976 di
1319 1918 1565 1976 Firenze
1602 1918 1891 1976 illustrata
1927 1918 2025 1976 dai
2065 1918 2214 1993 Sigg.
2255 1918 2548 1986 Zannoni,
2588 1918 2907 1986 Montalvi,
2947 1918 3217 1993 Bargigli
3255 1937 3288 1976 e
3326 1918 3585 1993 Ciampi,
3625 1918 3817 1976 incisa
3854 1937 3888 1976 a
3924 1918 4197 1976 contorni
4237 1927 4392 1976 sotto
4431 1919 4489 1976 la

707 2014 1013 2072 direzione
1038 2015 1136 2072 del
1163 2014 1270 2089 sig.
1298 2014 1494 2072 Pietro
1519 2014 1875 2082 Benvenuti,
1902 2014 2166 2082 Firenze,
2193 2014 2256 2071 in
2283 2015 2335 2072 8.

717 2111 918 2185 Opera
941 2110 1052 2168 che
1079 2110 1128 2168 si
1155 2119 1243 2168 sta
1264 2110 1691 2185 pubblicando.
1719 2110 1935 2168 Finora
1960 2129 2110 2168 sono
2137 2110 2215 2168 66
2241 2110 2518 2168 fascicoli
2543 2129 2576 2168 e
2603 2110 2652 2168 si
2677 2110 2977 2168 continua.

476 2302 655 2360 3397.
684 2302 1025 2359 GALLERIA
1049 2301 1430 2359 Giustiniana
1453 2302 1551 2359 del
1576 2301 1886 2359 marchese
1910 2301 2225 2359 Vincenzo
2252 2301 2635 2369 Giustiniani,
2662 2303 2860 2359 Roma
2890 2301 3065 2369 1651,
3092 2301 3154 2358 in
3178 2301 3305 2369 fol.,
3333 2302 3452 2359 vol.
3481 2302 3536 2359 2.

718 2398 882 2455 Sono
912 2398 1028 2455 due
1057 2397 1288 2455 volumi
1317 2397 1429 2455 che
1458 2406 1843 2472 contengono
1875 2398 1994 2455 322
2023 2398 2223 2455 tavole
2252 2397 2313 2455 di
2339 2397 2498 2455 busti
2527 2416 2560 2455 e
2591 2406 2679 2455 sta
2711 2399 2790 2472 [p.
2830 2398 3073 2467 137]tue
3103 2397 3337 2455 antiche
3366 2397 3501 2455 cioè
3537 2397 3648 2455 153
3680 2398 3778 2455 nel
3805 2397 4000 2472 primo
4030 2398 4276 2455 volume
4305 2416 4338 2455 e
4374 2397 4486 2456 169

706 2494 804 2551 nel
836 2494 1121 2551 secondo.
1154 2494 1502 2568 Esemplare
1532 2493 1593 2551 di
1624 2493 1821 2551 antica
1848 2493 2247 2568 impressione
2277 2502 2662 2568 quantunque
2692 2494 2749 2551 le
2781 2502 3010 2568 stampe
3043 2493 3212 2551 siano
3242 2502 3566 2551 numerate.
3601 2494 3802 2568 Opera
3828 2493 4355 2568 pregievolissima
4381 2512 4488 2568 per

707 2590 765 2647 la
794 2589 945 2647 serie
974 2590 1069 2647 de’
1097 2589 1359 2664 preziosi
1388 2589 1764 2647 monumenti
1793 2608 1826 2647 e
1855 2589 1966 2647 che
1996 2590 2255 2647 avrebbe
2285 2598 2464 2647 avuto
2493 2589 2793 2647 necessità
2820 2589 2881 2647 di
2910 2589 3146 2647 elenchi
3175 2608 3208 2647 e
3237 2589 3298 2647 di
3326 2589 3720 2647 illustrazioni
3750 2589 3861 2647 che
3890 2589 4011 2647 mai
4039 2608 4162 2647 non
4190 2590 4361 2647 ebbe.
4393 2591 4487 2647 Ne

707 2685 924 2743 furono
950 2686 1108 2743 colle
1133 2685 1355 2743 lamine
1380 2686 1649 2760 logorate
1673 2685 1828 2743 tirati
1854 2685 2052 2743 alcuni
2077 2685 2396 2760 esemplari
2421 2685 2695 2743 moderni
2721 2686 2798 2743 da
2820 2704 2942 2743 non
2967 2685 3160 2743 aversi
3184 2685 3247 2742 in
3269 2685 3497 2760 pregio.

476 2877 655 2935 3398.
691 2877 994 2934 GUILLON
1022 2878 1110 2934 M.
1145 2877 1368 2944 l’abbé,
1401 2878 1485 2934 Le
1517 2877 1762 2934 cénacle
1793 2877 1868 2934 de
1899 2877 2174 2934 Léonard
2204 2877 2279 2934 de
2309 2876 2491 2934 Vinci
2521 2877 2709 2934 rendu
2740 2895 2856 2934 aux
2888 2876 3039 2934 amis
3071 2877 3177 2934 des
3207 2877 3405 2934 beaux
3437 2885 3570 2944 arts,
3604 2877 3751 2934 dans
3784 2877 3840 2934 le
3870 2877 4108 2934 tableau
4139 2877 4330 2951 qu’on
4361 2876 4488 2934 voit

708 2972 1022 3047 aujordhui
1058 2972 1206 3030 chez
1242 2991 1323 3030 un
1358 2972 1600 3047 citoyen
1635 2973 1710 3030 de
1746 2972 1959 3040 Milan,
1998 2981 2056 3030 et
2091 2972 2193 3047 qui
2229 2972 2375 3030 étoit
2410 2972 2718 3030 ci—devant
2753 2973 2900 3030 dans
2937 2973 2993 3030 le
3027 2972 3345 3030 réféctoire
3381 2973 3456 3030 de
3492 2973 3550 3030 la
3585 2972 3941 3030 Chartreuse
3977 2973 4052 3030 de
4087 2972 4287 3030 Pavie:
4328 2972 4486 3030 essai

706 3068 1035 3143 historique
1060 3077 1118 3126 et
1139 3068 1600 3143 psycologique,
1627 3068 1823 3126 Milan
1854 3069 2029 3136 1811,
2056 3068 2118 3125 in
2145 3069 2197 3126 8.

717 3165 1234 3239 Quest’opuscolo
1273 3165 1464 3222 cadde
1501 3164 1563 3221 in
1600 3164 2042 3222 dimenticanza
2078 3183 2111 3222 e
2147 3164 2367 3222 rimase
2405 3164 2724 3222 ecclissato
2764 3165 3100 3239 dall’opera
3136 3164 3476 3222 dottissima
3512 3183 3545 3222 e
3583 3164 3914 3239 magnifica
3950 3164 4061 3222 che
4098 3164 4387 3239 pubblicò
4425 3164 4487 3221 in

707 3261 910 3335 quello
938 3269 1130 3318 stesso
1156 3269 1465 3318 momento
1490 3260 1533 3317 il
1560 3260 1668 3335 sig.
1699 3260 2008 3335 Giuseppe
2032 3260 2231 3318 Bossi.

476 3452 655 3510 3399.
693 3453 1037 3509 KIRCHERII
1069 3451 1403 3519 Athanasii,
1439 3451 1699 3509 Romani
1734 3451 1998 3526 Collegii
2031 3453 2358 3509 Musaeum
2390 3451 2851 3509 celeberrimum
2881 3451 3161 3526 publicae
3195 3451 3316 3509 luci
3350 3451 3695 3526 expositum
3728 3470 3762 3509 a
3795 3451 4062 3526 Georgio
4097 3452 4172 3509 de
4208 3451 4483 3526 Sepibus,

706 3547 1151 3605 Amstelodami
1183 3547 1358 3615 1678,
1385 3547 1447 3604 in
1471 3547 1598 3615 fol.,
1626 3547 1732 3622 fig.

716 3644 851 3701 Con
877 3644 1062 3701 molte
1088 3644 1288 3701 tavole
1314 3643 1376 3700 in
1400 3662 1564 3701 rame
1591 3644 1667 3701 ed
1692 3643 1754 3700 in
1780 3644 1979 3718 legno,
2007 3652 2172 3718 parte
2198 3643 2504 3718 frapposte
2531 3662 2564 3701 e
2588 3652 2752 3718 parte
2778 3643 2996 3701 inserte
3022 3644 3120 3701 nel
3146 3652 3317 3701 testo.
3349 3644 3550 3718 Opera
3574 3643 3636 3700 in
3662 3643 3759 3701 cui
3788 3643 3837 3701 si
3862 3643 4275 3718 riprodussero
4302 3644 4487 3701 molte

707 3739 901 3814 figure
926 3739 1292 3797 d’obelischi
1317 3758 1350 3797 e
1375 3739 1751 3797 monumenti
1776 3739 2035 3814 egiziani
2059 3739 2122 3796 in
2147 3739 2276 3797 altri
2301 3739 2436 3797 libri
2461 3740 2623 3797 dallo
2651 3748 2842 3797 stesso
2869 3748 3072 3797 autore
3095 3739 3443 3814 pubblicati.

476 3931 655 3988 3400.
689 3932 960 3988 KOBELL
987 3931 1176 3998 Ferd.,
1208 3930 1441 3988 Peintre
1471 3931 1546 3988 de
1578 3931 1635 3988 S.
1668 3931 1741 3988 A.
1774 3932 1839 3988 E.
1872 3930 2117 3988 Palatin.
2153 3930 2401 4005 Seguito
2432 3930 2493 3988 di
2525 3931 2599 3988 33
2632 3931 2832 3988 tavole
2862 3930 2923 3988 di
2951 3930 3239 4005 paesaggi
3269 3949 3302 3988 e
3333 3930 3528 4005 figure
3558 3930 3826 4005 eseguite
3857 3931 4159 4005 all’acqua
4188 3930 4341 3988 forte
4371 3949 4488 3988 con

706 4027 896 4084 molto
922 4035 1116 4101 gusto,
1151 4026 1307 4084 1760
1334 4027 1389 4084 al
1414 4027 1511 4094 72,
1538 4028 1626 4084 M.
1655 4027 1751 4085 92.

476 4219 655 4276 3401.
684 4220 989 4286 LANDON,
1019 4219 1286 4276 Annales
1314 4219 1394 4276 du
1419 4219 1638 4276 Musée
1665 4227 1723 4276 et
1748 4219 1823 4276 de
1850 4219 2072 4276 l’école
2099 4219 2386 4276 moderne
2413 4219 2519 4276 des
2545 4219 2742 4276 beaux
2769 4227 2902 4286 arts,
2931 4218 3094 4276 Paris
3129 4219 3304 4286 1801,
3340 4219 3513 4286 1810,
3550 4219 3620 4276 17
3650 4219 3791 4286 vol.,
3819 4218 3881 4275 in
3910 4219 3963 4286 8,
3993 4219 4204 4293 graves
4233 4237 4307 4276 au
4332 4218 4481 4276 trait:

707 4333 787 4372 ou
818 4333 852 4372 a
882 4315 1081 4389 ajouté
1113 4333 1147 4372 a
1176 4323 1329 4372 cette
1362 4314 1512 4372 suite
1541 4333 1838 4389 paysages
1870 4323 1928 4372 et
1956 4315 2236 4372 tableaux
2266 4315 2341 4372 de
2372 4333 2569 4389 genre.
2603 4314 2766 4372 Paris
2805 4314 2980 4382 1805,
3013 4314 3075 4371 in
3104 4315 3161 4382 4,
3194 4315 3313 4372 vol.
3347 4314 3409 4371 in
3442 4315 3495 4382 8,
3529 4323 3587 4372 et
3616 4315 3672 4372 le
3704 4315 3888 4372 Salon
3918 4315 3998 4372 du
4035 4315 4209 4372 1808.
4243 4316 4310 4371 In
4339 4323 4487 4372 tutto

707 4411 826 4468 vol.
855 4411 952 4468 22.

476 4602 655 4659 3402.
683 4603 956 4659 LASINIO
981 4602 1180 4669 Carlo,
1208 4601 1427 4659 Pitture
1454 4620 1488 4659 a
1513 4601 1711 4659 fresco
1738 4602 1836 4659 del
1862 4602 2097 4676 Campo
2126 4602 2308 4659 Santo
2335 4601 2396 4659 di
2421 4601 2559 4659 Pisa
2583 4602 2660 4659 da
2684 4601 2767 4659 lui
2792 4601 3116 4676 intagliate,
3144 4601 3409 4669 Firenze,
3445 4602 3620 4669 1812,
3646 4620 3856 4676 presso
3882 4601 4105 4659 Molini
4131 4620 4164 4659 e
4189 4601 4397 4669 Landi,
4425 4601 4488 4658 in

707 4697 812 4755 fol.
842 4698 937 4755 atl.

718 4794 882 4851 Sono
909 4793 971 4850 in
997 4802 1207 4868 questa
1232 4793 1563 4868 magnifica
1588 4812 1771 4868 opera
1795 4794 1875 4851 40
1901 4793 2197 4851 immense
2223 4794 2423 4851 tavole
2451 4793 2770 4851 atlantiche
2797 4793 3106 4868 disegnate
3134 4802 3610 4851 accuratamente
3637 4812 3670 4851 e
3697 4794 3858 4851 dallo
3888 4802 4079 4851 stesso
4107 4793 4487 4868 disegnatore

706 4889 1012 4964 intagliate
1044 4908 1162 4947 con
1195 4889 1471 4957 sobrietà,
1506 4890 1923 4947 conservando
1955 4889 1998 4946 il
2031 4898 2314 4947 carattere
2346 4889 2444 4947 dei
2474 4889 2736 4964 preziosi
2769 4889 3047 4964 originali
3079 4889 3429 4947 dell’antica
3457 4889 3675 4964 pittura
3704 4889 3964 4957 italiana,
3999 4908 4183 4964 opera
4213 4889 4423 4947 ottima
4454 4908 4487 4947 e

706 4985 961 5060 insigne,
1002 4985 1273 5060 eseguita
1309 5004 1426 5043 con
1463 4985 1693 5043 nobiltà
1730 5004 1763 5043 e
1803 5004 1983 5043 senza
2019 5004 2269 5043 eccesso
2308 4985 2369 5043 di
2407 4986 2592 5043 lusso.
2633 4986 2681 5042 Il
2718 4985 3094 5060 pochissimo
3132 4994 3286 5043 testo
3325 4985 3436 5043 che
3474 4986 3532 5043 la
3567 4985 3846 5060 riguarda
3880 4986 4002 5060 può
4040 4985 4291 5043 trovarsi
4328 4986 4487 5043 nelle

706 5082 938 5138 Lettere
961 5080 1324 5155 pittoresche
1352 5081 1442 5138 sul
1468 5081 1703 5155 Campo
1732 5081 1932 5138 Santo.
1958 5080 2108 5138 Vedi
2130 5083 2343 5138 Rosini
2369 5082 2675 5138 Giovanni
2699 5099 2732 5138 e
2755 5081 3051 5138 de’Rossi
3077 5082 3383 5138 Giovanni
3409 5081 3746 5138 Gherardo.

476 5273 655 5330 3403.
694 5274 942 5330 LEGATI
977 5274 1269 5340 Lorenzo,
1308 5274 1531 5330 Museo
1569 5272 1878 5347 Cospiano
1917 5291 2174 5330 annesso
2213 5291 2247 5330 a
2282 5273 2485 5347 quello
2524 5273 2622 5330 del
2659 5272 2898 5330 famoso
2935 5272 3140 5330 Ulisse
3177 5272 3553 5330 Aldovrandi
3590 5291 3623 5330 e
3660 5273 3882 5330 donato
3921 5273 4038 5330 alla
4075 5291 4181 5330 sua
4221 5274 4299 5347 [p.
4346 5273 4482 5342 138]

705 5368 895 5443 patria
921 5369 1019 5426 dal
1049 5368 1156 5443 sig.
1187 5369 1354 5426 Ferd.
1386 5368 1577 5443 Cospi
1603 5368 1855 5443 patrizio
1884 5387 1917 5426 e
1947 5377 2218 5426 senatore
2246 5368 2307 5426 di
2334 5369 2615 5443 Bologna
2641 5368 2924 5426 descritto
2953 5369 3030 5426 da
3055 5370 3328 5426 Lorenzo
3357 5368 3566 5443 Legati
3594 5387 3965 5436 cremonese,
3995 5369 4276 5443 Bologna
4309 5368 4484 5436 1677,

706 5464 768 5521 in
792 5464 919 5532 fol.,
947 5464 1052 5539 fig.

715 5561 799 5617 Le
826 5560 1027 5617 tavole
1057 5578 1207 5617 sono
1235 5559 1298 5616 in
1325 5560 1505 5634 legno
1535 5560 1588 5617 a’
1617 5559 1825 5634 luoghi
1854 5560 1952 5617 dal
1979 5568 2132 5617 testo
2160 5559 2407 5617 indicati
2434 5559 2727 5634 intagliati
2756 5560 2833 5617 da
2857 5559 3152 5617 Veronica
3177 5561 3459 5627 Fontana,
3490 5559 3551 5617 di
3579 5559 3677 5617 cui
3705 5578 3885 5617 mano
3914 5560 3947 5617 e
3976 5559 4166 5617 anche
4193 5559 4236 5616 il
4262 5559 4486 5617 ritratto

707 5655 768 5713 di
795 5655 1170 5713 Ferdinando
1198 5657 1279 5712 III
1307 5655 1368 5713 di
1394 5657 1665 5713 Toscana
1692 5656 1747 5713 al
1775 5656 1951 5730 quale
1978 5655 2021 5712 il
2050 5656 2296 5713 volume
2324 5656 2357 5713 e
2384 5655 2700 5713 intitolato.
2731 5656 2779 5712 Il
2809 5656 2941 5713 solo
2968 5655 3192 5713 ritratto
3221 5656 3319 5713 del
3347 5655 3537 5730 Cospi
3565 5656 3598 5713 e
3626 5655 3936 5730 intagliato
3964 5655 4027 5712 in
4052 5674 4217 5713 rame
4245 5656 4322 5713 da
4343 5656 4482 5713 Adr.

707 5751 1004 5809 Halluech
1027 5752 1176 5809 tolto
1202 5752 1279 5809 da
1301 5770 1419 5809 una
1440 5751 1658 5826 pittura
1681 5751 1742 5809 di
1769 5752 2122 5809 Sutterman.

476 5944 655 6001 3404.
683 5945 935 6001 LENOIR
958 5944 1319 6011 Alexandre,
1346 5944 1566 6001 Musée
1591 5944 1697 6001 des
1723 5962 2083 6001 monumens
2110 5943 2387 6018 francais,
2415 5962 2496 6001 ou
2521 5943 2888 6018 description
2912 5944 3018 6001 des
3047 5952 3285 6011 statues,
3311 5944 3419 6001 bas
3443 5943 3667 6011 réliefs,
3696 5952 3754 6001 et
3776 5944 4103 6001 tombeaux
4125 5962 4278 6018 pour
4303 5943 4489 6001 servir

708 6040 742 6097 a
765 6039 1061 6097 l’histoire
1086 6040 1161 6097 de
1185 6041 1426 6107 France,
1454 6048 1512 6097 et
1536 6040 1570 6097 a
1593 6040 1747 6097 celle
1772 6040 1847 6097 de
1872 6040 2024 6107 l’art,
2052 6040 2196 6097 orné
2221 6040 2327 6097 des
2353 6058 2653 6114 gravures,
2680 6039 2843 6097 Paris
2876 6040 3051 6107 1800,
3079 6040 3198 6097 vol.
3227 6039 3282 6107 6,
3309 6039 3371 6096 in
3398 6040 3450 6097 8.

715 6134 999 6192 L’ultimo
1035 6134 1096 6192 di
1131 6134 1326 6209 questi
1362 6134 1593 6192 volumi
1629 6135 1995 6209 comprende
2030 6135 2088 6192 la
2124 6134 2305 6192 storia
2338 6135 2498 6192 della
2529 6134 2747 6209 pittura
2779 6134 2841 6191 in
2876 6143 3042 6192 vetro
3078 6153 3111 6192 e
3146 6135 3204 6192 la
3237 6134 3613 6192 descrizione
3648 6134 3709 6192 di
3745 6135 3930 6192 molte
3965 6153 4147 6209 opere
4183 6134 4418 6192 antiche
4453 6153 4486 6192 e

706 6231 1012 6298 moderne,
1042 6239 1489 6305 segnatamente
1514 6231 1674 6288 della
1697 6230 1903 6288 favola
1926 6230 1987 6288 di
2011 6230 2243 6298 Psiche,
2270 6231 2417 6288 tolta
2440 6230 2538 6288 dai
2563 6230 2799 6305 disegni
2824 6230 2885 6288 di
2909 6230 3231 6288 Raffaello.

476 6422 655 6480 3405.
683 6419 1047 6480 MALVASÌA
1072 6423 1252 6480 Carlo
1279 6423 1520 6490 Cesare,
1548 6423 1596 6479 Il
1622 6423 1880 6480 claustro
1907 6422 1968 6480 di
1996 6423 2053 6480 S.
2082 6422 2351 6480 Michele
2377 6422 2439 6479 in
2464 6424 2669 6480 Bosco
2696 6422 2757 6480 di
2782 6423 3062 6497 Bologna
3086 6422 3317 6497 dipinto
3344 6423 3442 6480 dal
3468 6422 3708 6480 famoso
3734 6422 4049 6480 Lodovico
4076 6422 4326 6480 Caracci
4352 6441 4385 6480 e
4411 6423 4488 6480 da

2171 6657 2347 6694 WWW.
2358 6637 2734 6710 memofonte.
2748 6639 2766 6694 i
2770 6648 2791 6694 t
