4958 7017
1981 864 2366 922 Fondazione
2390 838 2775 922 Memofonte
2800 865 2976 922 onlus

1390 960 1600 1018 Studio
1624 979 1731 1035 per
1754 960 2226 1018 l’elaborazione
2250 960 2632 1018 informatica
2655 961 2813 1018 delle
2838 960 2991 1018 fonti
3018 960 3571 1018 storico—artistiche

709 1248 973 1305 seconda
996 1247 1291 1305 edizione.

474 1462 586 1531 85.
620 1464 974 1531 BOERNEI
1004 1462 1200 1547 (Gio.
1234 1462 1537 1552 Theoph
1567 1463 1616 1547 ),
1651 1463 1880 1552 Super
1906 1462 2307 1552 privilegiis
2337 1462 2696 1552 pictorum
2724 1462 2905 1531 liber
2935 1462 3338 1552 singularis,
3371 1462 3661 1552 Lipsiae
3699 1462 3907 1544 1751,
3940 1462 4014 1530 in
4047 1463 4110 1544 8,
4142 1464 4248 1531 M.
4282 1463 4398 1531 70.

708 1574 937 1645 Questo
967 1574 1000 1631 e
1028 1592 1108 1631 un
1136 1573 1543 1631 eruditissimo
1572 1573 1745 1641 libro,
1776 1592 1809 1631 e
1835 1574 1954 1631 ben
1982 1573 2148 1641 fatto,
2178 1573 2241 1630 in
2268 1573 2366 1631 cui
2393 1574 2793 1648 percorrendo
2822 1574 2880 1631 la
2907 1592 3085 1648 greca
3111 1592 3144 1631 e
3172 1574 3230 1631 la
3255 1592 3505 1631 romana
3532 1573 3832 1641 antichità,
3866 1592 4016 1631 sono
4046 1574 4287 1631 addotte
4315 1574 4371 1631 le
4404 1575 4482 1648 [p.

714 1670 809 1739 14]
838 1688 1026 1744 prove
1051 1669 1112 1727 di
1137 1669 1284 1727 fatto
1309 1669 1546 1727 intorno
1573 1670 1691 1727 alla
1715 1669 2113 1727 venerazione
2138 1669 2199 1727 di
2224 1669 2322 1727 cui
2347 1688 2528 1727 erano
2554 1678 2801 1727 onorate
2826 1670 2882 1727 le
2908 1669 3014 1727 arti
3038 1688 3145 1744 per
3168 1670 3226 1727 la
3247 1669 3617 1744 providenza
3641 1670 3799 1727 delle
3824 1669 4004 1744 leggi,
4033 1688 4066 1727 e
4090 1669 4110 1726 i
4136 1669 4359 1727 decreti
4384 1670 4479 1727 de’

705 1784 785 1823 re.

478 1980 590 2049 86.
624 1982 828 2049 BONI
857 1980 1170 2049 cavalier
1199 1980 1532 2062 Onofrio,
1565 1980 1994 2049 Riﬂessioni
2027 2002 2238 2070 sopra
2264 1980 2810 2070 Michelangelo
2841 1980 3269 2049 Buonarroti
3299 1980 3373 2048 in
3401 1980 3711 2070 risposta
3740 2002 3780 2049 a
3807 1991 4074 2070 quanto
4104 2002 4195 2049 ne
4227 1980 4487 2049 scrisse

707 2095 1041 2164 Rolando
1087 2097 1324 2164 Freart
1371 2095 1500 2185 sig.
1552 2095 1641 2164 de
1689 2095 2101 2185 Chambray
2145 2095 2549 2185 nell’opera
2590 2095 2760 2164 Ide’e
2806 2095 2896 2164 de
2945 2095 3016 2164 la
3054 2096 3463 2184 perfection
3509 2095 3599 2164 de
3648 2095 3720 2164 la
3758 2098 4117 2183 peinture,
4166 2095 4483 2177 Firenze,

716 2211 924 2292 1809,
957 2210 1031 2278 in
1064 2211 1127 2292 8,
1159 2212 1265 2279 M.
1303 2211 1415 2279 88.

706 2323 773 2378 In
797 2322 1267 2396 quest’operetta
1289 2321 1332 2378 il
1356 2321 1714 2379 Buonarroti
1739 2321 1804 2379 fu
1829 2321 2147 2379 vendicato
2173 2340 2290 2379 con
2313 2321 2554 2379 trionfo.

478 2536 590 2604 87.
656 2537 1051 2617 BONNANI,
1116 2535 1350 2604 Traité
1412 2535 1538 2604 des
1601 2535 1862 2617 vernis,
1928 2557 2023 2604 ou
2084 2535 2241 2604 l’on
2303 2535 2541 2604 donne
2602 2535 2672 2604 la
2731 2535 3048 2604 maniere
3110 2535 3282 2604 d’en
3344 2557 3730 2625 composer
3788 2557 3885 2604 un
3946 2535 4069 2625 qui
4130 2535 4486 2604 resemble

706 2650 1210 2740 parfaitement
1239 2651 1279 2719 à
1307 2650 1495 2719 celui
1526 2650 1615 2719 de
1644 2650 1715 2719 la
1744 2650 1979 2732 chine;
2013 2661 2082 2719 et
2108 2650 2464 2740 plusieurs
2497 2661 2751 2732 autres,
2784 2650 2978 2719 Paris
3018 2651 3226 2732 1723,
3259 2650 3333 2718 in
3371 2651 3478 2719 12.

474 2881 586 2949 88.
624 2882 1052 2949 BORROMEI
1083 2880 1429 2962 Federici,
1466 2882 1578 2949 De
1610 2880 1886 2970 pictura
1920 2902 2120 2949 sacra
2151 2880 2313 2949 libri
2348 2880 2515 2949 duo:
2555 2880 2681 2970 fig.
2719 2880 2793 2948 in
2830 2881 2892 2949 8.
2929 2880 3239 2949 Accedit
3271 2880 3600 2949 eiusdem
3632 2902 3988 2949 museum:
4031 2880 4185 2949 sine
4218 2880 4385 2949 loco
4420 2891 4489 2949 et

709 3017 917 3064 311110.

700 3107 929 3178 Questo
961 3107 994 3164 e
1024 3125 1105 3164 un
1136 3125 1315 3164 aureo
1347 3106 1583 3164 libretto
1617 3106 1818 3164 scritto
1852 3107 2118 3164 secondo
2149 3106 2169 3163 i
2198 3106 2455 3181 principi
2486 3106 2547 3164 di
2577 3125 2657 3164 un
2687 3106 3121 3174 ecclesiastico,
3155 3125 3331 3164 come
3362 3107 3422 3164 lo
3454 3106 3520 3164 fu
3550 3115 3764 3181 questo
3794 3115 4115 3181 porporato
4145 3115 4485 3181 protettore,

707 3203 865 3260 delle
909 3202 1033 3270 arti,
1081 3202 1527 3260 studiosissimo
1571 3203 1730 3260 delle
1771 3203 1972 3260 buone
2015 3202 2353 3277 discipline,
2400 3202 2715 3260 fondatore
2758 3202 3192 3270 d’accademie,
3236 3202 3633 3277 raccoglitore
3676 3202 3737 3260 di
3778 3202 4118 3277 preziosità,
4164 3221 4340 3260 come
4383 3202 4486 3277 qui

707 3298 933 3366 vedesi,
961 3317 1077 3356 ove
1100 3298 1410 3373 raguaglia
1432 3298 1669 3356 intorno
1695 3298 1778 3373 gli
1805 3298 2003 3356 statuti
2028 3299 2188 3356 della
2213 3317 2319 3356 sua
2343 3298 2708 3366 accademia,
2737 3317 2770 3356 e
2794 3298 3030 3356 intorno
3056 3299 3112 3356 le
3137 3317 3319 3373 opere
3342 3299 3604 3356 raccolte
3628 3299 3726 3356 nel
3752 3317 3860 3356 suo
3884 3298 4164 3373 prezioso
4189 3317 4420 3356 museo.

482 3514 594 3583 89.
628 3515 754 3582 DU
777 3515 961 3595 BOS,
994 3513 1176 3582 Refl
1190 3513 1445 3582 exions
1477 3513 1814 3603 critiques
1848 3535 1965 3582 sur
1992 3513 2062 3582 la
2088 3513 2340 3603 poesie
2371 3524 2440 3582 et
2470 3535 2587 3582 sur
2614 3513 2684 3582 la
2710 3513 3055 3603 peinture,
3088 3513 3282 3582 Paris
3322 3514 3531 3595 1770,
3564 3513 3638 3581 in
3676 3514 3784 3595 12,
3817 3513 3961 3582 vol.
3997 3514 4061 3582 3.

700 3625 927 3696 Questa
950 3625 983 3682 e
1008 3643 1126 3682 una
1149 3625 1307 3682 delle
1332 3624 1597 3699 migliori
1622 3643 1804 3699 opere
1829 3624 1890 3682 di
1915 3633 2127 3699 questo
2153 3643 2370 3699 genere
2395 3633 2592 3682 estesa
2615 3643 2732 3682 con
2754 3625 2957 3682 buona
2980 3624 3186 3682 critica
3209 3625 3285 3682 ed
3308 3624 3453 3682 utile
3476 3643 3583 3699 per
3606 3625 3664 3682 la
3687 3624 3991 3699 gioventù.

471 3840 586 3909 90.
621 3841 878 3908 BOSSE
906 3839 1202 3921 Abram,
1238 3839 1641 3908 Sentiment
1672 3861 1789 3908 sur
1817 3839 1887 3908 la
1917 3839 2335 3908 distinction
2366 3839 2493 3908 des
2526 3839 2846 3908 diverses
2879 3839 3234 3908 manières
3267 3839 3356 3908 de
3386 3839 3732 3929 peinture,
3767 3839 4056 3908 dessein
4088 3850 4157 3908 et
4187 3861 4487 3929 gravure

708 3965 777 4023 et
805 3954 931 4023 des
963 3954 1341 4044 originaux
1372 3954 1631 4023 d’avec
1661 3954 1850 4023 leurs
1882 3954 2153 4044 copies,
2186 3954 2380 4023 Paris
2420 3954 2628 4036 1649,
2661 3954 2736 4022 in
2774 3955 2881 4023 12.
2915 3954 3041 4044 fig.

475 4185 590 4254 91.
647 4186 903 4253 BOSSE
953 4184 1249 4266 Abram,
1305 4186 1406 4253 Le
1458 4184 1732 4274 peintre
1785 4184 2107 4253 converti
2162 4206 2300 4253 aux
2352 4184 2668 4274 précises
2723 4195 2792 4253 et
2841 4184 3313 4253 universelles
3366 4184 3600 4274 regles
3655 4184 3744 4253 de
3799 4206 3931 4253 son
3985 4195 4105 4266 art,
4163 4206 4338 4253 avec
4390 4206 4487 4253 un

706 4299 1243 4368 raisonnement
1272 4299 1532 4389 abregé
1564 4321 1652 4368 au
1684 4299 1869 4389 sujet
1897 4299 2023 4368 des
2053 4299 2410 4381 tableaux,
2444 4310 2601 4381 etc.,
2634 4299 2829 4368 Paris
2869 4299 3077 4381 1667,
3110 4299 3184 4367 in
3217 4300 3279 4368 8.

475 4530 590 4599 92.
624 4531 997 4611 BOWYER,
1031 4529 1287 4619 Origin
1317 4529 1402 4598 of
1423 4529 1737 4619 printing
1766 4529 1840 4597 in
1868 4540 2014 4598 two
2045 4551 2316 4619 essays,
2358 4529 2567 4611 1786,
2600 4529 2674 4597 in
2707 4530 2769 4598 8.

698 4642 839 4698 Non
866 4659 966 4698 era
992 4640 1095 4715 qui
1122 4640 1165 4697 il
1194 4641 1379 4715 luogo
1408 4640 1469 4698 di
1497 4640 1744 4698 inserire
1772 4641 1999 4715 quellre
2027 4641 2144 4698 due
2170 4641 2330 4698 belle
2359 4640 2776 4698 dissertazioni
2804 4640 3208 4698 eruditissime
3234 4640 3579 4715 pubblicate
3608 4641 3685 4698 da
3712 4649 3924 4715 questo
3953 4640 4199 4708 editore,
4230 4641 4399 4698 l’una
4425 4640 4486 4698 di

706 4735 1068 4803 Middleton,
1096 4736 1292 4793 l’altra
1315 4735 1376 4793 di
1400 4737 1724 4793 Meennan.
1752 4737 1862 4793 Ma
1884 4754 2006 4793 non
2030 4736 2086 4793 le
2112 4735 2393 4793 abbiamo
2418 4736 2735 4793 traslocate
2758 4754 2865 4810 per
2888 4735 3142 4810 cagione
3167 4736 3265 4793 del
3292 4735 3525 4810 seguito
3551 4735 3649 4793 dei
3673 4735 3922 4793 numeri.

471 4951 586 5020 93.
620 4952 1193 5032 BRUNNQUELLI
1225 4950 1421 5035 (Gio.
1458 4950 1862 5035 Salomon),
1895 4950 2323 5019 Dissertatio
2353 4950 2792 5040 inauguralis
2823 4950 3126 5019 iuridica
3153 4972 3244 5019 ne
3272 4950 3549 5040 pictura
3576 4950 3882 5032 famosa,
3914 4952 4133 5019 Jenae
4171 4951 4380 5032 1734,
4413 4950 4487 5018 in

706 5066 774 5147 4,
807 5065 933 5155 fig.
966 5065 1276 5134 Accedit
1304 5065 1634 5134 eiusdem
1663 5065 1752 5134 de
1780 5065 2056 5155 pictura
2082 5065 2387 5134 honesta
2416 5087 2498 5134 ae
2526 5065 2706 5147 utili,
2738 5065 2969 5134 M.45.

700 5177 927 5248 Questa
951 5177 984 5234 e
1010 5195 1128 5234 una
1152 5176 1583 5234 dissertazione
1609 5176 1904 5251 giuridica
1927 5176 2163 5234 intorno
2190 5177 2246 5234 le
2270 5176 2485 5251 pitture
2511 5176 2863 5234 calunniose
2887 5177 3211 5251 preceduta
3235 5177 3312 5234 da
3335 5195 3453 5234 una
3479 5185 3710 5251 stampa
3737 5176 4036 5251 singolare
4062 5195 4179 5234 con
4205 5176 4486 5234 allusioni

707 5273 763 5330 le
786 5272 891 5347 più
917 5281 1109 5330 strane
1134 5291 1167 5330 e
1190 5272 1475 5340 bizzarre,
1503 5291 1590 5330 ec.

485 5489 578 5577 [p.
621 5487 734 5570 15]

475 5718 590 5787 94.
635 5719 1094 5786 BULENGERI
1133 5718 1369 5799 Caes.,
1413 5719 1526 5786 De
1565 5717 1860 5807 pictura,
1903 5717 2226 5807 plastice,
2273 5717 2626 5799 statuaria,
2670 5717 2792 5786 lib.
2838 5717 3004 5799 duo,
3048 5717 3381 5807 Lugduni
3431 5717 3640 5799 1627,
3684 5717 3758 5785 in
3807 5718 3918 5799 12;
3964 5717 4328 5807 aggiunto:
4375 5719 4487 5786 De

706 5832 928 5901 Ludis
958 5832 1253 5922 privatis
1286 5854 1368 5901 ac
1399 5832 1820 5901 domesticis
1851 5843 2175 5901 veterum
2203 5832 2325 5901 lib.
2358 5832 2614 5901 unicus
2645 5834 2758 5901 De
2788 5832 3194 5914 Conviviis,
3227 5832 3349 5901 lib.
3383 5834 3503 5914 IV,
3538 5832 3801 5901 eodem
3829 5832 3996 5901 loco
4027 5843 4096 5901 et
4125 5854 4333 5901 anno.

698 5944 877 6001 Della
902 5943 1120 6018 pittura
1147 5944 1180 6001 e
1208 5952 1440 6001 trattato
1473 5944 1740 6001 secondo
1770 5943 1853 6018 gli
1883 5943 2105 6001 antichi
2134 5962 2167 6001 e
2196 5944 2361 6001 nulla
2391 5943 2440 6001 si
2469 5943 2604 6001 dice
2633 5943 2870 6001 intorno
2900 5943 2983 6018 gli
3013 5943 3198 6001 artisti
3227 5943 3518 6001 moderni.
3551 5943 3811 6001 Relativi
3841 5944 4238 6001 all’encausto
4271 5943 4486 6001 sonovi

708 6039 906 6097 alcuni
931 6039 1177 6114 capitoli
1201 6039 1577 6097 interessanti
1604 6039 1788 6097 scritti
1812 6039 1874 6096 in
1898 6040 2202 6114 un’epoca
2225 6040 2414 6097 molto
2441 6039 2732 6097 anteriore
2759 6058 2793 6097 a
2816 6040 3015 6114 quelle
3040 6040 3135 6097 de’
3167 6039 3440 6097 moderni
3467 6039 3738 6097 scrittori.

479 6253 594 6323 95.
629 6255 934 6322 BURTIN
963 6255 1360 6338 FRANCOIS
1392 6253 1682 6335 Xavier,
1716 6253 1951 6322 Traité
1981 6253 2355 6343 théorique
2387 6264 2456 6322 et
2484 6253 2808 6343 pratique
2839 6253 2966 6322 des
2999 6253 3588 6342 connoissances,
3622 6253 3745 6343 qui
3779 6264 3941 6322 sont
3969 6253 4413 6322 necessaires
4448 6254 4488 6322 à

706 6379 861 6437 tout
905 6379 1222 6437 amateur
1265 6368 1391 6437 des
1436 6368 1773 6437 tableaux
1819 6379 1888 6437 et
1932 6369 1972 6437 à
2013 6379 2175 6437 tous
2222 6390 2405 6437 ceux
2450 6368 2573 6458 qui
2618 6368 2910 6437 veulent
2954 6368 3347 6458 apprendre
3393 6369 3433 6437 à
3478 6368 3796 6458 aprèciér
3839 6379 3908 6437 et
3952 6390 4337 6437 conserver
4379 6368 4484 6437 les

2171 6657 2347 6694 WWW.
2358 6637 2734 6710 memofonte.
2748 6639 2791 6694 il
