4958 7017
1981 864 2366 922 Fondazione
2390 864 2775 922 Memofonte
2800 865 2976 922 onlus

1390 960 1600 1018 Studio
1624 979 1731 1035 per
1754 960 2226 1018 l’elaborazione
2250 960 2632 1018 informatica
2655 961 2813 1018 delle
2838 960 2991 1018 fonti
3018 960 3571 1018 storico—artistiche

713 1247 814 1305 Gli
853 1247 1261 1305 interlocutori
1303 1266 1453 1305 sono
1493 1249 1715 1322 Mengs
1757 1266 1790 1305 e
1828 1247 2273 1315 Winkelmann,
2316 1247 2427 1305 che
2468 1256 2730 1322 appunto
2772 1266 2889 1305 con
2929 1247 3058 1305 altri
3097 1247 3328 1305 uomini
3370 1247 3591 1305 sommi
3631 1247 4108 1315 contribuivano,
4152 1248 4339 1305 allora
4377 1247 4488 1305 che

707 1344 962 1401 l’autore
993 1343 1282 1418 pubblicò
1316 1344 1719 1418 quest’opera,
1756 1344 1811 1401 al
1842 1343 2265 1418 risorgimento
2299 1344 2457 1401 delle
2491 1343 2617 1411 arti;
2654 1362 2687 1401 e
2720 1343 3003 1411 Piranesi,
3039 1362 3072 1401 e
3105 1344 3373 1411 Canova,
3410 1362 3443 1401 e
3475 1344 3782 1411 Flaxman,
3818 1362 3851 1401 e
3883 1343 4102 1411 David,
4138 1362 4171 1401 e
4203 1343 4417 1411 Pikler,
4453 1362 4486 1401 e

706 1439 1026 1514 Morghen,
1054 1458 1087 1497 e
1111 1440 1395 1514 Volpato,
1423 1458 1456 1497 e
1481 1448 1656 1497 cento
1683 1439 1811 1497 altri
1836 1440 2168 1497 elevavano
2192 1439 2629 1514 precisamente
2654 1440 2710 1497 le
2737 1439 2843 1497 arti
2868 1440 3028 1497 dalla
3051 1440 3142 1497 lor
3170 1441 3247 1514 [p.
3276 1440 3377 1509 29]
3408 1440 3767 1497 decadenza.
3798 1439 4288 1514 Singolarissima
4311 1440 4344 1497 e
4368 1458 4488 1497 una

707 1535 1154 1593 dissertazione.

483 1731 640 1799 178.
683 1732 1177 1799 PELLEGRINO
1215 1730 1472 1799 Fulvio
1512 1741 1973 1812 mantovano,
2017 1730 2448 1820 Significato
2489 1730 2605 1799 dei
2645 1730 2872 1799 colori
2912 1752 2951 1799 e
2990 1730 3106 1799 dei
3145 1730 3480 1812 mazzoli,
3521 1730 3846 1799 Venezia
3891 1730 4099 1812 1618,
4143 1752 4485 1820 appresso

708 1845 972 1914 Cornia
1001 1845 1311 1927 Gallina,
1345 1845 1419 1913 in
1453 1846 1519 1927 8;
1555 1845 1977 1935 aggiuntovi
2008 1845 2060 1913 il
2090 1847 2401 1914 Trattato
2433 1845 2549 1914 dei
2581 1845 2809 1914 colori
2840 1845 3030 1914 nelle
3062 1867 3256 1914 arme
3287 1867 3326 1914 e
3357 1845 3547 1914 nelle
3577 1845 3801 1914 livree
3832 1867 3871 1914 e
3902 1845 4092 1914 nelle
4123 1845 4378 1927 divise,
4413 1845 4485 1914 di

707 1960 958 2030 Sicillo
988 1960 1250 2029 araldo
1279 1960 1400 2029 del
1430 1984 1505 2029 re
1528 1960 1835 2049 Alfonso
1864 1960 1939 2029 di
1961 1962 2335 2048 Aragona,
2368 1960 2693 2029 Venezia
2729 1960 2937 2042 1606,
2969 1982 3220 2050 presso
3250 1960 3445 2029 lucio
3477 1960 3814 2050 Spineda,
3847 1960 3921 2028 in
3954 1961 4016 2029 8.

708 2071 920 2143 Questi
945 2071 1306 2146 opuscoletti
1331 2090 1453 2129 non
1479 2090 1630 2129 sono
1656 2071 1919 2139 comuni,
1947 2090 2046 2129 ma
2069 2071 2268 2129 hanno
2292 2071 2595 2129 relazione
2621 2072 2737 2129 alle
2763 2071 3049 2146 allegorie
3074 2090 3107 2129 e
3133 2071 3252 2146 agli
3277 2071 3564 2129 emblemi
3587 2071 3693 2146 più
3718 2071 3829 2129 che
3855 2072 3972 2129 alla
3993 2071 4225 2146 pittura.

483 2268 640 2337 179.
682 2269 1038 2336 PENSIERI
1076 2267 1260 2336 sulla
1296 2267 1644 2336 credulità
1680 2289 1719 2336 e
1759 2267 1943 2336 sulla
1977 2267 2398 2357 prminenza
2432 2278 2535 2336 tra
2570 2267 2640 2336 la
2674 2267 2934 2357 pittura
2970 2289 3009 2336 e
3046 2267 3116 2336 la
3151 2267 3451 2349 musica,
3494 2289 3633 2336 con
3670 2278 3838 2336 note
3876 2289 3915 2336 e
3951 2267 4487 2357 un’appendice

710 2382 820 2451 sul
852 2404 1066 2451 senso
1096 2382 1390 2464 morale,
1423 2382 1760 2472 Bologna
1796 2383 2004 2464 1807,
2037 2382 2111 2450 in
2144 2383 2207 2464 8,
2241 2404 2280 2451 e
2311 2382 2538 2451 anche
2566 2384 2672 2451 M.
2709 2382 2823 2451 35.

706 2493 1071 2551 L’anonimo
1098 2502 1302 2551 autore
1327 2494 1360 2551 e
1384 2493 1427 2550 il
1451 2495 1525 2551 D.
1553 2493 1763 2551 Araldi
1787 2494 2121 2551 modonese
2148 2493 2470 2568 segretario
2496 2493 2879 2551 dell’Istituto
2904 2493 3239 2551 Nazionale
3263 2493 3531 2551 Italiano.

483 2690 640 2758 180.
689 2691 904 2758 PILES
954 2689 1129 2774 (de),
1177 2689 1657 2758 Dissertation
1704 2711 1821 2758 sur
1863 2689 1968 2758 les
2015 2711 2368 2779 ouvrages
2415 2689 2542 2758 des
2587 2689 2749 2779 plus
2795 2689 3090 2758 fameux
3134 2689 3467 2779 peintres.
3516 2689 3794 2758 Dediée
3841 2690 3881 2758 a
3922 2691 4028 2758 M.
4077 2689 4145 2758 le
4189 2691 4350 2758 Duc
4396 2689 4486 2758 de

707 2804 1107 2886 Richelieu,
1140 2804 1334 2873 Paris
1374 2804 1582 2886 1681,
1615 2804 1689 2872 in
1727 2805 1834 2873 12.

706 2917 773 2972 In
807 2924 1019 2990 questo
1055 2916 1388 2973 volumetto
1424 2916 1457 2973 è
1493 2915 1777 2990 aggiunta
1810 2916 1868 2973 la
1901 2915 2276 2973 descrizione
2311 2915 2409 2973 dei
2444 2915 2653 2990 quadri
2688 2916 2785 2973 del
2821 2915 3143 2973 Gabinetto
3178 2915 3512 2983 Richelieu,
3550 2916 3608 2973 la
3641 2915 3765 2973 vita
3798 2915 3859 2973 di
3893 2916 4138 2973 Rubens
4174 2924 4232 2973 et
4264 2915 4326 2972 in
4361 2915 4486 2973 fine

704 3011 1013 3085 Dialogue
1038 3031 1145 3069 sur
1167 3011 1221 3069 le
1247 3011 1487 3079 coloris,
1518 3014 1709 3079 Paris,
1742 3012 1887 3075 chez
1908 3011 2212 3085 Langlais,
2247 3011 2425 3069 1699.

483 3207 640 3275 181.
674 3208 889 3275 PILES
924 3206 1099 3291 (de),
1141 3207 1198 3275 1.
1232 3206 1535 3275 Recueil
1565 3206 1654 3275 de
1684 3206 1921 3275 divers
1953 3228 2306 3296 ouvrages
2340 3228 2458 3275 sur
2486 3206 2556 3275 la
2582 3206 2906 3296 peinture
2936 3217 3005 3275 et
3032 3206 3100 3275 le
3131 3206 3419 3288 coloris,
3452 3206 3646 3275 Paris
3686 3206 3894 3288 1775,
3927 3206 4001 3274 in
4039 3207 4146 3275 12.

858 3322 923 3390 2.
1008 3322 1240 3390 Cours
1272 3321 1361 3390 de
1389 3321 1713 3411 peinture
1741 3343 1868 3411 par
1894 3321 2240 3411 principe,
2273 3321 2467 3390 Paris
2507 3322 2714 3391 1791.

859 3437 923 3505 3.
1006 3436 1296 3526 Abregé
1326 3436 1416 3505 de
1445 3436 1515 3505 la
1542 3436 1660 3505 vie
1690 3436 1816 3505 des
1846 3436 2159 3526 peintres
2192 3458 2368 3505 avec
2399 3436 2525 3505 des
2555 3436 2951 3505 réflexions
2985 3458 3102 3505 sur
3129 3436 3317 3505 leurs
3349 3458 3726 3526 ouvrages,
3759 3436 3953 3505 Paris
3993 3436 4201 3505 1767.

856 3552 923 3620 4.
1006 3552 1204 3620 L’art
1232 3551 1321 3620 de
1350 3551 1420 3620 la
1446 3551 1771 3641 peinture
1801 3551 1890 3620 de
1920 3552 2002 3620 C.
2036 3552 2125 3620 A.
2160 3551 2255 3620 du
2283 3553 2622 3641 Fresnoy,
2654 3551 2915 3620 traduit
2941 3573 3068 3641 par
3096 3551 3185 3620 de
3214 3551 3426 3633 Piles,
3468 3552 3675 3620 1783.

858 3666 923 3735 5.
1006 3666 1345 3735 Elèmens
1377 3666 1466 3735 de
1494 3666 1818 3756 peinture
1846 3666 2193 3756 pratique,
2226 3666 2420 3735 Paris
2460 3666 2667 3735 1776.

713 3777 925 3849 Questi
950 3777 1168 3852 cinque
1193 3777 1425 3835 volumi
1450 3786 1834 3852 contengono
1860 3778 1916 3835 le
1941 3796 2123 3852 opere
2145 3777 2462 3852 principali
2487 3777 2548 3835 di
2573 3786 2785 3852 questo
2812 3786 3032 3835 autore.

479 3974 636 4042 182.
679 3975 894 4042 PILES
938 3973 1113 4058 (de),
1155 3973 1500 4042 Diverses
1541 3973 1983 4042 coversatios
2026 3995 2143 4042 sur
2179 3973 2249 4042 la
2284 3973 2630 4063 peinture,
2672 3973 2866 4042 Paris
2915 3973 3122 4042 1677.
3166 3975 3244 4041 In
3282 3973 3433 4042 fine
3474 3995 3514 4042 a
3550 3984 3806 4063 questo
3845 3973 4029 4042 libro
4071 3995 4252 4042 sono
4290 3973 4487 4042 unite

719 4088 1013 4178 Figures
1045 4088 1545 4157 d’accademie
1573 4110 1756 4178 pour
1785 4088 2178 4178 apprendre
2210 4110 2250 4157 a
2278 4088 2621 4170 dessiner,
2656 4089 2954 4178 gravées
2984 4110 3111 4178 par
3140 4088 3517 4157 Sebastien
3546 4088 3614 4157 le
3644 4088 3877 4170 Clerc,
3919 4088 4126 4157 1673.
4162 4089 4361 4157 Sono
4393 4089 4478 4157 31

719 4203 980 4272 tavole.

711 4316 795 4372 Le
820 4314 982 4389 quali
1006 4314 1286 4389 tengonsi
1310 4314 1372 4371 in
1394 4314 1604 4389 pregio
1630 4314 1793 4389 dagli
1819 4314 2086 4372 amatori.

479 4510 636 4578 183.
670 4511 885 4578 PILES
920 4509 1095 4594 (de),
1128 4509 1279 4578 The
1307 4509 1697 4599 principles
1729 4509 1814 4578 of
1835 4509 2180 4599 painting,
2213 4509 2521 4578 London
2559 4510 2767 4591 1743,
2800 4509 2874 4577 in
2907 4510 2969 4578 8.

708 4621 935 4692 Questa
958 4621 991 4678 e
1016 4639 1134 4678 una
1156 4620 1505 4678 traduzione
1529 4620 1592 4677 in
1615 4620 1848 4695 inglese
1873 4621 1948 4678 de
1972 4629 2204 4678 trattato
2230 4620 2291 4678 di
2315 4622 2409 4678 De
2433 4620 2591 4678 Piles
2617 4620 2762 4678 fatta
2785 4621 2862 4678 da
2884 4639 2964 4678 un
2986 4620 3219 4695 pittore.

479 4817 636 4885 184.
707 4818 992 4885 PILEUR
1058 4816 1484 4906 d’Alpigny,
1555 4816 1789 4885 Traité
1856 4816 1982 4885 des
2051 4816 2382 4885 couleurs
2451 4816 2811 4885 matériels
2886 4818 2979 4906 [p.
3052 4817 3172 4899 30]
3246 4827 3315 4885 et
3380 4816 3469 4885 de
3535 4816 3605 4885 la
3669 4816 3986 4885 maniere
4053 4816 4142 4885 de
4209 4816 4489 4885 colorer

719 4931 1217 5000 relativement
1246 4953 1384 5000 aux
1416 4942 1552 5000 arts
1584 4953 1674 5021 ey
1703 4931 2014 5013 mètiers,
2047 4931 2241 5000 Paris
2281 4932 2489 5013 1779,
2522 4931 2596 4999 in
2634 4932 2741 5000 12.

479 5142 636 5211 185.
689 5144 880 5211 PINO
929 5164 1205 5211 messer
1251 5142 1497 5224 Paolo,
1549 5142 1866 5232 Dialogo
1916 5142 1988 5211 di
2036 5142 2296 5232 pittura
2342 5153 2827 5211 nuovamente
2876 5142 3042 5211 dato
3092 5142 3166 5210 in
3214 5142 3397 5224 luce,
3451 5142 3776 5211 Venezia
3831 5142 4039 5224 1548,
4090 5164 4217 5232 per
4263 5142 4487 5211 Paolo

721 5257 1092 5326 Gherardo
1122 5257 1196 5325 in
1229 5258 1291 5326 8.

729 5369 1223 5443 Quest’elegante
1248 5369 1627 5443 opuscoletto
1653 5368 1719 5426 fu
1743 5368 2039 5426 intitolato
2066 5369 2121 5426 al
2146 5369 2304 5443 doge
2328 5370 2662 5426 Francesco
2687 5370 2947 5436 Donato,
2975 5387 3150 5426 come
3176 5387 3210 5426 a
3234 5387 3377 5426 vero
3403 5377 3712 5426 mecenate
3738 5369 3896 5426 delle
3922 5368 4045 5426 arti.

479 5563 636 5632 186.
688 5565 1000 5632 PISARRI
1046 5563 1284 5645 Carlo,
1335 5563 1680 5653 Dialoghi
1727 5574 1831 5632 tra
1877 5563 2093 5632 Claro
2142 5585 2181 5632 e
2230 5563 2495 5653 Sarpiri
2542 5585 2668 5653 per
2713 5563 2992 5632 istruire
3040 5563 3156 5632 chi
3205 5563 3534 5632 desidera
3580 5563 3902 5632 d’essere
3948 5585 4045 5632 un
4093 5563 4486 5632 eccellente

719 5678 977 5768 pittore
1006 5678 1355 5768 figurista,
1389 5678 1725 5768 Bologna
1762 5679 1970 5760 1778,
2003 5678 2077 5746 in
2110 5679 2172 5747 8.

479 5890 636 5958 187.
680 5891 972 5958 PORZIO
1015 5889 1336 5971 Simone,
1379 5891 1691 5958 Trattato
1732 5889 1848 5958 dei
1890 5889 2117 5958 colori
2158 5889 2352 5979 degli
2394 5889 2627 5971 occhi,
2669 5889 2976 5958 tradotto
3016 5889 3090 5957 in
3130 5889 3425 5979 volgare
3467 5889 3558 5958 da
3596 5889 3885 5958 Giovan
3925 5889 4229 5958 Battista
4267 5889 4484 5971 Gelli,

719 6004 1036 6086 Firenze,
1068 6026 1320 6094 presso
1350 6004 1402 6072 il
1431 6004 1876 6086 Torrentino,
1918 6004 2126 6086 1557,
2159 6004 2233 6072 in
2266 6005 2328 6073 8.

723 6116 802 6172 Al
837 6115 1047 6190 pregio
1085 6116 1183 6173 del
1219 6116 1540 6173 traduttore
1577 6134 1610 6173 e
1647 6116 2003 6173 dell’autore
2042 6115 2401 6190 s’aggiunge
2438 6116 2641 6190 quello
2679 6115 3059 6173 dell’editore
3096 6115 3157 6173 di
3194 6124 3406 6190 questo
3442 6115 3722 6190 prezioso
3759 6115 4016 6183 libretto;
4055 6115 4351 6173 intitolato
4389 6116 4487 6173 dal

721 6211 882 6269 Gelli
908 6212 963 6269 al
988 6211 1252 6269 cardinal
1278 6212 1586 6286 Gonzaga.

479 6408 636 6476 188.
671 6409 1084 6476 POSSEVINI
1111 6407 1435 6489 Antonii,
1469 6407 1824 6476 Tractatio
1856 6407 1945 6476 de
1974 6407 2181 6497 poesi
2213 6418 2282 6476 et
2309 6407 2586 6497 pictura
2615 6407 2869 6489 ethica,
2902 6407 3218 6476 humana
3247 6418 3316 6476 et
3344 6407 3681 6476 fabulosa
3710 6407 4067 6476 collocata
4096 6429 4264 6476 cum
4293 6429 4482 6489 vera,

2171 6657 2347 6694 WWW.
2358 6637 2734 6710 memofonte.
2748 6639 2791 6694 il
