4958 7017
1981 864 2366 922 Fondazione
2390 838 2775 922 Memofonte
2800 865 2976 922 onlus

1390 960 1600 1018 Studio
1624 979 1731 1035 per
1754 960 2226 1018 l’elaborazione
2250 960 2632 1018 informatica
2655 961 2813 1018 delle
2838 960 2991 1018 fonti
3018 960 3571 1018 storico—artistiche

708 1248 763 1305 al
788 1247 930 1305 fine.
958 1248 1306 1322 Esemplare
1330 1247 1393 1304 in
1417 1256 1577 1305 carta
1600 1247 1858 1305 distinta.

476 1440 655 1497 3242.
688 1441 1044 1497 HOLSTENII
1072 1441 1290 1507 Lucae,
1322 1441 1513 1497 Vetus
1542 1439 1773 1514 pictura
1800 1439 2174 1514 nympheum
2200 1439 2484 1507 referens,
2518 1439 3017 1497 commentariolo
3048 1439 3361 1514 explicata.
3395 1440 3712 1497 Accedunt
3741 1439 3858 1497 alia
3886 1440 4186 1514 quaedam
4213 1440 4489 1514 ejusdem

708 1535 984 1603 auctoris,
1011 1537 1244 1593 Romae
1276 1535 1451 1603 1676,
1478 1535 1540 1592 in
1564 1535 1691 1603 fol.,
1718 1535 1845 1610 fig.,
1872 1537 1960 1593 M.
1989 1536 2086 1594 91.

711 1632 759 1688 Il
791 1631 1015 1689 ritratto
1050 1632 1406 1689 dell’autore
1440 1632 1473 1689 e
1506 1632 1604 1689 nel
1638 1631 2048 1706 frontespizio.
2088 1632 2285 1706 Segue
2319 1632 2377 1689 la
2409 1650 2554 1706 gran
2586 1632 2789 1689 tavola
2820 1631 2882 1688 in
2913 1650 3077 1689 rame
3111 1631 3460 1689 dell’antica
3490 1631 3708 1706 pittura
3740 1650 3773 1689 e
3807 1631 3890 1706 gli
3925 1631 4054 1689 altri
4088 1631 4383 1706 opuscoli.
4420 1633 4487 1688 In

706 1735 854 1784 tutto
879 1745 1002 1784 non
1028 1745 1178 1784 sono
1202 1727 1348 1801 però
1374 1726 1485 1784 che
1517 1727 1589 1783 12
1613 1726 1848 1801 pagine.

476 1919 655 1976 3243.
690 1920 784 1976 De
817 1919 875 1976 la
906 1920 1186 1976 HUERTA
1215 1918 1411 1976 Pietro
1446 1918 1681 1986 Garcia,
1718 1918 2147 1976 Osservazioni
2182 1937 2359 1993 sopra
2389 1918 2915 1976 un’antichissima
2945 1919 3231 1976 tavoletta
3262 1918 3541 1976 d’avorio
3574 1919 3672 1976 nel
3704 1920 3926 1976 Museo
3959 1918 4118 1976 Muti
4150 1918 4485 1993 Papazurri,

706 2016 903 2072 Roma
933 2015 1108 2082 1792,
1135 2014 1197 2071 in
1220 2015 1277 2082 4,
1304 2016 1392 2072 M.
1421 2015 1517 2073 29.

476 2207 655 2264 3244.
682 2208 938 2264 JACUTII
960 2206 1271 2274 Matthaei,
1299 2206 1566 2264 Historia
1589 2206 1842 2264 visionis
1868 2206 2248 2264 Constantini
2272 2206 2506 2281 Magni,
2533 2208 2765 2264 Romae
2797 2206 2972 2274 1755,
2999 2206 3061 2263 in
3084 2207 3140 2264 4.

476 2397 655 2455 3245.
682 2399 938 2455 JACUTII
960 2397 1271 2465 Matthaei,
1299 2397 1819 2455 Commentarium
1841 2397 1904 2454 in
1927 2397 2166 2455 titulum
2188 2399 2472 2455 Bonusae
2498 2406 2556 2455 et
2578 2399 2860 2465 Mennae,
2887 2399 3120 2455 Romae
3152 2397 3327 2465 1758,
3354 2397 3416 2454 in
3439 2398 3495 2465 4,
3522 2399 3610 2455 M.
3641 2398 3694 2455 3.

476 2589 655 2647 3246.
683 2591 939 2647 JACUTII
963 2589 1274 2657 Matthaei,
1306 2590 1634 2664 Syntagma
1659 2608 1779 2664 quo
1808 2589 2144 2664 apparentis
2171 2591 2403 2664 Magno
2431 2589 2787 2647 Costantino
2815 2589 3027 2647 Crucis
3054 2589 3303 2647 historia
3328 2590 3649 2664 complexa
3674 2598 3764 2647 est
3788 2589 4068 2647 universa
4093 2598 4225 2657 etc.,
4254 2591 4486 2647 Romae

714 2685 825 2743 175
834 2685 889 2753 5,
915 2685 977 2742 in
1000 2686 1056 2743 4.

715 2782 1063 2856 Esemplare
1087 2781 1149 2838 in
1173 2790 1333 2839 carta
1357 2782 1596 2856 grande.

476 2973 655 3030 3347.
685 2974 940 3030 JACUTII
965 2972 1276 3040 Matthaei,
1307 2972 1781 3030 Christianarum
1808 2972 2226 3047 antiquitatum
2254 2972 2588 3047 specimina
2614 2991 2767 3047 quae
2794 2972 2856 3029 in
2884 2981 3083 3030 vetere
3110 2974 3393 3030 Bonusae
3421 2981 3479 3030 et
3505 2974 3769 3030 Mennae
3796 2972 3968 3030 titulo
3997 2991 4030 3030 e
4060 2973 4398 3030 suburbana
4426 2973 4483 3030 S.

706 3069 938 3143 Agatae
961 3068 1215 3126 basilica
1239 3087 1330 3126 an.
1366 3068 1520 3126 1757
1547 3068 1910 3126 Vaticanum
1934 3069 2009 3126 ad
2032 3070 2322 3126 Museum
2344 3077 2681 3126 transvecta
2704 3068 3231 3126 exercitationibus
3257 3069 3693 3136 collustrantur,
3720 3070 3952 3126 Romae
3984 3068 4159 3136 1758,
4186 3068 4248 3125 in
4271 3069 4327 3126 4.

706 3166 790 3222 Le
814 3165 1015 3222 tavole
1039 3164 1101 3221 in
1125 3173 1334 3239 queste
1359 3165 1475 3222 due
1500 3183 1682 3239 opere
1709 3183 1859 3222 sono
1884 3164 2190 3239 intagliate
2214 3164 2277 3221 in
2301 3165 2481 3239 legno
2507 3183 2540 3222 e
2564 3164 2807 3222 inserite
2832 3164 2922 3222 fra
2944 3164 2987 3221 il
3011 3173 3182 3222 testo.

476 3356 655 3413 3248.
685 3357 1057 3413 ISCRIZIONE
1082 3374 1189 3430 per
1215 3356 1516 3413 celebrare
1543 3355 1563 3412 i
1591 3355 2021 3430 quinquennali
2049 3355 2110 3413 di
2138 3356 2452 3413 Clemente
2480 3357 2621 3412 XIII
2651 3356 2741 3413 sul
2769 3356 3014 3413 metodo
3043 3356 3201 3413 delle
3228 3356 3428 3413 tavole
3456 3355 3691 3413 famose
3719 3355 3780 3413 di
3807 3356 4109 3423 Narbona,
4139 3356 4297 3413 nelle
4325 3355 4487 3430 quali

709 3451 758 3509 si
783 3451 1146 3526 compendia
1168 3460 1315 3509 tutta
1338 3452 1396 3509 la
1419 3451 1542 3509 vita
1565 3451 1626 3509 di
1650 3452 1928 3526 Augusto
1954 3470 1987 3509 e
2012 3452 2107 3509 de’
2139 3451 2514 3509 monumenti
2539 3452 2637 3509 del
2662 3451 2944 3526 Collegio
2970 3452 3065 3509 de’
3096 3451 3333 3509 Fratelli
3358 3451 3585 3509 Arvali:
3615 3470 3695 3509 un
3720 3451 4016 3526 foglietto,
4043 3453 4131 3509 M.
4160 3452 4257 3509 23.

476 3644 655 3702 3249.
683 3645 861 3700 LAMI
886 3643 1209 3711 Giovanni,
1237 3643 1488 3701 Lezioni
1515 3643 1576 3701 di
1603 3643 1885 3701 antichità
1908 3652 2155 3701 toscane
2181 3662 2214 3701 e
2245 3645 2323 3718 [p.
2360 3644 2496 3713 117]
2529 3643 2957 3718 specialmente
2983 3644 3143 3701 della
3167 3643 3308 3701 città
3332 3643 3393 3701 di
3418 3643 3682 3711 Firenze,
3710 3643 3956 3701 Firenze
3989 3643 4164 3711 1766,
4193 3644 4312 3701 vol.
4342 3644 4398 3711 2,
4426 3643 4488 3700 in

706 3740 763 3807 4,
791 3739 895 3814 fig.

700 3836 1104 3910 Quest’opera
1136 3835 1476 3893 dottissima
1509 3836 1542 3893 e
1574 3836 1899 3910 preceduta
1931 3836 2008 3893 da
2040 3854 2158 3893 una
2191 3836 2374 3910 lunga
2404 3835 2755 3910 prefazione
2789 3835 2850 3893 di
2884 3835 3056 3910 quasi
3090 3836 3211 3893 200
3244 3835 3482 3910 pagine,
3518 3835 3581 3892 in
3614 3835 3712 3893 cui
3749 3835 3798 3893 si
3831 3836 4014 3893 rende
4046 3835 4294 3910 ragione
4328 3836 4486 3893 delle

706 3931 906 3988 tavole
959 3949 1161 4005 sparse
1212 3930 1302 3988 fra
1349 3930 1392 3987 il
1442 3939 1595 3988 testo
1646 3931 1805 3988 delle
1855 3930 2272 3988 dissertazioni
2322 3949 2355 3988 e
2408 3930 2457 3988 si
2510 3930 2920 3988 schiariscono
2971 3930 3143 3988 molti
3191 3930 3356 4005 passi
3406 3930 3467 3988 di
3518 3939 3905 3988 controversa
3953 3930 4301 3988 erudizione
4351 3949 4384 3988 e
4437 3930 4486 3988 si

707 4026 1095 4101 giustificano
1121 4026 1292 4084 molti
1317 4026 1485 4084 modi
1510 4027 1608 4084 del
1633 4026 1775 4084 dire.

476 4218 655 4276 3250.
691 4220 895 4275 LAMY
926 4219 1149 4286 l’abbé,
1184 4218 1571 4293 Description
1603 4219 1678 4276 de
1711 4219 1870 4276 deux
1902 4237 2263 4276 monumens
2299 4218 2571 4293 antiques
2605 4218 2707 4293 qui
2743 4218 3068 4276 subsistent
3097 4219 3233 4293 près
3268 4219 3326 4276 la
3358 4218 3501 4276 ville
3535 4219 3610 4276 de
3645 4218 3812 4276 Saint
3843 4220 4056 4293 Remy,
4094 4219 4128 4276 a
4158 4220 4483 4286 Provence,

706 4314 869 4372 Paris
902 4315 1076 4382 1787,
1103 4314 1165 4371 in
1192 4315 1245 4382 8,
1272 4316 1360 4372 M.
1389 4314 1485 4372 50.

476 4505 655 4563 3251.
684 4507 839 4562 LAPI
864 4505 1169 4563 Giovanni
1197 4505 1530 4573 Girolamo,
1558 4505 1822 4563 Lezione
1849 4505 2235 4563 accademica
2258 4505 2496 4563 intorno
2523 4505 2805 4580 l’origine
2831 4505 2929 4563 dei
2955 4506 3071 4563 due
3098 4505 3260 4580 laghi
3286 4506 3527 4563 Albano
3554 4524 3587 4563 e
3612 4507 3965 4573 Nemorese,
3993 4507 4191 4563 Roma
4222 4506 4397 4573 1781,
4425 4505 4487 4562 in

706 4602 763 4669 4,
790 4603 878 4659 M.
914 4602 963 4669 1,
989 4601 1051 4658 in
1075 4610 1235 4659 carta
1258 4602 1497 4676 grande.

476 4793 655 4851 3252.
682 4795 930 4851 LEGATI
953 4793 1272 4861 Laurentii,
1299 4793 1669 4851 Poetriarum
1689 4793 2006 4868 primitiae,
2033 4793 2349 4851 Bononiae
2381 4793 2556 4861 1668,
2583 4793 2645 4850 in
2668 4794 2725 4861 4,
2753 4793 2879 4868 fig.,
2906 4795 2994 4851 M.
3022 4793 3120 4851 45.

705 4890 869 4947 Sono
895 4889 1089 4964 questi
1115 4889 1434 4964 fragmenti
1459 4889 1520 4947 di
1544 4889 1677 4947 Elia
1700 4889 1992 4957 Eudoxia,
2020 4889 2081 4947 di
2105 4889 2349 4947 Valeria
2371 4889 2672 4957 Falconia,
2701 4889 2762 4947 di
2789 4889 3057 4964 Sulpicia
3080 4889 3323 4947 Caluria
3344 4889 3592 4947 raccolti
3617 4908 3650 4947 e
3674 4889 3965 4947 illustrati.

476 5080 655 5138 3253.
685 5082 992 5138 LEICHIUS
1023 5080 1318 5138 Henricus
1347 5080 1672 5155 lipsiensis,
1702 5082 1796 5138 De
1824 5080 2083 5155 diptycis
2112 5089 2398 5148 veterum,
2429 5089 2488 5138 et
2515 5081 2590 5138 de
2618 5080 2862 5155 diptyco
2890 5080 3084 5138 Emin.
3117 5080 3371 5152 Quirini,
3402 5080 3671 5148 diatribe,
3701 5080 3942 5155 Lipsiae
3977 5081 4152 5148 1743,
4182 5080 4244 5137 in
4270 5081 4327 5148 4,
4358 5080 4484 5155 fig.,

706 5178 794 5234 M.
830 5177 878 5234 1.

705 5273 869 5330 Sono
912 5272 974 5329 in
1016 5273 1515 5347 quest’opuscolo
1559 5273 1675 5330 due
1718 5273 1918 5330 tavole
1961 5273 2119 5330 delle
2162 5272 2324 5347 quali
2366 5291 2484 5330 una
2523 5281 2801 5347 presenta
2841 5291 2922 5330 un
2962 5272 3301 5330 bellissimo
3345 5291 3378 5330 e
3419 5291 3551 5330 raro
3595 5272 3930 5347 fragmento
3974 5272 4035 5330 di
4078 5272 4286 5330 dittico
4330 5273 4490 5330 della

706 5368 1048 5426 Biblioteca
1071 5369 1169 5426 del
1196 5369 1415 5426 Senato
1441 5368 1502 5426 di
1526 5368 1748 5443 Lipsia.

476 5559 655 5617 3254.
686 5561 963 5617 LICETUS
992 5559 1327 5627 Fortunius,
1357 5561 1451 5617 De
1479 5559 1789 5627 Monstris,
1820 5578 1896 5617 ex
1921 5559 2276 5617 recensione
2305 5559 2555 5617 Gerardi
2582 5559 2791 5627 Blasii,
2822 5559 3007 5617 editio
3035 5559 3371 5617 novissima
3397 5559 3675 5617 iconibus
3703 5559 4010 5627 illustrata,
4041 5559 4486 5617 Amstelodami

714 5655 889 5723 1655,
915 5655 977 5712 in
1000 5656 1057 5723 4,
1085 5655 1189 5730 fig.

706 5753 790 5809 Le
833 5751 1260 5826 copiosissime
1302 5752 1502 5809 tavole
1545 5751 1606 5809 di
1649 5752 2037 5826 quest’opera
2078 5751 2411 5809 distribuite
2455 5770 2489 5809 a
2533 5752 2797 5809 seconda
2838 5752 2936 5809 del
2978 5760 3131 5809 testo
3175 5751 3420 5809 offrono
3464 5760 3686 5826 quanto
3730 5751 3791 5809 di
3832 5751 3937 5826 più
3981 5760 4177 5809 strano
4219 5770 4485 5826 possano

708 5866 1032 5905 accozzare
1057 5847 1140 5922 gli
1165 5847 1359 5905 effetti
1384 5847 2046 5922 dell’immaginazione
2071 5866 2104 5905 e
2129 5848 2289 5905 della
2311 5856 2533 5905 natura.

476 6039 655 6097 3255.
682 6041 871 6097 LIPSII
893 6039 1061 6107 Justi,
1088 6041 1182 6097 De
1207 6058 1401 6107 cruce,
1429 6039 1565 6097 libri
1589 6048 1705 6097 tres
1731 6058 1872 6097 cum
1894 6039 2070 6107 notis,
2098 6039 2482 6114 Antuerpiae,
2511 6058 2586 6097 ex
2610 6039 2866 6097 officina
2888 6039 3278 6107 Plantiniana,
3313 6039 3488 6107 1594,
3514 6039 3576 6096 in
3599 6040 3656 6107 4,
3684 6039 3788 6114 fig.

474 6135 650 6192 Colle
674 6135 874 6192 tavole
898 6134 1205 6209 intagliate
1229 6134 1292 6191 in
1314 6153 1478 6192 rame
1505 6134 1560 6192 ai
1585 6134 1793 6209 luoghi
1817 6134 2064 6192 indicati
2088 6135 2186 6192 nel
2210 6143 2382 6192 testo.

476 6326 655 6384 3256.
682 6328 871 6384 LIPSII
893 6326 1061 6394 Justi,
1088 6328 1182 6384 De
1206 6328 1394 6384 Vesta
1417 6335 1475 6384 et
1499 6326 1826 6384 vestalibus
1854 6326 2167 6401 sintagma,
2195 6326 2580 6401 Antuerpiae,
2608 6345 2683 6384 ex
2707 6326 2963 6384 officina
2985 6326 3375 6394 Plantiniana,
3410 6326 3585 6394 1603,
3612 6326 3674 6383 in
3697 6327 3753 6384 4.

2171 6657 2347 6694 WWW.
2358 6637 2734 6710 memofonte.
2748 6639 2791 6694 il
