4958 7017
1981 864 2366 922 Fondazione
2390 838 2775 922 Memofonte
2800 865 2976 922 onlus

1390 960 1600 1018 Studio
1624 979 1731 1035 per
1754 960 2226 1018 l’elaborazione
2250 960 2632 1018 informatica
2655 961 2813 1018 delle
2838 960 2991 1018 fonti
3018 960 3571 1018 storico—artistiche

476 1247 655 1305 3257.
692 1249 881 1304 LYDII
912 1247 1141 1315 Jacobi,
1181 1247 1491 1322 Sintagma
1527 1266 1763 1305 sacrum
1795 1248 1870 1305 de
1903 1266 1966 1305 re
2001 1247 2241 1305 militari
2275 1266 2386 1305 nec
2422 1266 2544 1305 non
2578 1248 2653 1305 de
2680 1248 2814 1322 jure
2840 1248 3098 1322 jurando
3134 1247 3471 1305 dissertatio
3504 1247 3893 1322 philologica.
3933 1248 4102 1322 Opus
4136 1256 4488 1322 postumum

707 1362 848 1401 cum
871 1343 976 1418 fig.
1006 1343 1208 1401 aeneis
1234 1343 1683 1418 elegantissime
1708 1343 1916 1401 incisis
1941 1343 2301 1401 illustratum
2325 1362 2359 1401 a
2384 1344 2711 1401 Salomone
2736 1345 2872 1401 Van
2895 1343 3007 1401 Til.
3035 1343 3346 1411 Dordraci,
3381 1343 3555 1411 1698,
3582 1343 3644 1400 in
3667 1344 3724 1411 4,
3751 1343 3855 1418 fig.

706 1441 790 1497 Le
814 1440 1015 1497 tavole
1042 1458 1244 1514 sparse
1268 1440 1366 1497 nel
1390 1448 1544 1497 testo
1570 1440 1907 1514 dell’opera
1932 1458 2082 1497 sono
2108 1439 2169 1497 di
2192 1439 2495 1514 passabile
2519 1439 2788 1514 intaglio,
2815 1439 2945 1497 utili
2968 1458 3075 1514 per
3098 1440 3154 1497 le
3180 1448 3470 1497 armature
3495 1458 3528 1497 e
3554 1439 3683 1497 altri
3708 1439 3935 1514 oggetti
3960 1439 4218 1497 militari.

479 1633 557 1706 [p.
593 1632 729 1701 118]

476 1822 655 1880 3258.
695 1824 1118 1880 MACHIRELLI
1154 1823 1222 1880 C.
1263 1822 1598 1890 Vincenzo,
1641 1822 2041 1897 Spiegazione
2079 1823 2378 1880 dell’altra
2414 1823 2572 1880 delle
2610 1823 2726 1880 due
2765 1822 2999 1880 antiche
3035 1822 3167 1880 basi
3205 1822 3266 1880 di
3304 1841 3534 1880 marmo
3575 1831 3847 1897 scoperte
3884 1823 3982 1880 nel
4027 1823 4183 1880 1770
4222 1823 4320 1880 dal
4357 1841 4484 1880 cav.

706 1918 1048 1976 Domenico
1073 1918 1417 1986 Bonamini,
1444 1920 1663 1976 Pesaro
1696 1919 1870 1986 1771,
1897 1918 1959 1975 in
1982 1919 2039 1986 4,
2066 1920 2154 1976 M.
2185 1919 2237 1976 8.

702 2015 927 2072 L’altra
950 2014 1016 2072 fu
1039 2014 1330 2072 illustrata
1353 2014 1778 2072 dall’Olivieri.

476 2206 655 2265 3259.
682 2208 939 2263 MAFFEI
962 2206 1183 2264 march.
1214 2206 1518 2281 Scipione,
1545 2206 1721 2264 Rime
1746 2225 1779 2264 e
1802 2225 1981 2281 prose
2004 2215 2169 2281 parte
2192 2207 2454 2264 raccolte
2478 2207 2555 2264 da
2578 2207 2698 2281 varj
2729 2206 2864 2264 libri
2889 2225 2922 2264 e
2944 2215 3109 2281 parte
3133 2225 3255 2264 non
3277 2206 3382 2281 più
3408 2215 3716 2281 stampate,
3743 2206 4014 2264 Venezia
4044 2207 4219 2274 1719,
4246 2206 4308 2263 in
4331 2207 4387 2264 4.

698 2302 875 2359 Nelle
898 2320 1077 2376 prose
1104 2320 1254 2359 sono
1279 2301 1493 2359 trattati
1519 2301 1717 2359 alcuni
1744 2301 2076 2376 argomenti
2099 2301 2333 2359 relativi
2359 2320 2393 2359 a
2416 2301 2643 2376 oggetti
2668 2302 2859 2359 d’arte
2884 2320 2917 2359 e
2942 2301 3356 2376 d’antiquaria.

476 2493 655 2551 3260.
682 2495 1035 2551 MONACHII
1057 2493 1345 2561 Thomae,
1372 2495 1466 2551 De
1491 2493 1874 2568 episcopatus
1900 2493 2150 2551 Hortani
2176 2493 2524 2568 antiquitate
2549 2493 2700 2551 liber
2725 2493 3059 2568 singularis,
3087 2495 3319 2551 Romae
3351 2493 3526 2561 1759,
3553 2493 3615 2550 in
3638 2494 3695 2561 4,
3723 2493 4000 2568 figurato,
4027 2495 4115 2551 M.
4144 2494 4241 2551 24.

707 2590 842 2647 Con
866 2598 1097 2664 quattro
1122 2590 1322 2647 tavole
1347 2589 1723 2647 d’iscrizioni
1749 2608 1782 2647 e
1809 2589 2009 2664 sigilli

476 2781 655 2839 3261.
697 2783 934 2839 MANIN
971 2782 1306 2849 Leonardo,
1347 2781 1648 2839 Memorie
1690 2781 2188 2839 storico-critiche
2226 2781 2463 2839 intorno
2504 2782 2562 2839 la
2599 2781 2721 2839 vita
2757 2781 3115 2839 traslazione
3154 2800 3187 2839 e
3225 2781 3589 2839 invenzione
3628 2781 3689 2839 di
3730 2782 3787 2839 S.
3829 2783 4043 2839 Marco
4082 2781 4484 2856 Evangelista,

706 2876 977 2934 Venezia
1007 2876 1182 2944 1815,
1209 2876 1271 2933 in
1294 2877 1351 2944 4,
1379 2876 1505 2951 fig.,
1532 2878 1620 2934 M.
1649 2876 1746 2934 76.

706 2972 1010 3030 Memoria
1033 2972 1438 3030 eruditissima
1461 2991 1578 3030 con
1603 2972 1636 3030 5
1665 2972 1874 3047 grandi
1898 2973 2098 3030 tavole
2122 2972 2512 3030 nitidamente
2537 2972 2848 3047 disegnate
2873 2991 2906 3030 e
2930 2972 3254 3047 intagliate.

476 3164 655 3222 3262.
702 3166 1003 3222 MANUTII
1046 3164 1208 3232 Aldi,
1255 3166 1349 3222 De
1395 3164 1550 3222 falsa
1594 3164 1975 3239 antiquorum
2015 3164 2310 3239 religione
2355 3165 2550 3239 deque
2594 3164 2854 3232 Larario,
2902 3164 3332 3222 commentatio
3377 3164 3664 3222 historica
3706 3164 3908 3222 habita
3950 3164 4012 3221 in
4056 3164 4489 3222 florentissima

706 3260 1042 3318 Academia
1064 3260 1280 3318 Pisana
1304 3269 1480 3335 atque
1505 3279 1580 3318 ex
1606 3260 1845 3318 schedis
1870 3261 2050 3318 MSS.
2078 3279 2236 3318 nunc
2260 3260 2523 3335 primum
2545 3260 2608 3317 in
2632 3261 2835 3318 lucem
2857 3260 3033 3328 edita,
3060 3262 3292 3318 Romae
3324 3261 3499 3328 1773,
3526 3260 3588 3317 in
3615 3261 3668 3328 8,
3695 3262 3783 3318 M.
3811 3261 3909 3318 44.

476 3451 655 3509 3263.
689 3453 1105 3509 MARGARITA
1131 3451 1558 3526 philosophica
1586 3470 1746 3509 nova
1775 3451 1873 3509 cui
1903 3451 2106 3509 insunt
2137 3451 2447 3526 sequentia
2477 3451 2909 3526 epigrammata
2937 3451 3000 3508 in
3030 3451 3625 3509 commendationem
3653 3451 3871 3526 operis,
3905 3451 4271 3526 Argentinae
4309 3451 4484 3519 1512,

706 3547 768 3604 in
791 3548 847 3605 4.
875 3549 942 3604 In
966 3547 1091 3605 fine
1115 3549 1375 3605 Joannes
1402 3547 1812 3622 Gruningerus
1838 3547 2037 3622 operis
2063 3566 2320 3605 excusor
2343 3556 2453 3605 etc.

716 3644 851 3701 Con
892 3644 1078 3701 molte
1121 3643 1316 3718 figure
1357 3643 1420 3700 in
1462 3644 1660 3718 legno.
1706 3644 1934 3701 Autore
1976 3644 2136 3701 della
2176 3644 2353 3718 quale
2395 3644 2428 3701 e
2473 3645 2731 3717 Giorgio
2771 3644 3056 3701 Reischio
3099 3644 3175 3701 ed
3216 3644 3249 3701 e
3291 3662 3409 3701 una
3448 3643 3736 3718 ristampa
3776 3644 3936 3701 della
3974 3643 4168 3718 prima
4209 3643 4487 3701 edizione

709 3748 1000 3814 stampata
1026 3758 1060 3797 a
1085 3739 1373 3814 Friburgo
1400 3740 1498 3797 nel
1532 3739 1706 3797 1503.
1738 3740 1964 3811 Queste
1991 3758 2171 3797 erano
2199 3740 2255 3797 le
2283 3739 2519 3797 antiche
2546 3739 2965 3814 enciclopedie
2992 3758 3025 3797 e
3051 3739 3113 3796 in
3139 3748 3366 3814 questa,
3396 3739 3507 3797 che
3532 3739 3795 3814 reputasi
3823 3739 3913 3797 fra
3938 3740 3994 3797 le
4021 3739 4304 3814 migliori,
4336 3758 4486 3797 sono

706 3835 901 3893 infatti
936 3835 1173 3893 infinite
1206 3836 1408 3893 buone
1443 3835 1683 3893 notizie.
1722 3837 1818 3893 Va
1850 3835 2015 3893 unita
2048 3835 2110 3892 in
2145 3844 2358 3910 questo
2394 3836 2728 3910 esemplare
2763 3836 3152 3909 l’appendice
3185 3836 3540 3893 Matheseos
3577 3838 3635 3893 in
3668 3838 4014 3909 Margarita
4048 3835 4486 3909 Philosophica

709 3939 1002 4005 stampato
1027 3931 1190 3988 nello
1218 3939 1410 3988 stesso
1436 3931 1620 4005 luogo
1646 3949 1679 3988 e
1705 3931 1803 3988 dal
1827 3930 2164 3988 medesimo
2192 3939 2552 4005 stampatore
2576 3931 2674 3988 nel
2707 3930 2884 3998 1515;
2912 3949 2945 3988 e
2968 3931 3126 3988 nelle
3151 3930 3346 4005 figure
3371 3931 3531 3988 della
3552 3930 3921 4005 prospettiva
3944 3930 4153 3988 vedesi
4178 3930 4419 4005 copiato
4444 3930 4487 3987 il

706 4035 938 4084 trattato
964 4027 1062 4084 del
1091 4029 1314 4094 Viator,
1341 4026 1403 4083 in
1425 4035 1608 4101 parte,
1638 4045 1817 4084 senza
1839 4026 2195 4084 nominarlo.
2223 4028 2290 4083 In
2315 4026 2440 4084 fine
2465 4027 2498 4084 e
2523 4027 2735 4101 legata.

476 4218 655 4276 3264.
682 4220 1098 4276 MARGARITA
1119 4218 1546 4293 philosophica
1568 4218 1964 4276 Arithmetica
1986 4218 2205 4286 Boetii,
2233 4219 2368 4276 Con
2392 4227 2605 4293 questo
2633 4219 2765 4276 solo
2790 4218 2962 4276 titolo
2987 4219 3085 4276 nel
3110 4218 3504 4293 frontespizio
3530 4227 3783 4276 esterno.

715 4314 824 4372 Poi
855 4315 1159 4389 volgendo
1191 4315 1249 4372 la
1276 4314 1497 4389 pagina
1523 4317 1827 4388 Incipiant
1854 4315 1975 4372 due
2008 4314 2147 4372 libri
2176 4315 2251 4372 de
2281 4315 2661 4372 arithmetica
2687 4316 2875 4372 Anitii
2902 4314 3147 4372 Manilii
3177 4316 3382 4372 Severi
3409 4315 3650 4372 Boethii
3680 4333 3766 4372 ec.
3800 4316 3867 4371 In
3897 4314 4021 4372 fine
4054 4317 4348 4388 impressa
4372 4334 4491 4388 per

705 4411 1046 4468 Erhardam
1074 4410 1322 4468 Ratdolt
1350 4413 1462 4468 viri
1491 4410 1871 4468 solertissimi
1902 4413 2119 4468 eximia
2153 4411 2447 4468 industria
2480 4422 2538 4468 et
2565 4413 2718 4468 mira
2752 4411 3131 4484 imprimendi
3166 4412 3244 4485 [p.
3286 4411 3422 4480 119]
3457 4422 3601 4478 arte,
3640 4431 3760 4484 qua
3791 4430 3986 4484 naper
4017 4413 4290 4478 Venetiis,
4328 4430 4488 4468 nane

701 4507 1013 4579 Aagastae
1044 4505 1282 4563 exeellit
1309 4524 1465 4563 anno
1502 4506 1677 4573 1488,
1708 4505 1770 4562 in
1797 4506 1835 4562 4
1866 4505 2088 4580 gotico,
2120 4524 2242 4563 non
2270 4505 2331 4563 di
2360 4506 2438 4563 47
2470 4505 2748 4580 foglietti,
2780 4524 2956 4563 come
2985 4505 3120 4563 dice
3149 4505 3192 4562 il
3220 4507 3462 4573 Panzer,
3494 4524 3594 4563 ma
3621 4506 3741 4563 448
3771 4505 3991 4580 poiché
4019 4505 4062 4562 il
4092 4505 4485 4580 frontespizio

707 4610 942 4659 esterno
968 4620 1085 4659 con
1109 4602 1165 4659 le
1190 4602 1306 4659 due
1329 4602 1536 4676 parole
1563 4620 1740 4659 sovra
1762 4601 2022 4659 indicate
2047 4602 2080 4659 e
2106 4602 2383 4659 aderente
2409 4602 2464 4659 al
2489 4601 2767 4676 foglietto
2795 4602 3079 4659 secondo.
3107 4601 3304 4659 Prima
3327 4601 3605 4659 edizione
3628 4601 3916 4676 piuttosto
3940 4620 4085 4659 rara.
4113 4601 4272 4659 Vedi
4298 4601 4486 4659 anche

704 4698 910 4755 Reich.

476 4889 655 4947 3265.
682 4891 939 4947 MARINI
963 4890 1253 4957 Gaetano,
1280 4889 1573 4947 Discorso
1601 4908 1778 4964 sopra
1800 4898 1885 4947 tre
1910 4889 2253 4947 candelabri
2279 4889 2592 4964 acquistati
2617 4890 2694 4947 da
2717 4890 3031 4947 Clemente
3055 4891 3218 4957 XIV,
3245 4889 3383 4947 Pisa
3413 4890 3588 4957 1771,
3615 4889 3677 4946 in
3708 4890 3799 4957 12,
3827 4889 3953 4964 fig.,
3980 4891 4068 4947 M.
4098 4889 4194 4947 67.

699 4986 834 5043 Con
857 4994 942 5043 tre
967 4985 1176 5060 grandi
1201 5004 1234 5043 e
1257 4986 1417 5043 belle
1441 4986 1641 5043 tavole
1665 4985 1727 5042 in
1749 5004 1913 5043 rame
1937 4985 2244 5060 intagliate
2269 4986 2346 5043 da
2368 4987 2697 5043 Tommaso
2723 4985 2923 5043 Piroli.

476 5176 655 5234 3266.
682 5178 939 5234 MARINI
963 5177 1253 5244 Gaetano,
1282 5176 1712 5234 Osservazioni
1736 5176 2261 5234 istorico—critiche
2288 5195 2465 5251 sopra
2487 5176 2795 5234 un’antica
2816 5195 3197 5251 pergamena,
3225 5178 3437 5234 Roma.
3466 5177 3630 5244 1779,
3657 5176 3719 5233 in
3742 5177 3799 5244 4,
3826 5178 3914 5234 M.
3942 5177 4039 5234 23.

476 5368 655 5426 3267.
711 5370 1053 5437 MARQUEZ
1103 5370 1177 5426 D.
1233 5368 1429 5426 Pietro
1484 5368 1811 5443 Giuseppe,
1866 5368 2243 5426 Traduzione
2296 5369 2458 5426 dallo
2514 5369 2849 5443 spagnuolo
2903 5368 2964 5426 di
3016 5387 3097 5426 un
3152 5368 3362 5443 saggio
3416 5368 3961 5426 dell’Astronomia
4012 5368 4403 5443 cronologica
4455 5387 4488 5426 e

706 5464 1060 5539 mitologica
1083 5464 1246 5539 degli
1272 5464 1494 5522 antichi
1519 5464 1843 5522 messicani
1868 5464 1929 5522 di
1953 5466 2027 5522 D.
2055 5464 2324 5522 Antonio
2349 5466 2553 5522 Leone
2578 5483 2611 5522 e
2637 5465 2849 5532 Gama,
2876 5466 3074 5522 Roma
3104 5465 3279 5532 1804,
3306 5464 3368 5521 in
3395 5465 3448 5532 8,
3476 5464 3580 5539 fig.

476 5655 655 5713 3268.
682 5657 1024 5724 MARQUEZ
1046 5657 1120 5713 D.
1148 5655 1344 5713 Pietro
1371 5655 1698 5730 Giuseppe,
1725 5656 1902 5713 Delle
1927 5655 2070 5713 ville
2095 5655 2156 5713 di
2180 5655 2375 5713 Plinio
2400 5655 2443 5712 il
2469 5655 2750 5723 Giovine,
2777 5657 2974 5713 Roma
3004 5655 3179 5723 1696,
3206 5655 3268 5712 in
3295 5656 3347 5713 8.

476 5847 655 5906 3269.
692 5849 1052 5904 MATTHAEI
1084 5847 1349 5915 Xaverii,
1386 5849 1497 5905 Per
1532 5856 1791 5905 saturam
1823 5847 2300 5915 exercitationes,
2337 5847 2599 5922 Neapoli
2641 5847 2815 5915 1759,
2852 5847 2914 5904 in
2947 5848 3003 5905 4.
3044 5847 3185 5905 Sive
3220 5848 3295 5905 de
3330 5866 3483 5905 voce
3516 5847 3771 5922 Tityrus,
3809 5848 3884 5905 de
3919 5847 4044 5905 ficu
4076 5847 4374 5915 ruminali,
4412 5848 4487 5905 de

707 5943 934 6018 duplici
960 5944 1112 6011 alba,
1140 5944 1215 6001 de
1239 5944 1362 6001 Ara
1385 5943 1666 6011 maxima,
1694 5945 1782 6001 M.
1810 5944 1908 6001 44.

476 6135 655 6192 3270.
694 6136 1084 6192 MAZOCCHII
1118 6134 1323 6192 Alexii
1362 6134 1729 6209 Symmachi,
1768 6136 1862 6192 De
1900 6134 2157 6209 antiquis
2196 6135 2497 6209 Corcyrae
2533 6134 2879 6192 nominibus
2919 6134 3315 6202 schediasma,
3354 6134 3616 6209 Neapoli
3660 6135 3834 6202 1742,
3872 6134 3934 6191 in
3969 6135 4026 6202 4,
4065 6136 4153 6192 M.
4192 6135 4289 6192 40.
4329 6134 4487 6192 Vedi

710 6232 965 6302 Qairini.

476 6423 655 6480 3271.
696 6424 1226 6480 MAZZUCCHELLI
1261 6422 1476 6490 Pietro,
1516 6424 1602 6480 La
1637 6423 1817 6480 Bolla
1853 6422 1914 6480 di
1951 6422 2149 6480 Maria
2185 6422 2412 6497 moglie
2450 6422 2512 6480 di
2551 6422 2781 6480 Onorio
2819 6422 3177 6497 imperatore
3215 6422 3326 6480 che
3366 6422 3416 6480 si
3454 6441 3748 6480 conserva
3784 6423 3882 6480 nel
3919 6424 4142 6480 Museo
4180 6422 4486 6480 Trivulzio

2171 6657 2347 6694 WWW.
2358 6637 2734 6710 memofonte.
2748 6639 2791 6694 it
