4958 7017
1981 864 2366 922 Fondazione
2390 864 2775 922 Memofonte
2800 865 2976 922 onlus

1390 960 1600 1018 Studio
1624 979 1731 1035 per
1754 960 2226 1018 l’elaborazione
2250 960 2632 1018 informatica
2655 961 2813 1018 delle
2838 960 2991 1018 fonti
3018 960 3571 1018 storico—artistiche

699 1247 840 1305 città
863 1247 1229 1322 municipale
1254 1248 1349 1305 de’
1380 1247 1589 1315 Marsi,
1616 1249 1906 1305 Ravenna
1936 1248 2111 1315 1784,
2138 1247 2200 1304 in
2223 1248 2280 1315 4,
2308 1247 2412 1322 fig.

698 1343 777 1400 Ai
800 1343 1094 1418 rispettivi
1119 1343 1328 1418 luoghi
1352 1343 1618 1401 trovansi
1643 1344 1699 1401 le
1724 1344 1942 1411 tavole,
1970 1362 2003 1401 e
2028 1344 2084 1401 le
2108 1343 2431 1401 iscrizioni.

476 1535 655 1593 3876.
685 1537 779 1593 De
809 1536 1086 1593 SANCTIS
1115 1535 1477 1603 Domenico,
1508 1535 1793 1610 Risposta
1819 1536 2268 1593 dell’avvocato
2297 1536 2372 1593 de
2402 1535 2633 1593 Sanctis
2663 1535 3107 1610 all’appendice
3135 1535 3233 1593 dei
3263 1535 3488 1610 signori
3517 1536 3753 1603 Cabral,
3784 1554 3817 1593 e
3845 1536 3943 1593 del
3970 1537 4077 1603 Re,
4108 1535 4219 1593 che
4245 1554 4487 1610 presero

699 1631 760 1689 di
784 1631 935 1689 mira
958 1632 1014 1689 le
1039 1631 1455 1689 dissertazioni
1483 1632 1773 1699 suddette,
1800 1631 1862 1688 in
1885 1632 1942 1699 4,
1969 1633 2057 1689 M.
2086 1632 2183 1689 23.

476 1823 655 1880 3877.
685 1823 955 1880 SANTINI
977 1824 1060 1890 P.,
1087 1822 1246 1880 Vedi
1269 1823 1532 1880 raccolta
1555 1822 1616 1880 di
1643 1822 1896 1880 scrittori
1923 1823 2075 1880 sulla
2098 1823 2319 1897 cupola
2342 1822 2403 1880 di
2430 1823 2487 1880 S.
2515 1822 2729 1880 Pietro.

476 2015 655 2072 3878.
697 2015 878 2072 SAVII
912 2014 1195 2072 Zamosci
1230 2014 1496 2082 Ioannis,
1534 2016 1628 2072 De
1666 2015 1887 2072 Senatu
1920 2033 2191 2082 romano,
2230 2014 2365 2072 libri
2401 2015 2541 2082 duo,
2579 2014 2870 2082 Venetiis,
2910 2015 3069 2089 apud
3103 2015 3431 2072 Jordanum
3464 2014 3765 2082 Zilettum,
3811 2014 3986 2082 1563,
4024 2014 4086 2071 in
4126 2016 4204 2089 [p.
4244 2015 4388 2084 219]
4428 2015 4483 2072 4.

700 2111 929 2182 Questo
955 2110 1108 2168 libro
1136 2119 1224 2168 sta
1248 2110 1437 2168 anche
1461 2111 1620 2168 nelle
1646 2110 1930 2168 antichità
1953 2111 2051 2168 del
2077 2110 2321 2178 Grevio,
2348 2119 2385 2168 t.
2413 2112 2455 2168 I.

697 2242 780 2246 —
826 2206 1219 2281 Aggiuntovi:
1274 2206 1523 2264 Guerini
1570 2206 1807 2264 Pisonis
1859 2206 2061 2264 Soacii
2108 2208 2174 2264 T.
2226 2207 2294 2264 C.
2345 2206 2633 2274 Patavini,
2684 2208 2778 2264 De
2824 2225 3212 2264 romanorum
3258 2215 3317 2264 et
3363 2215 3717 2264 venetorum
3763 2206 4178 2281 magistratum
4223 2206 4375 2264 inter
4423 2225 4486 2264 se

699 2301 1166 2376 comparatione,
1194 2301 1453 2369 libellus,
1480 2301 1727 2369 Patavii,
1762 2301 1936 2369 1653,
1965 2320 2056 2376 ap.
2083 2303 2171 2359 M.
2199 2302 2336 2359 Ant.
2365 2302 2440 2359 de
2466 2301 2757 2369 Galassis,
2784 2301 2846 2358 in
2869 2302 2925 2359 4.

476 2494 655 2552 3879.
702 2490 964 2551 SCARFÒ
1004 2495 1093 2551 Jo.
1139 2493 1353 2561 Chris,
1397 2495 1464 2550 In
1506 2494 1878 2551 collectanea
1919 2493 2097 2568 antiq.
2141 2512 2369 2551 roman.
2415 2512 2562 2568 quas
2612 2494 2726 2551 100
2768 2494 2884 2551 tab.
2931 2493 3132 2551 aeneis
3174 2493 3415 2561 incisas,
3461 2502 3519 2551 et
3560 2512 3594 2551 a
3633 2493 4022 2568 Rudolphino
4064 2493 4287 2551 Venuti
4328 2493 4486 2551 notis

698 2589 1017 2647 illustratas
1043 2589 1286 2647 exhibet
1309 2589 1610 2647 Antonius
1635 2589 1887 2647 Borioni
1912 2598 2022 2647 etc.
2051 2589 2503 2647 observationes
2529 2589 2789 2657 criticae,
2816 2589 3088 2647 Venetiis
3121 2590 3296 2657 1739,
3323 2589 3385 2646 in
3408 2590 3465 2657 4,
3492 2591 3580 2647 M.
3608 2589 3706 2647 45.

700 2686 927 2757 Questa
954 2686 1243 2743 velenosa
1269 2685 1522 2743 diatriba
1548 2694 1745 2743 estesa
1771 2704 1888 2743 con
1914 2694 2062 2743 tutto
2091 2686 2346 2743 l’amaro
2375 2686 2535 2743 della
2561 2685 2795 2760 gelosia
2821 2685 3115 2743 letteraria
3141 2694 3349 2743 contro
3377 2704 3458 2743 un
3485 2704 3670 2743 uomo
3700 2686 3887 2743 d’alta
3913 2685 4093 2753 fama,
4124 2704 4157 2743 e
4183 2685 4486 2760 profondo

701 2800 926 2856 sapere,
958 2781 1243 2839 disonora
1270 2790 1482 2856 questo
1512 2781 1678 2849 frate,
1709 2800 1742 2839 e
1770 2781 1813 2838 il
1842 2781 2075 2839 disvela
2102 2800 2278 2839 come
2306 2800 2387 2839 un
2413 2781 2682 2856 pessimo
2712 2800 2916 2849 uomo,
2948 2790 3332 2856 quantunque
3360 2800 3483 2839 non
3513 2800 3693 2839 senza
3721 2781 3993 2839 dottrina.
4025 2783 4135 2839 Ma
4162 2782 4239 2839 da
4265 2781 4487 2839 diversi

699 2876 912 2934 eruditi
949 2876 1014 2934 fu
1051 2876 1369 2934 vendicato
1406 2876 1449 2933 il
1485 2876 1708 2934 Venuti
1745 2876 1807 2933 in
1841 2876 2121 2951 parecchi
2158 2876 2436 2951 opuscoli
2473 2876 2657 2944 latini,
2697 2895 2730 2934 e
2766 2876 2993 2934 italiani
3028 2876 3359 2951 pubblicati
3396 2895 3430 2934 a
3465 2878 3682 2944 Lucca,
3723 2895 3756 2934 e
3793 2895 3827 2934 a
3860 2876 4056 2951 Parigi
4093 2895 4209 2934 ove
4243 2876 4487 2934 rilevasi

699 2972 1061 3030 l’erudizion
1083 2972 1312 3047 puerile
1337 2991 1370 3030 e
1395 2973 1451 3030 le
1476 2972 1629 3030 false
1654 2981 2020 3047 congetture,
2048 2991 2081 3030 e
2105 2972 2148 3029 il
2171 2973 2424 3030 barbaro
2450 2972 2634 3030 latino
2660 2973 2821 3030 dello
2849 2972 3077 3030 Scarfò.

476 3165 655 3222 3880.
699 3165 1214 3222 SCHONVISNERII
1257 3164 1560 3239 Stephani,
1605 3166 1699 3222 De
1740 3164 2051 3222 ruderibus
2095 3164 2383 3222 Laconici
2426 3164 2811 3239 Caldariique
2852 3164 3103 3232 romani,
3149 3173 3207 3222 et
3248 3164 3554 3222 nonnullis
3599 3164 3731 3222 aliis
3775 3164 4201 3232 monumentis,
4246 3164 4309 3221 in
4353 3165 4485 3222 solo

698 3260 967 3318 Budensi
990 3260 1255 3335 repertis.
1283 3260 1463 3318 Lìber
1485 3260 1717 3328 unicus,
1744 3261 1954 3318 Budae
1986 3260 2160 3328 1768,
2187 3260 2249 3317 in
2273 3260 2400 3328 fol.,
2428 3260 2532 3335 fig.

699 3356 834 3413 Con
857 3364 942 3413 tre
966 3356 1166 3413 tavole
1190 3355 1253 3412 in
1275 3374 1456 3413 rame.
1485 3355 1666 3413 Libro
1691 3355 2098 3423 interessante,
2124 3374 2231 3430 per
2253 3355 2273 3412 i
2298 3355 2599 3413 confronti
2624 3356 2782 3413 colle
2807 3355 3062 3413 dottrine
3087 3355 3437 3413 vitruviane.

476 3548 655 3605 3881.
699 3548 1201 3605 SCIOGLIMENTO
1239 3548 1523 3605 d’alcune
1562 3547 1864 3605 difficoltà
1900 3547 2124 3605 insorte
2163 3556 2371 3605 contro
2411 3548 2469 3605 la
2505 3566 2711 3605 mossa
2748 3547 2846 3605 dei
2885 3547 3103 3605 cavalli
3142 3547 3429 3605 colossali
3470 3548 3561 3605 sul
3601 3547 3910 3619 Quirinale
3950 3547 4240 3605 all’emin.
4285 3547 4489 3622 signor

699 3643 963 3701 cardinal
987 3644 1256 3701 Pallotta.

700 3740 927 3811 Questa
959 3740 992 3797 e
1025 3758 1144 3797 una
1176 3739 1516 3814 giudiziosa
1547 3740 1754 3797 lettera
1785 3739 2234 3807 dell’Antinori,
2270 3739 2381 3797 che
2415 3758 2610 3797 venne
2643 3739 2940 3797 destinato
2975 3739 3446 3797 all’esecuzione
3480 3740 3578 3797 del
3609 3748 3884 3814 progetto
3918 3739 4030 3797 che
4063 3740 4217 3797 ebbe
4250 3739 4484 3807 effetto;

700 3844 1173 3910 accompagnata
1199 3836 1276 3893 da
1303 3836 1449 3893 altra
1475 3836 1681 3893 lettera
1709 3854 1743 3893 a
1769 3835 1852 3893 lui
1881 3835 2092 3893 diretta
2118 3836 2195 3893 da
2221 3835 2492 3893 Venezia
2519 3835 2561 3892 li
2590 3836 2669 3892 22
2698 3854 2836 3893 nov.
2875 3836 3028 3893 1783
3060 3836 3137 3893 da
3163 3836 3376 3893 C.P.B.
3410 3836 3565 3893 sullo
3596 3844 3789 3893 stesso
3819 3844 4188 3910 argomento,
4218 3835 4281 3892 in
4308 3836 4365 3903 4,
4395 3837 4483 3893 M.

699 3932 754 3988 7.

476 4123 655 4180 3882.
706 4123 1053 4180 SCULTURE
1097 4123 1195 4180 del
1238 4123 1490 4197 palazzo
1536 4123 1696 4180 della
1738 4122 1903 4180 Villa
1945 4122 2275 4197 Borghese,
2323 4123 2483 4180 detta
2526 4122 2827 4190 Pinciana,
2873 4123 3260 4180 brevemente
3305 4122 3602 4190 descritte,
3650 4123 3706 4180 le
3751 4122 3848 4180 cui
3893 4122 4288 4180 illustrazioni
4335 4141 4486 4180 sono

699 4219 990 4276 l’estratto
1020 4218 1081 4276 di
1108 4218 1213 4293 più
1242 4218 1440 4293 ampie
1469 4227 1664 4276 estese
1694 4219 1792 4276 dal
1823 4218 2027 4293 signor
2053 4220 2118 4276 E.
2152 4218 2404 4290 Quirino
2433 4218 2731 4286 Visconti,
2762 4220 2959 4276 Roma
2993 4218 3168 4286 1796,
3199 4218 3261 4275 in
3292 4219 3345 4286 8,
3377 4218 3503 4293 fig.,
3537 4219 3569 4276 3
3602 4219 3744 4286 vol.,
3775 4237 3895 4276 uno
3925 4218 3986 4276 di
4014 4227 4186 4286 testo,
4218 4237 4251 4276 e
4280 4219 4396 4276 due
4425 4218 4486 4276 di

698 4315 915 4372 tavole.

476 4506 655 4563 3883.
698 4506 1009 4563 SECONDE
1043 4505 1231 4580 partie
1268 4506 1348 4563 du
1382 4505 1641 4580 premier
1676 4505 1825 4563 livre
1862 4506 1968 4563 des
2007 4505 2327 4563 curiositéz
2364 4506 2439 4563 de
2476 4506 2643 4563 l’une
2680 4514 2739 4563 et
2774 4506 2849 4563 de
2886 4506 3100 4563 l’autre
3137 4507 3350 4573 Rome,
3390 4524 3466 4563 en
3503 4506 3561 4563 la
3596 4506 3795 4580 quelle
3832 4505 3875 4562 il
3912 4514 4003 4563 est
4037 4505 4206 4563 traité
4243 4506 4318 4563 de
4357 4514 4488 4580 sept

698 4602 971 4659 notables
997 4601 1218 4676 eglises
1244 4601 1347 4676 qui
1372 4621 1410 4676 y
1436 4610 1571 4659 sont
1594 4601 1839 4659 dediées
1866 4602 1900 4659 a
1923 4602 1981 4659 la
2003 4602 2119 4659 très
2147 4601 2349 4659 Sainte
2373 4601 2596 4676 Vierge
2621 4610 2754 4669 etc.,
2783 4620 2817 4659 a
2839 4601 3001 4659 Paris
3034 4601 3208 4669 1558,
3235 4601 3297 4658 in
3324 4602 3377 4669 8,
3405 4601 3531 4676 fig.,
3558 4603 3646 4659 M.
3675 4601 3772 4659 75.

700 4698 927 4769 Questa
955 4698 988 4755 e
1018 4716 1136 4755 una
1164 4698 1322 4755 delle
1350 4697 1455 4772 più
1485 4697 1722 4755 antiche
1752 4697 1932 4772 guide
1962 4697 2023 4755 di
2052 4699 2249 4755 Roma
2280 4706 2570 4772 stampate
2598 4716 2705 4772 per
2733 4698 2996 4755 comodo
3027 4698 3122 4755 de’
3159 4697 3455 4755 forestieri
3485 4697 3597 4755 che
3627 4697 4029 4772 viaggiavano
4060 4697 4121 4755 di
4150 4697 4398 4755 Francia
4425 4697 4487 4754 in

698 4793 868 4851 Italia
891 4812 924 4851 e
949 4794 1187 4851 doveva
1210 4812 1409 4851 essere
1434 4802 1752 4868 composta
1775 4793 1836 4851 di
1859 4793 1964 4868 più
1988 4793 2319 4851 volumetti.

479 4987 557 5060 [p.
586 4986 729 5055 220]

476 5177 655 5234 3884.
691 5177 938 5234 SIDONE
968 5176 1264 5244 Raffaele,
1298 5195 1331 5234 e
1361 5176 1691 5234 Martinetti
1722 5176 2010 5244 Antonio,
2043 5177 2157 5234 De’
2193 5176 2362 5251 pregi
2393 5195 2426 5234 e
2457 5195 2659 5234 nuova
2690 5185 2964 5234 struttura
2993 5177 3153 5234 della
3181 5176 3448 5234 Basilica
3476 5176 3785 5234 Vaticana.
3820 5176 3983 5234 Libri
4014 5177 4148 5244 due,
4182 5177 4238 5244 2,
4272 5177 4391 5234 vol.
4425 5176 4487 5233 in

698 5291 837 5340 uno,
864 5274 1062 5330 Roma
1092 5272 1248 5330 1750
1275 5291 1430 5330 anno
1456 5273 1554 5330 del
1580 5272 1885 5340 Giubileo,
1912 5272 1974 5329 in
2001 5273 2053 5330 8.

698 5368 879 5426 Libro
905 5368 1052 5426 fatto
1078 5387 1195 5426 con
1221 5368 1483 5436 sterilità,
1511 5387 1544 5426 e
1569 5368 1812 5426 fallacia
1835 5368 1896 5426 di
1921 5368 2284 5443 cognizioni.

476 5559 655 5617 3885.
685 5560 870 5617 SILOS
896 5561 985 5617 Jo.
1013 5559 1355 5627 Michaelis,
1382 5559 1784 5617 Pinacotheca
1809 5559 1937 5617 sive
1960 5578 2209 5617 romana
2230 5559 2462 5634 pictura
2485 5568 2543 5617 et
2568 5560 2885 5634 sculptura,
2913 5559 3048 5617 libri
3073 5560 3212 5627 duo,
3239 5561 3407 5617 Roae
3439 5559 3613 5627 1673,
3640 5559 3702 5616 in
3733 5560 3823 5617 12.

698 5657 765 5712 In
801 5664 1013 5730 questo
1051 5655 1287 5713 libretto
1327 5674 1477 5713 sono
1515 5655 1691 5713 citate
1729 5674 1762 5713 e
1799 5656 1999 5713 lodate
2035 5655 2097 5712 in
2132 5655 2276 5713 tanti
2313 5655 2670 5730 epigrammi
2707 5674 2825 5713 una
2860 5655 3127 5730 quantità
3162 5655 3223 5713 di
3258 5655 3473 5730 pitture
3510 5674 3543 5713 e
3582 5656 3840 5713 sculture
3877 5655 3938 5713 di
3974 5657 4187 5723 Roma,
4226 5664 4389 5713 tanto
4426 5655 4488 5712 in

699 5751 907 5826 luoghi
930 5751 1201 5826 pubblici
1226 5751 1337 5809 che
1360 5751 1593 5826 privati.

476 5943 655 6001 3886.
692 5944 1050 6001 SPECULUM
1079 5962 1363 6001 romanae
1395 5943 1904 6018 magnificentiae,
1939 5943 2145 6001 omnia
2175 5943 2300 6001 fere
2331 5962 2749 6018 quaecumque
2779 5943 2842 6000 in
2872 5944 3017 6001 urbe
3048 5952 3440 6001 monumenta
3470 5952 3687 6011 extant,
3719 5943 3937 6018 partim
3958 5944 4131 6018 juxta
4161 5943 4484 6018 antiquam,

697 6039 915 6114 partim
938 6040 1110 6114 juxta
1142 6039 1497 6097 hodiernam
1529 6039 1792 6097 formam
1824 6039 2272 6097 accuratissime
2306 6039 2605 6097 delineata
2635 6048 3105 6114 repraesentans,
3142 6058 3399 6097 excussa
3432 6040 3505 6097 ab
3540 6039 3808 6097 Antonio
3842 6039 4102 6107 Laferio,
4138 6041 4389 6107 Romae,
4425 6039 4487 6096 in

699 6134 804 6192 fol.
833 6153 932 6202 m.,
960 6134 1065 6209 fig.

701 6231 865 6288 Sono
891 6230 1086 6305 questi
1111 6230 1505 6298 monumenti,
1531 6230 1751 6305 piante,
1777 6230 2085 6305 prospetti,
2113 6230 2450 6305 fragmenti,
2478 6249 2511 6288 e
2534 6230 2949 6288 ristaurazioni
2974 6230 3266 6288 d’antichi
3291 6230 3518 6298 edifici,
3546 6249 3579 6288 e
3607 6239 3795 6288 statue
3820 6249 3907 6288 ec.
3936 6230 4159 6288 Alcuni
4184 6230 4486 6305 cataloghi

699 6326 760 6384 di
800 6335 1029 6401 stampe
1067 6326 1265 6384 citano
1304 6335 1515 6401 questa
1551 6326 1889 6384 collezione
1927 6345 2103 6384 come
2143 6345 2206 6384 se
2244 6326 2411 6384 fosse
2449 6335 2767 6401 composta
2803 6326 2864 6384 di
2901 6345 2981 6384 un
3018 6326 3411 6384 determinato
3449 6345 3699 6384 numero
3738 6326 3799 6384 di
3836 6327 4054 6394 tavole,
4095 6345 4128 6384 e
4165 6326 4388 6384 trovasi
4425 6326 4487 6383 in

699 6422 953 6497 qualche
981 6423 1166 6497 luogo
1193 6422 1489 6497 precisata
1516 6441 1550 6480 a
1583 6423 1715 6480 118.
1746 6422 1868 6480 Noi
1894 6423 2040 6497 però
2066 6422 2511 6480 riconosciamo
2539 6422 2889 6480 un’infinita
2915 6422 3140 6480 varietà
3165 6422 3227 6479 in
3253 6422 3384 6480 tutti
3413 6422 3496 6497 gli
3524 6422 3845 6497 esemplari
3873 6422 4076 6480 veduti
4104 6422 4216 6480 che
4242 6422 4397 6497 privi
4425 6422 4486 6480 di

2171 6657 2347 6694 WWW.
2358 6637 2734 6710 memofonte.
2748 6639 2791 6694 il
