4958 7017
1981 864 2366 922 Fondazione
2390 838 2775 922 Memofonte
2800 865 2976 922 onlus

1390 960 1600 1018 Studio
1624 979 1731 1035 per
1754 960 2226 1018 l’elaborazione
2250 960 2632 1018 informatica
2655 961 2813 1018 delle
2838 960 2991 1018 fonti
3018 960 3571 1018 storico—artistiche

474 1247 655 1306 2694.
690 1249 1033 1305 PANCRAZJ
1066 1247 1376 1322 Giuseppe
1408 1247 1622 1315 Maria,
1657 1247 1965 1305 Antichità
1998 1247 2269 1305 siciliane
2304 1247 2572 1322 spiegate
2605 1248 2763 1305 colle
2795 1247 3018 1305 notizie
3051 1247 3314 1322 generali
3347 1247 3408 1305 di
3441 1256 3653 1322 questo
3686 1249 3919 1322 Regno,
3954 1247 4178 1322 Napoli
4218 1247 4392 1315 1751,
4427 1247 4489 1304 in

707 1343 834 1411 fol.,
862 1343 989 1418 fig.,
1017 1344 1054 1400 2
1080 1344 1199 1401 vol.

706 1440 823 1497 Nel
855 1439 1051 1514 primo
1087 1440 1332 1497 volume
1369 1458 1520 1497 sono
1562 1439 1634 1497 16
1668 1440 1869 1497 tavole
1903 1458 1936 1497 e
1970 1440 2048 1498 29
2084 1440 2182 1497 nel
2219 1440 2504 1507 secondo,
2541 1458 2663 1497 non
2696 1458 3011 1514 comprese
3046 1440 3102 1497 le
3137 1439 3401 1514 vignette
3435 1458 3468 1497 e
3504 1439 3874 1514 frontespizi,
3910 1439 3953 1496 il
3986 1448 4135 1497 tutto
4170 1439 4485 1514 disegnato

706 1536 864 1593 male
889 1554 922 1593 e
945 1535 1169 1610 peggio
1194 1535 1523 1610 intagliato:
1553 1536 1788 1610 l’opera
1810 1554 1932 1593 non
1956 1544 2187 1593 ostante
2212 1536 2245 1593 e
2270 1536 2347 1593 da
2368 1535 2727 1610 riguardarsi
2753 1554 2928 1593 come
2953 1554 3033 1593 un
3057 1535 3335 1610 deposito
3361 1535 3422 1593 di
3447 1535 3794 1610 cognizioni
3819 1554 3852 1593 e
3877 1535 4186 1593 memorie.

474 1726 655 1785 2695.
682 1723 996 1784 PATERNÒ
1019 1726 1283 1801 Ignazio,
1310 1726 1574 1801 Viaggio
1598 1745 1705 1801 per
1727 1735 1871 1784 tutte
1896 1727 1952 1784 le
1978 1726 2261 1784 antichità
2284 1727 2444 1784 della
2470 1726 2678 1784 Sicilia
2701 1726 3002 1794 descritto,
3029 1726 3253 1801 Napoli
3285 1727 3460 1794 1781,
3485 1726 3547 1783 in
3570 1727 3626 1784 4.

708 1823 937 1894 Questo
964 1823 1126 1880 colto
1155 1822 1394 1897 signore
1421 1841 1611 1880 aveva
1633 1823 1752 1880 ben
1777 1822 2082 1897 viaggiato
2109 1841 2142 1880 e
2168 1822 2523 1880 conosciuto
2549 1822 2592 1879 il
2620 1841 2728 1880 suo
2754 1841 2937 1897 paese
2963 1841 2996 1880 e
3020 1841 3235 1880 resone
3261 1831 3441 1880 conto
3469 1823 3524 1880 al
3549 1822 3920 1897 viaggiatore
3945 1822 4007 1879 in
4031 1823 4216 1880 modo
4242 1822 4386 1880 utile
4412 1823 4488 1880 ed

706 1918 1020 1976 istruttivo.

474 2110 655 2169 2696.
682 2112 1082 2178 PAUSANIAE,
1109 2110 1346 2168 Veteris
1373 2110 1628 2168 Greciae
1653 2110 1996 2185 descriptio,
2022 2110 2374 2168 Torrentino
2407 2110 2582 2178 1551,
2609 2110 2671 2167 in
2695 2110 2800 2168 fol.

474 2301 655 2360 2697.
687 2303 1047 2369 PAUSANIA,
1079 2301 1473 2359 Descrizione
1504 2302 1664 2359 della
1693 2301 1928 2369 Grecia,
1960 2302 2214 2359 tradotta
2241 2302 2339 2359 dal
2369 2320 2549 2376 greco
2579 2301 2641 2358 in
2669 2301 2914 2359 italiano
2945 2302 3043 2359 dal
3073 2301 3447 2376 gentiluomo
3478 2301 3742 2359 Alfonso
3772 2301 4130 2359 Bonaccioli
4159 2303 4484 2369 Ferrarese,

706 2399 1016 2465 Mantova,
1042 2416 1149 2472 per
1171 2399 1504 2455 Francesco
1531 2398 1794 2465 Osanna,
1829 2397 2004 2465 1593,
2031 2397 2093 2454 in
2116 2398 2172 2455 4.

690 2495 775 2551 Fu
799 2493 1075 2551 dedicata
1098 2502 1308 2568 questa
1329 2493 1523 2568 prima
1546 2494 1622 2551 ed
1646 2493 1857 2551 ottima
1880 2512 1913 2551 e
1936 2512 2066 2551 rara
2089 2493 2366 2551 versione
2390 2493 2635 2551 italiana
2658 2493 2719 2551 di
2743 2493 3037 2551 Pausania
3061 2494 3116 2551 al
3141 2494 3296 2551 duca
3319 2493 3380 2551 di
3404 2495 3644 2551 Ferrara
3666 2493 3930 2551 Alfonso
3956 2494 4181 2551 d’Este.

474 2685 655 2744 2698.
682 2687 1059 2743 PAUSANIAS
1086 2704 1166 2743 ou
1191 2704 1427 2760 voyage
1451 2685 1781 2760 historique
1806 2686 1881 2743 de
1906 2686 1964 2743 la
1988 2686 2182 2743 Grece
2206 2685 2422 2743 traduit
2445 2704 2520 2743 en
2544 2685 2807 2743 francois
2834 2704 2980 2743 avec
3006 2686 3112 2743 des
3136 2704 3480 2760 remarques
3505 2704 3612 2760 par
3635 2686 3777 2743 l’ab.
3807 2686 4082 2760 Gedoyn,
4111 2686 4230 2743 vol.
4259 2686 4315 2753 2,
4342 2685 4404 2742 in
4427 2686 4484 2753 4,

706 2781 869 2839 Paris
902 2782 1075 2839 1731.

703 2877 838 2934 Con
868 2876 1105 2934 diverse
1136 2885 1294 2934 carte
1324 2876 1743 2951 topografiche
1774 2895 1807 2934 e
1839 2877 2050 2934 alcune
2081 2877 2281 2934 tavole
2313 2876 2585 2951 figurate,
2619 2877 2778 2934 colle
2809 2877 3026 2934 vedute
3057 2877 3217 2934 della
3244 2876 3504 2934 barriera
3533 2876 3889 2951 d’Olimpia,
3923 2877 4083 2934 della
4110 2876 4396 2951 battaglia
4425 2876 4486 2934 di

706 2972 1035 3040 Mantinea,
1073 2972 1134 3030 di
1169 2973 1370 3047 quella
1403 2972 1501 3030 dei
1535 2973 1804 3047 Messenj
1845 2981 2053 3030 contro
2089 2972 2172 3047 gli
2209 2972 2480 3047 Spartani
2515 2991 2548 3030 e
2583 2972 2644 3030 di
2679 2973 2880 3047 quella
2913 2973 3011 3030 del
3045 2974 3259 3030 Monte
3293 2974 3502 3040 Itome,
3539 2972 3847 3047 intagliate
3882 2972 4391 3047 magistralmente
4425 2972 4488 3029 in

707 3077 938 3143 quattro
964 3087 1108 3143 gran
1131 3069 1332 3126 tavole
1357 3069 1434 3126 da
1458 3068 1595 3126 Gio.
1623 3068 1876 3143 Rigaud.

474 3260 655 3319 2699.
682 3262 1099 3318 PELLEGRINO
1123 3260 1470 3328 Cammillo,
1498 3260 1772 3318 Discorsi
1797 3261 1957 3318 della
1980 3260 2315 3335 Campania
2339 3260 2538 3328 felice,
2565 3260 2789 3335 Napoli
2821 3260 2995 3328 1651,
3022 3260 3084 3317 in
3111 3261 3163 3318 8.

713 3356 914 3430 Opera
939 3356 1128 3413 molto
1157 3355 1402 3423 diffusa,
1432 3355 1495 3412 in
1522 3364 1754 3430 quattro
1781 3355 1950 3430 parti:
1983 3355 2136 3413 libro
2164 3355 2225 3413 di
2253 3355 2413 3413 circa
2439 3356 2559 3414 900
2586 3355 2805 3430 pagine
2833 3374 3148 3430 comprese
3176 3356 3232 3413 le
3259 3356 3460 3413 tavole
3488 3374 3521 3413 e
3548 3355 3568 3412 i
3594 3355 4013 3430 prolegomeni
4041 3374 4158 3413 con
4185 3374 4303 3413 una
4329 3364 4489 3413 carta

706 3451 1099 3526 topografica.

474 3644 655 3701 2700.
687 3645 899 3700 PEREZ
921 3645 1157 3700 BAYER
1184 3643 1523 3711 Francisco,
1555 3645 1649 3701 De
1679 3644 1737 3701 la
1765 3644 1983 3718 lengua
2011 3644 2086 3701 de
2116 3644 2208 3701 los
2238 3643 2488 3701 Fenices
2517 3662 2661 3718 para
2688 3643 3059 3701 illustracion
3088 3644 3163 3701 de
3192 3662 3273 3701 un
3302 3644 3471 3718 lugar
3500 3644 3575 3701 de
3607 3643 3909 3711 Sallustio,
3941 3643 4185 3701 Madrid
4221 3644 4395 3711 1772,
4427 3643 4489 3700 in

707 3739 834 3807 fol.,
862 3739 989 3814 fig.,
1016 3741 1104 3797 M.
1136 3740 1230 3797 82.

704 3836 933 3907 Questo
961 3835 1157 3893 forma
1182 3835 1372 3893 anche
1396 3844 1561 3910 parte
1587 3836 1747 3893 della
1771 3836 2008 3893 celebre
2034 3835 2312 3893 edizione
2338 3835 2399 3893 di
2427 3835 2711 3893 Sallustio
2739 3836 2899 3893 dalla
2921 3835 3142 3910 pagina
3168 3836 3285 3893 337
3315 3836 3370 3893 al
3398 3836 3515 3893 338
3544 3836 3704 3893 della
3728 3836 3904 3910 quale
3929 3854 4004 3893 ne
4031 3835 4248 3893 furono
4274 3835 4428 3893 tirati
4455 3854 4489 3893 a

705 3939 870 4005 parte
893 3930 1076 4005 pochi
1101 3930 1437 4005 esemplari.

474 4123 655 4180 2701.
683 4124 990 4180 PIRANESI
1014 4122 1315 4190 Francois,
1344 4122 1714 4180 Differentes
1742 4141 1908 4190 vues,
1937 4131 1995 4180 et
2019 4123 2311 4197 quelques
2343 4124 2421 4197 [p.
2453 4122 2553 4192 35]
2583 4131 2769 4180 restes
2796 4123 2871 4180 de
2896 4122 3040 4180 trois
3068 4123 3284 4197 grands
3311 4122 3585 4190 edifices,
3614 4122 3716 4197 qui
3745 4122 4069 4180 subsistent
4093 4141 4312 4180 encore
4338 4123 4485 4180 dans

707 4219 763 4276 le
788 4218 997 4276 milieu
1021 4219 1096 4276 de
1121 4218 1463 4276 l’ancienne
1489 4218 1632 4276 ville
1657 4219 1733 4276 de
1757 4220 2016 4286 Pestum,
2045 4227 2375 4276 autrement
2397 4218 2774 4286 Possidonia,
2802 4218 2904 4293 qui
2929 4227 3019 4276 est
3044 4218 3232 4276 située
3257 4219 3404 4276 dans
3430 4219 3488 4276 la
3511 4218 3777 4276 Lucanie
3801 4218 3863 4275 in
3887 4218 3992 4276 fol.
4022 4219 4219 4276 atlant.

707 4315 842 4372 Con
873 4315 943 4372 17
970 4315 1170 4372 tavole
1195 4314 1593 4389 grandissime
1618 4314 1679 4372 di
1707 4315 1964 4389 superbo
1989 4314 2239 4389 intaglio
2263 4314 2607 4389 pittoresco.

474 4506 655 4563 2702.
682 4507 1077 4563 PIZZOLANTI
1100 4505 1402 4573 Filiberto,
1429 4506 1606 4563 Delle
1631 4505 1922 4563 memorie
1946 4505 2230 4563 istoriche
2255 4505 2606 4563 dell’antica
2629 4505 2770 4563 città
2793 4505 2854 4563 di
2880 4506 3050 4573 Gela,
3077 4506 3350 4563 Palermo
3383 4505 3557 4573 1753,
3584 4505 3646 4562 in
3669 4506 3726 4573 4,
3754 4505 3858 4580 fig.

717 4602 839 4659 Ora
872 4610 1082 4676 questa
1115 4601 1256 4659 città
1289 4601 1581 4659 chiamasi
1616 4601 1871 4659 Alicata.
1912 4601 2141 4659 Sonovi
2177 4602 2390 4659 alcune
2425 4610 2583 4659 carte
2617 4601 3035 4676 topografiche
3070 4620 3103 4659 e
3139 4602 3351 4659 alcune
3385 4602 3586 4659 tavole
3621 4601 3682 4659 di
3716 4601 4110 4659 monumenti:
4150 4620 4334 4676 opera
4366 4620 4488 4659 non

709 4716 889 4755 senza
910 4697 1120 4772 pregio
1146 4697 1580 4755 d’erudizione.

474 4890 655 4947 2703.
693 4891 1032 4947 POSTELLO
1066 4889 1433 4947 Barentonio
1471 4889 1820 4964 Guglielmo
1858 4889 2149 4957 francese,
2188 4889 2369 4947 Libro
2406 4890 2500 4947 de’
2543 4889 2872 4964 magistrati
2908 4889 3070 4964 degli
3106 4889 3398 4957 Ateniesi,
3436 4890 3693 4947 tradotto
3729 4889 3791 4946 in
3826 4890 4071 4964 volgare
4107 4890 4184 4947 da
4217 4891 4305 4947 M.
4346 4889 4483 4947 Gio.

706 4985 879 5053 Tatti,
906 4985 1193 5053 Venezia,
1219 5004 1326 5060 per
1348 4986 1670 5043 Baldassar
1693 4985 2049 5053 Costantini,
2084 4985 2259 5053 1543,
2286 4985 2348 5042 in
2375 4986 2428 5053 8,
2455 4985 2517 5042 in
2541 4985 2665 5043 fine
2689 5004 2796 5060 per
2819 4985 3041 5043 Comin
3065 4986 3142 5043 da
3164 4985 3364 5043 Trino.

717 5081 1001 5155 Operetta
1022 5099 1152 5138 rara
1175 5099 1350 5138 come
1375 5081 1435 5138 lo
1463 5099 1613 5138 sono
1638 5089 1783 5138 tutte
1808 5081 2007 5155 quelle
2032 5080 2093 5138 di
2118 5089 2330 5155 questo
2357 5089 2577 5138 autore.

474 5273 655 5330 2704.
687 5274 1001 5341 REQUIER,
1033 5272 1284 5330 Recueil
1314 5273 1556 5347 général
1585 5272 1932 5347 historique,
1965 5281 2023 5330 et
2051 5272 2302 5347 critique
2332 5273 2407 5330 de
2436 5281 2564 5330 tout
2592 5291 2662 5330 ce
2692 5272 2794 5347 qui
2825 5291 2859 5330 a
2887 5273 2980 5330 été
3008 5272 3214 5347 publié
3244 5273 3319 5330 de
3347 5273 3483 5347 plus
3512 5291 3640 5330 rare
3672 5291 3769 5330 sur
3797 5273 3855 5330 la
3883 5272 4027 5330 ville
4057 5273 4483 5330 d’Hérculane.

706 5370 817 5426 Par
839 5370 927 5426 M.
955 5370 1024 5426 R.
1054 5369 1188 5436 K.*,
1215 5368 1397 5436 Paris,
1432 5368 1606 5436 1754,
1633 5368 1695 5425 in
1726 5369 1816 5426 12.

713 5465 942 5536 Questo
968 5465 1001 5522 e
1025 5483 1106 5522 un
1132 5464 1422 5539 semplice
1445 5464 1702 5522 ristretto
1728 5464 1839 5522 che
1863 5464 2065 5522 indica
2088 5465 2144 5522 le
2169 5483 2351 5539 opere
2377 5464 2564 5522 altrui.

474 5655 655 5713 2705.
686 5657 836 5713 ROY
865 5656 1020 5726 (Le),
1051 5657 1166 5713 Les
1194 5655 1395 5713 ruines
1425 5656 1531 5713 des
1559 5656 1694 5730 plus
1722 5656 1920 5713 beaux
1948 5674 2308 5713 monumens
2338 5656 2413 5713 de
2442 5656 2501 5713 la
2529 5656 2741 5723 Grece,
2773 5674 3036 5730 ouvrage
3065 5655 3297 5713 divisée
3326 5674 3401 5713 en
3429 5656 3588 5713 deux
3614 5655 3852 5730 parties,
3883 5655 4046 5713 Paris
4083 5655 4258 5723 1758,
4289 5655 4351 5712 in
4379 5655 4484 5713 fol.

706 5770 886 5809 mass.

713 5848 1117 5922 Quest’opera
1144 5847 1364 5905 rimase
1394 5847 1457 5904 in
1488 5848 1710 5922 grande
1742 5847 2029 5922 opinione
2061 5847 2265 5905 finché
2296 5866 2418 5905 non
2449 5847 2662 5922 giunse
2694 5847 2814 5922 agli
2845 5847 3022 5905 occhi
3053 5848 3151 5905 del
3180 5847 3470 5922 pubblico
3502 5848 3703 5922 quella
3733 5847 3794 5905 di
3827 5848 4039 5905 Stuard
4069 5847 4340 5922 eseguita
4370 5866 4487 5905 con

705 5943 810 6018 più
837 5944 1189 6018 scrupolosa
1213 5952 1526 6001 esattezza.
1556 5945 1642 6001 La
1664 5943 1859 6018 prima
1881 5952 2046 6018 parte
2071 5943 2133 6000 in
2158 5943 2256 6001 cui
2284 5943 2333 6001 si
2359 5943 2758 6001 considerano
2785 5943 2979 6018 questi
3005 5943 3380 6001 monumenti
3406 5944 3504 6001 dal
3530 5944 3650 6001 lato
3679 5943 3900 6001 storico
3927 5944 3960 6001 è
3987 5943 4297 6001 arricchita
4321 5943 4382 6001 di
4408 5944 4485 6001 27

705 6039 1040 6097 bellissime
1071 6040 1272 6097 tavole
1302 6039 1665 6114 pittoresche
1695 6039 2165 6114 rappresentanti
2198 6040 2254 6097 le
2286 6040 2504 6097 vedute
2535 6039 2843 6114 intagliate
2875 6040 2952 6097 da
2982 6040 3038 6097 le
3069 6041 3208 6097 Bas.
3243 6041 3329 6097 La
3362 6040 3626 6097 seconda
3654 6048 3819 6114 parte
3851 6058 3967 6097 ove
4001 6039 4050 6097 si
4082 6039 4434 6097 esaminano
4466 6039 4486 6096 i

706 6134 1082 6192 monumenti
1107 6135 1205 6192 dal
1230 6135 1350 6192 lato
1377 6134 1829 6192 architettonico
1855 6134 2133 6192 contiene
2160 6135 2237 6192 32
2262 6135 2462 6192 tavole
2486 6134 2793 6209 intagliate
2818 6135 2895 6192 da
2917 6136 3098 6192 Patte.
3126 6135 3473 6209 Esemplare
3498 6134 3831 6209 magnifico
3855 6134 3944 6192 ril.
3972 6134 4034 6191 in
4058 6134 4159 6192 Vit.

474 6326 655 6384 2706.
682 6328 832 6384 ROY
857 6327 1012 6397 (Le),
1039 6326 1229 6384 Ruins
1255 6326 1327 6384 of
1345 6326 1595 6394 Athens,
1624 6326 1768 6384 with
1790 6326 2074 6394 romains,
2103 6327 2220 6384 and
2244 6326 2413 6384 other
2436 6327 2714 6384 valuable
2740 6326 3081 6401 antiquities
3106 6326 3168 6383 in
3193 6327 3405 6394 Grece,
3433 6327 3690 6384 London
3721 6326 3896 6394 1759,
3923 6326 3985 6383 in
4009 6326 4114 6384 fol.
4143 6326 4419 6401 figurato.

715 6422 1091 6480 Traduzione
1122 6423 1458 6497 dell’opera
1485 6423 1861 6497 precedente,
1895 6441 2012 6480 con
2042 6422 2121 6480 26
2152 6423 2352 6480 tavole
2383 6422 2444 6480 di
2476 6422 2927 6480 accuratissimo
2958 6422 3208 6497 intaglio
3240 6441 3273 6480 e
3303 6422 3346 6479 il
3375 6431 3683 6497 prospetto
3714 6423 3809 6480 de’
3846 6422 4108 6497 Propilei
4139 6441 4172 6480 e
4202 6423 4260 6480 la
4287 6422 4490 6497 pianta

2171 6657 2347 6694 WWW.
2358 6637 2734 6710 memofonte.
2748 6639 2791 6694 il
