4958 7017
1981 864 2366 922 Fondazione
2390 838 2775 922 Memofonte
2800 865 2976 922 onlus

1390 960 1600 1018 Studio
1624 979 1731 1035 per
1754 960 2226 1018 l’elaborazione
2250 960 2632 1018 informatica
2655 961 2813 1018 delle
2838 960 2991 1018 fonti
3018 960 3571 1018 storico—artistiche

471 1366 686 1435 2045.
723 1368 1110 1435 HOLLARD
1142 1366 1622 1448 Winceslaus,
1659 1366 2173 1435 Characaturas
2205 1366 2304 1456 by
2335 1366 2713 1435 Leonardo
2747 1366 2838 1435 da
2868 1366 3085 1435 Vinci
3118 1366 3310 1435 from
3342 1366 3701 1456 drawings
3736 1377 3861 1435 out
3892 1366 3977 1435 of
4001 1366 4120 1435 the
4152 1366 4488 1435 Portland

711 1483 1079 1563 Museum,
1146 1481 1354 1563 1786,
1412 1481 1486 1549 in
1539 1482 1607 1563 4,
1664 1492 1803 1550 tav.
1871 1482 1979 1563 18,
2038 1481 2477 1571 compresoli
2532 1481 3006 1571 frontespizio
3062 1503 3101 1550 e
3155 1481 3207 1549 il
3260 1481 3528 1550 ritratto
3584 1481 3656 1550 di
3710 1481 4110 1563 Leonardo,
4168 1481 4237 1550 le
4291 1481 4486 1571 quali

713 1596 1256 1686 comprendono
1287 1596 1381 1665 64
1410 1607 1590 1665 teste
1618 1607 1822 1665 tratte
1852 1596 1968 1665 dai
1999 1596 2281 1686 disegni
2312 1596 2666 1686 originali.

711 1709 795 1765 Le
821 1726 1003 1782 opere
1029 1707 1090 1765 di
1116 1716 1328 1782 questo
1354 1707 1615 1765 incisore
1643 1726 1793 1765 sono
1819 1716 1963 1765 tutte
1987 1707 2281 1782 preziose,
2310 1726 2410 1765 ma
2433 1707 2476 1764 il
2503 1716 2678 1782 gusto
2704 1707 3030 1782 pittoresco
3057 1707 3168 1765 che
3193 1707 3270 1765 ha
3294 1726 3498 1765 messo
3524 1707 3586 1764 in
3611 1716 3821 1782 queste
3846 1716 3995 1765 teste
4024 1707 4073 1765 si
4099 1707 4365 1765 discosta
4389 1708 4487 1765 dal

712 1812 995 1861 carattere
1020 1803 1081 1861 di
1105 1804 1420 1861 Leonardo
1444 1803 1549 1878 più
1573 1803 1684 1861 che
1708 1822 1830 1861 non
1854 1803 1931 1861 ha
1954 1803 2101 1861 fatto
2126 1803 2169 1860 il
2195 1804 2263 1861 C.
2292 1803 2353 1861 di
2378 1804 2621 1878 Caylus.

475 1999 690 2068 2046.
734 2001 1018 2068 HORAE
1054 2002 1480 2068 intemerata
1517 2002 1660 2068 Dei
1702 2001 2095 2069 Genitricis
2118 2000 2420 2088 firginis
2455 2002 2733 2080 Maria;
2777 1999 3173 2068 secundum
3214 2023 3419 2068 usum
3456 2002 3831 2068 Romanae
3869 1999 4249 2068 Ecclesiae
4290 1999 4488 2068 ossia

713 2115 963 2203 officia
1014 2114 1443 2203 quotidiana
1494 2117 1643 2184 sive
1691 2117 1944 2183 Horae
1992 2117 2068 2183 B.
2123 2117 2222 2183 M.
2281 2114 2482 2184 brevi
2523 2114 3166 2203 pulcherrimoque
3217 2114 3385 2183 stilo
3436 2128 3653 2203 atque
3705 2114 3960 2183 ordine
4012 2117 4477 2202 compositae,

712 2229 1107 2298 secundum
1146 2253 1351 2298 usum
1385 2232 1761 2298 Romanae
1797 2229 2206 2298 Ecclesiae:
2249 2253 2410 2298 cum
2438 2229 2777 2317 pluribus
2814 2232 3182 2298 memoriis
3221 2243 3291 2298 et
3324 2229 3810 2299 devotissimis
3849 2229 4305 2298 orationibus
4346 2229 4487 2298 illis

712 2347 1029 2413 annexis.
1079 2347 1142 2412 F
1144 2347 1331 2413 inem
1373 2347 1769 2432 sumpsisse
1813 2368 2118 2413 cernens
2162 2368 2206 2413 0
2251 2344 2482 2413 lect0r
2519 2344 2999 2425 devotissime,
3048 2347 3212 2413 Deo
3256 2358 3326 2413 et
3365 2347 3478 2413 sui
3520 2344 4166 2432 scorregnantibus
4208 2347 4487 2432 gratias

712 2483 867 2547 age,
950 2462 1614 2548 Impressoremque
1696 2459 2238 2528 Thielmannum
2313 2462 2591 2529 Kerver
2666 2459 2947 2545 (Almae
3026 2462 3514 2529 universitatis
3589 2462 4031 2528 Parisiensis
4110 2459 4488 2528 librarium

698 2577 1025 2663 juratum
1080 2577 1150 2643 in
1199 2577 1481 2662 Magno
1540 2577 1712 2644 Vico
1766 2598 1810 2643 0
1860 2574 2125 2644 Jacobi
2177 2574 2277 2643 ad
2325 2576 2621 2662 Signum
2678 2576 2919 2644 Gratis
2973 2576 3571 2659 commorantem)
3626 2574 3877 2643 lauda:
3934 2577 4058 2663 qui
4110 2574 4250 2643 hoc
4303 2598 4486 2662 opus

710 2692 1019 2758 Parisiis
1074 2692 1450 2777 impressit.
1503 2691 1716 2758 Anno
1767 2689 1862 2758 ab
1917 2692 2392 2758 incarnatone
2441 2692 2584 2758 Dei
2634 2689 3019 2758 millesimo
3071 2692 3649 2778 quingentesimo
3701 2692 4023 2777 septimo,
4083 2689 4201 2758 die
4244 2692 4487 2777 prima

711 2807 979 2873 mensis
1008 2807 1071 2872 F
1071 2804 1410 2873 ebruarii.

713 2915 925 2987 Questi
952 2916 1068 2973 due
1098 2915 1281 2973 scritti
1308 2916 1479 2973 l’uno
1508 2934 1542 2973 a
1567 2924 1735 2990 tergo
1763 2916 2063 2973 dell’altro
2093 2924 2303 2973 stanno
2331 2915 2697 2973 nell’ultimo
2726 2915 2879 2990 fogli
2906 2915 2967 2973 di
2996 2924 3243 2990 stampa.
3273 2917 3298 2972 I
3325 2915 3478 2990 fogli
3508 2934 3658 2973 sono
3694 2915 3808 2973 152
3835 2915 4113 2990 impressi
4140 2916 4217 2973 da
4242 2915 4488 2973 ciascun

712 3012 832 3069 lato
873 3030 990 3069 con
1028 3030 1109 3069 un
1148 3020 1439 3069 contorno
1479 3011 1749 3069 istoriato
1790 3030 1823 3069 e
1863 3011 2121 3086 figurato
2161 3011 2792 3086 indipendentemente
2832 3012 2990 3069 dalle
3029 3012 3230 3069 tavole
3268 3011 3585 3086 principali
3625 3011 3737 3069 che
3779 3030 3929 3069 sono
3970 3030 4150 3069 meno
4189 3012 4349 3069 belle
4389 3011 4487 3069 dei

712 3106 1002 3164 contorni.
1047 3089 1095 3163 É
1136 3106 1489 3164 incredibile
1531 3107 1589 3164 la
1629 3106 1853 3164 varietà
1893 3107 2051 3164 delle
2095 3106 2274 3164 storie
2316 3106 2427 3164 che
2471 3125 2621 3164 sono
2664 3125 2937 3181 espresse
2978 3106 3040 3163 in
3081 3106 3275 3181 questi
3317 3106 3508 3164 lavori
3549 3106 3611 3163 in
3652 3107 3851 3181 legno:
3898 3106 3981 3181 gli
4023 3106 4343 3181 esemplari
4383 3106 4488 3181 più

713 3202 1055 3260 accreditati
1089 3221 1239 3260 sono
1271 3202 1333 3259 in
1362 3221 1727 3277 pergamena
1758 3221 1791 3260 e
1822 3202 2071 3260 miniati.
2108 3204 2336 3260 Kerver
2364 3202 2653 3277 ristampò
2686 3211 2898 3277 questo
2930 3202 3148 3260 ufficio
3179 3202 3284 3277 più
3316 3203 3478 3260 volte
3510 3221 3543 3260 e
3577 3202 3844 3260 siccome
3876 3211 4087 3277 questa
4117 3203 4150 3260 e
4181 3221 4300 3260 una
4330 3203 4488 3260 delle

710 3298 901 3373 prime
936 3298 1340 3373 impressioni,
1379 3317 1416 3356 o
1453 3298 1615 3356 forse
1651 3299 1709 3356 la
1741 3298 1950 3373 prima,
1989 3298 2119 3356 cosi
2155 3299 2211 3356 le
2249 3307 2478 3373 stampe
2513 3298 2712 3356 hanno
2749 3298 2792 3355 il
2826 3298 3036 3373 pregio
3072 3299 3232 3356 della
3266 3298 3614 3356 freschezza
3648 3298 3940 3373 originale
3978 3317 4158 3356 senza
4193 3298 4354 3356 aiuto
4391 3299 4488 3356 del

710 3395 1011 3469 pennello.
1039 3395 1388 3469 Esemplare
1413 3394 1474 3452 di
1497 3394 1690 3469 prima
1714 3395 1980 3469 legatura
2003 3413 2036 3452 e
2061 3394 2550 3452 conservazione.

483 3590 698 3658 2047.
735 3591 1019 3658 ICONES
1055 3590 1378 3679 Operum
1408 3589 1960 3658 Misericordiae
1993 3611 2161 3658 cum
2190 3589 2360 3658 Iulii
2392 3589 2643 3658 ROSCÌÌ
2675 3591 2828 3658 Hor
2864 3591 2957 3679 [p.
2995 3589 3283 3672 352]tini
3313 3600 3620 3658 sententiis
3648 3609 3706 3658 et
3731 3600 4257 3675 explicationibus;
4286 3602 4486 3658 Partes

712 3701 883 3768 duce,
913 3700 1209 3775 Impensis
1238 3700 1437 3758 Barth.
1470 3700 1678 3758 Grassi
1706 3702 1882 3758 Rora.
1912 3700 2286 3775 bibliopolae
2313 3700 2617 3758 incidebat
2642 3702 2858 3768 Roma;
2888 3700 3120 3758 Marius
3150 3700 3450 3758 Cartarius
3486 3700 3642 3758 1586
3670 3700 3732 3757 in
3760 3700 3865 3758 fol.
3896 3702 3963 3757 In
3991 3700 4134 3758 fine:
4167 3702 4381 3768 Roma,
4412 3719 4487 3758 ex

711 3796 1135 3871 Typographia
1157 3796 1356 3854 Barth.
1384 3796 1714 3854 Bonfadini
1739 3796 1801 3853 in
1825 3796 1924 3854 via
1946 3796 2267 3871 Peregrini,
2302 3796 2476 3854 1585.

714 3892 1137 3950 S’incontrano
1163 3892 1225 3949 in
1250 3893 1638 3967 quest’opera
1662 3892 1962 3967 compresi
1988 3892 2008 3949 i
2034 3893 2150 3950 due
2177 3892 2528 3967 froutespizi
2554 3911 2587 3950 e
2613 3911 2733 3950 una
2756 3893 2958 3950 tavola
2982 3893 3080 3950 del
3107 3892 3392 3950 Giudizio
3420 3892 3623 3960 finale,
3659 3893 3729 3950 17
3757 3893 3957 3950 tavole
3983 3892 4487 3950 laboriosamente

711 3988 1034 4063 intagliate.

471 4185 686 4253 2048.
723 4186 1204 4253 ILLUSTRIUM
1235 4184 1911 4253 iurisconsultorum
1947 4184 2301 4274 imagines
2340 4206 2524 4274 quae
2561 4184 2867 4253 inveniri
2904 4195 3286 4274 potuerunt
3323 4184 3412 4253 ad
3448 4184 3695 4253 vivam
3732 4184 4066 4274 effigiem
4103 4206 4486 4274 expressae

713 4321 802 4368 ex
844 4301 1156 4368 Musaeo
1198 4299 1433 4368 Marci
1475 4301 1822 4368 Mantuae
1865 4299 2249 4368 Benavidii
2292 4299 2615 4368 Patavini
2657 4299 3159 4368 Jurisconsulti
3203 4299 3608 4381 clarissimi,
3654 4301 3933 4368 Romae
3984 4299 4192 4381 1566,
4238 4299 4312 4367 in
4354 4299 4481 4368 fol.

711 4414 1013 4483 Antonii
1043 4414 1342 4483 Lafrerii
1372 4414 1650 4483 formis.

714 4564 878 4621 Sono
904 4563 980 4621 25
1007 4563 1213 4621 ritratti
1237 4563 1529 4638 intagliati
1553 4563 1615 4620 in
1637 4582 1802 4621 rame
1826 4563 1888 4620 in
1913 4563 2228 4621 altrettanti
2253 4563 2512 4638 foglietti
2537 4564 2635 4621 col
2661 4563 3053 4638 frontespizio
3078 4563 3360 4621 indicato.
3388 4563 3820 4621 Freschissime
3845 4564 4196 4638 esemplare.

710 4725 809 4730 —
854 4682 1235 4751 Accedunt
1280 4682 1635 4772 imagines
1686 4693 1756 4751 et
1802 4682 2042 4772 elogia
2087 4682 2407 4751 virorum
2453 4682 2840 4751 illustrium
2887 4704 2976 4751 ex
3024 4682 3482 4751 Bibliotheca
3526 4682 3761 4751 Fulvii
3808 4682 4076 4764 Ursini,
4136 4682 4343 4751 1570.
4395 4684 4483 4751 V.

720 4800 984 4867 Ursini.

479 5009 694 5078 2049.
739 5010 1220 5077 ILLUSTRIUM
1258 5008 1862 5098 philosophorum
1901 5019 1970 5077 et
2010 5008 2443 5098 sapientium
2483 5008 2775 5098 effigies
2819 5008 2906 5077 ab
2947 5030 3089 5077 eor.
3134 5008 3690 5077 numismatibus
3732 5019 4108 5090 extractae,
4152 5008 4486 5077 edizione

712 5123 786 5191 in
814 5124 881 5192 4.

712 5234 1008 5292 Contiene
1046 5234 1517 5309 settantacinque
1553 5243 1711 5292 carte
1748 5235 1906 5292 delle
1942 5234 2104 5309 quali
2140 5253 2258 5292 una
2295 5253 2464 5292 serve
2502 5235 2557 5292 al
2594 5234 3006 5309 frontespizio,
3044 5235 3302 5292 un’altra
3337 5253 3371 5292 a
3404 5253 3485 5292 un
3523 5234 3823 5309 singolare
3860 5234 4071 5292 avviso
4109 5234 4164 5292 ai
4200 5234 4413 5292 lettori:
4454 5253 4487 5292 e

714 5330 1050 5387 settantatré
1091 5329 1297 5387 ritratti
1340 5329 1452 5387 che
1497 5330 1814 5387 sembrano
1858 5329 2154 5404 disegnati
2197 5329 2259 5386 in
2301 5329 2628 5387 caricatura
2669 5348 2787 5387 con
2827 5329 3010 5404 pochi
3053 5329 3229 5387 cenni
3271 5329 3564 5404 intagliati
3610 5338 3766 5387 sotto
3809 5329 3829 5386 i
3872 5329 4209 5397 medesimi,
4253 5329 4487 5387 relativi

713 5425 1027 5483 all’indole
1052 5425 1150 5483 dei
1173 5425 1554 5500 personaggi:
1586 5444 1768 5483 senza
1792 5444 1966 5493 anno,
1994 5426 2179 5500 luogo
2205 5444 2238 5483 e
2263 5425 2416 5483 fiore
2441 5425 2502 5483 di
2529 5434 2906 5500 stampatore.
2934 5425 3272 5483 Presumesi
3296 5426 3394 5483 nel
3426 5425 3601 5493 1680,
3628 5425 3914 5483 Venezia.

471 5621 686 5690 2050.
739 5623 1124 5690 IMAGINES
1171 5622 1600 5690 Sanctorum
1645 5621 2007 5690 Francisci
2056 5632 2125 5690 et
2170 5621 2293 5711 qui
2342 5643 2431 5690 ex
2478 5621 2701 5690 tribus
2751 5621 2905 5690 eius
2955 5621 3326 5690 ordinibus
3374 5621 3575 5690 relati
3626 5632 3788 5690 sunt
3833 5621 4014 5690 inter
4060 5621 4270 5690 divos
4320 5643 4488 5690 cum

713 5736 995 5826 elogiis,
1030 5747 1210 5805 auct.
1244 5738 1316 5805 F.
1350 5736 1673 5805 Honrico
1706 5736 2027 5818 Sedulio,
2059 5736 2520 5826 Antuerpiae,
2555 5758 2663 5826 ap.
2698 5736 3290 5818 Phil.Gallaeum,
3332 5736 3540 5818 1602,
3573 5736 3647 5804 in
3680 5737 3743 5818 8,
3776 5736 3902 5826 fig.
3935 5738 4041 5805 M.
4076 5736 4191 5806 95.

714 5847 943 5905 Sonovi
978 5848 1050 5905 10
1078 5848 1278 5905 tavole
1306 5848 1455 5905 oltre
1482 5847 1525 5904 il
1553 5847 1946 5922 frontespizio
1975 5847 2252 5922 figurato,
2283 5848 2339 5905 le
2367 5847 2529 5922 quali
2558 5847 2775 5905 furono
2806 5848 2855 5905 si
2883 5848 3248 5922 largamente
3275 5847 3582 5922 intagliate
3608 5866 3715 5922 per
3741 5848 3801 5905 lo
3832 5847 3964 5905 stile
3992 5848 4090 5905 del
4116 5847 4344 5915 bulino,
4375 5847 4486 5905 che

714 5962 1007 6018 superano
1032 5943 1075 6000 il
1100 5943 1313 6001 merito
1339 5943 1640 6001 ordinario
1666 5944 1823 6001 delle
1848 5962 2030 6018 opere
2055 5943 2116 6001 di
2140 5952 2352 6018 questo
2378 5943 2665 6018 diligente
2689 5943 3083 6018 intagliatore.

479 6138 694 6207 2051.
735 6140 1120 6207 IMAGINES
1153 6138 1414 6207 veteris
1453 6160 1535 6207 ac
1571 6138 1744 6207 novi
1780 6138 2241 6220 Testamenti,
2282 6160 2322 6207 a
2355 6138 2723 6228 Raphaele
2760 6138 3053 6207 Sanctio
3088 6138 3435 6207 Urbinate
3470 6138 3545 6206 in
3580 6138 3913 6207 Vaticani
3949 6138 4200 6207 Palatii
4235 6138 4485 6228 Xystis

712 6253 935 6322 mirae
987 6253 1261 6343 picture
1315 6253 1672 6343 elegantia
1725 6275 2101 6343 espressa;,
2159 6253 2446 6322 Ioannis
2502 6253 2747 6322 lacobi
2802 6253 2891 6322 de
2944 6253 3216 6322 Rubeis
3272 6275 3440 6322 cura
3493 6275 3574 6322 ac
3631 6253 4033 6343 sumptibus
4089 6253 4488 6322 delineatae

712 6368 985 6437 incisae
1016 6390 1097 6437 ac
1126 6368 1316 6458 typis
1348 6368 1603 6450 editae,
1635 6369 1724 6437 A.
1768 6368 1976 6450 1674,
2009 6368 2083 6436 in
2112 6368 2239 6437 fol.

2171 6657 2347 6694 WWW.
2358 6637 2734 6710 memofonte.
2748 6639 2766 6694 i
2770 6648 2791 6694 t
