4958 7017
1981 864 2366 922 Fondazione
2390 838 2775 922 Memofonte
2800 865 2976 922 onlus

1390 960 1600 1018 Studio
1624 979 1731 1035 per
1754 960 2226 1018 l’elaborazione
2250 960 2632 1018 informatica
2655 961 2813 1018 delle
2838 960 2991 1018 fonti
3018 960 3571 1018 storico—artistiche

479 1252 636 1320 131.
681 1252 1078 1320 GAGLIANI
1116 1251 1517 1333 Vincenzo,
1559 1251 1987 1341 Argomenti
2028 1251 2100 1320 di
2143 1251 2360 1320 storia
2400 1251 2728 1320 siciliana
2766 1251 3055 1320 divisati
3095 1251 3169 1319 in
3207 1251 3485 1341 pittura,
3528 1251 3856 1320 Palermo
3905 1252 4113 1333 1813,
4156 1251 4230 1319 in
4273 1252 4336 1333 8,
4378 1253 4483 1320 M.

708 1366 823 1435 66.

708 1478 935 1549 Questa
966 1478 1149 1535 breve
1183 1477 1478 1535 memoria
1509 1477 1860 1535 indirizzata
1893 1478 1948 1535 al
1982 1478 2219 1535 celebre
2251 1486 2432 1552 poeta
2464 1478 2579 1535 Ab.
2616 1477 2771 1535 Meli
2805 1478 2838 1535 e
2870 1477 3120 1535 relativa
3153 1478 3228 1535 ad
3261 1496 3443 1552 opere
3477 1477 3589 1535 che
3624 1496 3887 1535 vennero
3922 1477 3983 1535 di
4017 1477 4117 1552 già
4149 1477 4418 1552 eseguite
4453 1496 4486 1535 e

709 1592 878 1631 serve
901 1573 1190 1648 piuttosto
1214 1592 1321 1648 per
1343 1573 1724 1648 interpretare
1748 1573 1791 1630 il
1816 1573 2181 1648 complicato
2207 1574 2392 1631 modo
2418 1592 2535 1631 con
2559 1573 2656 1631 cui
2681 1573 2899 1631 furono
2927 1573 3405 1648 simboleggiate,
3432 1575 3520 1631 M.
3550 1573 3646 1631 66.

483 1789 640 1857 132.
675 1789 1053 1870 GAUTIER,
1086 1789 1326 1857 L’arte
1357 1788 1429 1857 di
1462 1788 1965 1878 acquarellare,
1999 1810 2138 1857 con
2170 1788 2630 1857 annotazioni
2661 1810 2700 1857 e
2732 1788 3235 1878 supplementi,
3267 1788 3687 1857 traduzione
3717 1788 3834 1857 dal
3863 1788 4212 1870 francese,
4246 1790 4488 1857 Lucca

716 1903 924 1985 1760,
957 1903 1031 1971 in
1064 1904 1126 1972 8.

708 2015 992 2089 Operetta
1017 2014 1216 2072 scritta
1239 2033 1356 2072 con
1380 2015 1569 2072 molto
1595 2014 1864 2089 giudizio
1890 2015 2218 2072 eccellente
2241 2033 2348 2089 per
2371 2015 2427 2072 le
2450 2014 2716 2089 pratiche
2741 2014 2852 2072 che
2876 2014 3144 2089 insegna.

487 2230 644 2298 133.
683 2230 1019 2298 GEORGII
1049 2229 1368 2311 Joannis,
1405 2229 1818 2319 Disputatio
1852 2229 2155 2298 iuridica
2187 2229 2276 2298 de
2310 2251 2398 2298 eo
2432 2229 2629 2319 quod
2661 2229 2931 2298 iustum
2964 2240 3072 2298 est
3104 2229 3294 2298 circa
3324 2229 3697 2319 picturam,
3733 2229 4016 2298 Aldorf.
4063 2229 4271 2311 1716,
4308 2229 4382 2297 in
4414 2230 4482 2311 4,

706 2346 812 2413 M.
855 2344 962 2413 15.

708 2456 935 2527 Questa
958 2456 991 2513 e
1016 2474 1134 2513 una
1157 2455 1588 2513 dissertazione
1612 2455 1675 2512 in
1699 2455 1947 2513 materia
1970 2456 2183 2530 legale,
2211 2455 2322 2513 che
2345 2455 2623 2530 riguarda
2645 2455 2665 2512 i
2690 2455 2871 2513 diritti
2896 2455 3058 2530 degli
3083 2455 3268 2513 offesi
3293 2456 3370 2513 da
3391 2455 3606 2530 pitture
3630 2455 3978 2530 ingiuriose.

479 2671 636 2739 134.
679 2671 903 2739 GILIO
942 2670 1309 2739 Giovanni
1346 2670 1639 2739 Andrea
1675 2670 1767 2739 da
1802 2670 2175 2752 Fabriano,
2216 2672 2379 2739 Due
2416 2670 2783 2760 Dialoghi,
2824 2670 2942 2739 nel
2979 2670 3214 2760 primo
3253 2670 3367 2739 de’
3413 2670 3609 2760 quali
3650 2670 3709 2739 si
3746 2670 4044 2760 ragiona
4081 2670 4270 2739 delle
4306 2670 4487 2760 parti

707 2785 963 2854 morali
1013 2807 1052 2854 e
1101 2785 1301 2854 civili
1351 2785 1464 2854 de’
1522 2785 1823 2854 letterati
1873 2807 1912 2854 e
1961 2785 2338 2875 cortigiani
2389 2807 2428 2854 e
2477 2785 2834 2854 dell’utile
2883 2785 3016 2854 che
3064 2785 3087 2853 i
3135 2785 3443 2875 principi
3493 2807 3771 2854 cavano
3821 2785 3934 2854 da’
3991 2785 4317 2867 letterati;
4369 2785 4487 2854 nel

710 2900 1029 2969 secondo
1069 2900 1128 2969 si
1164 2911 1369 2969 tratta
1404 2900 1599 2990 degli
1637 2900 1853 2969 errori
1891 2900 2005 2969 de’
2049 2900 2290 2990 pittori
2328 2900 2519 2969 circa
2554 2900 2622 2969 le
2661 2900 2898 2982 storie,
2938 2900 3012 2968 in
3049 2900 3460 2982 Camerino,
3499 2922 3751 2990 presso
3787 2900 4111 2969 Antonio
4149 2900 4482 2982 Gioioso,

716 3015 924 3097 1564,
957 3015 1031 3083 in
1059 3016 1126 3084 4.

706 3128 773 3183 In
797 3135 1009 3201 questo
1035 3126 1188 3184 libro
1214 3127 1247 3184 è
1270 3126 1488 3184 riunito
1514 3145 1594 3184 un
1618 3126 1974 3201 magazzino
2000 3126 2403 3184 d’erudizioni
2428 3145 2545 3184 con
2567 3145 2727 3201 poco
2753 3126 2962 3184 ordine
2985 3145 3092 3201 per
3114 3135 3359 3184 mettere
3383 3126 3445 3183 in
3469 3126 3764 3184 evidenza
3787 3127 4060 3194 l’autore,
4090 3145 4270 3184 senza
4293 3126 4404 3184 che
4429 3127 4486 3184 le

708 3221 814 3279 arti
838 3240 913 3279 ne
939 3221 1197 3279 abbiano
1222 3230 1394 3279 tratto
1418 3221 1683 3296 profitto.
1710 3221 2067 3279 L’edizione
2092 3222 2125 3279 e
2151 3230 2440 3279 accurata.

487 3436 644 3505 135.
679 3437 990 3518 GIOVIO,
1019 3436 1369 3505 Discorso
1402 3436 1587 3505 sulla
1613 3436 1892 3526 pittura,
1925 3436 2211 3505 Londra
2247 3436 2455 3518 1776,
2489 3436 2563 3504 in
2596 3437 2658 3505 8.

708 3548 937 3619 Questo
963 3548 1125 3605 colto
1153 3547 1392 3622 signore
1417 3566 1517 3605 era
1540 3548 1744 3605 dotato
1770 3548 1868 3605 del
1893 3547 2090 3622 giusto
2118 3566 2296 3605 senso
2322 3548 2480 3605 delle
2506 3547 2612 3605 arti
2637 3566 2670 3605 e
2695 3548 2755 3605 lo
2781 3547 3120 3622 esprimeva
3142 3547 3205 3604 in
3229 3547 3373 3622 ogni
3398 3566 3582 3622 opera
3607 3566 3728 3605 sua.

483 3762 619 3831 136
673 3760 1015 3844 GOERÉE,
1072 3762 1429 3831 Versione
1483 3762 1600 3831 del
1651 3773 1930 3831 trattato
1984 3762 2056 3831 di
2109 3762 2510 3844 Leonardo,
2567 3784 2606 3831 e
2659 3762 2731 3831 di
2791 3764 2884 3852 [p.
2942 3763 3063 3845 22]
3125 3762 3296 3831 altre
3349 3784 3565 3852 opere
3620 3762 4159 3831 sull’anatomia
4211 3784 4250 3831 e
4305 3762 4487 3831 sulle

706 3877 1191 3967 proporzioni,
1224 3877 1298 3945 in
1328 3877 1693 3959 olandese,
1725 3877 2189 3946 Amsterdam
2226 3877 2434 3959 1682,
2467 3877 2541 3945 in
2574 3878 2637 3959 8,
2670 3877 2796 3967 fig.

708 3989 937 4060 Questo
974 3997 1178 4046 autore
1212 3988 1289 4046 ha
1323 3988 1470 4046 fatto
1505 3988 1818 4063 intagliare
1853 3989 1909 4046 le
1944 3988 2277 4046 medesime
2311 3989 2512 4046 tavole
2547 3988 2658 4046 che
2692 3988 2957 4046 trovansi
2992 3989 3329 4063 nell’opera
3362 3988 3423 4046 di
3457 3989 3773 4046 Leonardo
3811 3997 4102 4063 stampata
4136 4007 4170 4046 a
4202 3988 4416 4063 Parigi,
4454 4007 4487 4046 e

706 4085 967 4142 tradurre
991 4084 1053 4141 in
1075 4084 1318 4159 piccolo
1345 4085 1556 4142 alcune
1581 4085 1740 4142 delle
1764 4085 1964 4142 tavole
1990 4084 2368 4142 anatomiche
2393 4085 2553 4142 della
2577 4084 3072 4159 grand’edizione
3097 4084 3158 4142 di
3182 4084 3450 4142 Vesalio.

479 4300 636 4368 137.
703 4300 1138 4368 GRIMALDO
1200 4299 1563 4368 Francisci
1624 4299 1913 4381 Marire,
1979 4301 2091 4368 De
2152 4299 2447 4381 lumine,
2514 4299 2879 4368 coloribus
2943 4310 3012 4368 et
3071 4299 3271 4381 iride,
3339 4299 3644 4389 aliisque
3707 4299 4028 4381 adnexis,
4093 4299 4255 4368 libri
4318 4299 4484 4381 duo,

707 4414 1085 4483 Bononiae
1123 4414 1305 4483 1665
1339 4414 1413 4482 in
1441 4415 1508 4483 4.

706 4527 790 4583 Le
814 4525 1061 4583 nozioni
1086 4525 1304 4583 fisiche
1329 4544 1602 4600 espresse
1626 4525 1689 4582 in
1714 4526 2110 4600 quest’epoca
2131 4526 2401 4583 rendono
2429 4525 2626 4583 sterile
2652 4525 2772 4600 agli
2796 4525 2889 4583 usi
2914 4526 3188 4583 dell’arte
3212 4544 3331 4583 una
3353 4526 3433 4583 tal
3458 4544 3657 4600 opera.

483 4740 640 4808 138.
679 4740 1076 4808 GUEVARA
1109 4741 1197 4808 D.
1235 4739 1536 4829 Filippe,
1574 4739 2156 4808 Commentarios
2192 4739 2281 4808 de
2315 4739 2385 4808 la
2415 4739 2717 4829 pintura,
2755 4761 2894 4808 con
2926 4761 3023 4808 un
3058 4739 3385 4808 discurso
3418 4739 3835 4829 preliminar
3867 4762 3913 4829 y
3947 4739 4244 4829 algunas
4280 4750 4485 4808 notas

708 4854 797 4923 de
826 4856 914 4923 D.
947 4854 1271 4923 Antonio
1301 4856 1519 4936 Ponz,
1551 4854 1843 4923 Madrid
1880 4855 2088 4936 1788,
2121 4854 2195 4922 in
2228 4855 2290 4923 8.

708 4966 937 5037 Questo
985 4965 1138 5023 libro
1185 4974 1355 5023 tratta
1400 4966 1458 5023 la
1502 4965 1750 5023 materia
1794 4965 1856 5022 in
1901 4984 1981 5023 un
2027 4966 2212 5023 modo
2262 4984 2370 5023 suo
2416 4965 2660 5040 proprio
2706 4966 2782 5023 ed
2828 4965 3119 5040 originale
3166 4984 3199 5023 e
3245 4984 3367 5023 non
3411 4966 3533 5040 può
3581 4965 3725 5023 dirsi
3771 4965 4118 5023 imitazione
4165 4965 4226 5023 di
4272 4965 4486 5023 trattati

705 5061 1099 5136 preesistenti.

483 5277 640 5346 139.
675 5277 1063 5345 GUIDOTTI
1090 5276 1414 5358 Alberto,
1447 5276 1760 5345 Metollo
1790 5276 2007 5345 facile
2035 5298 2161 5366 per
2189 5276 2502 5345 formare
2531 5276 2943 5366 qualunque
2975 5276 3145 5345 siasi
3178 5287 3365 5345 sorte
3395 5276 3467 5345 di
3498 5276 3787 5345 vernice
3817 5276 4009 5345 della
4037 5276 4273 5345 China
4301 5298 4340 5345 e
4370 5276 4487 5345 del

708 5391 1112 5481 Giappone,
1144 5391 1490 5481 praticato
1520 5391 1594 5459 in
1622 5391 1920 5460 Francia
1948 5413 1987 5460 e
2016 5391 2090 5459 in
2120 5391 2558 5481 Inghilterra,
2591 5391 2888 5460 Rimino
2927 5392 3135 5473 1784,
3168 5391 3242 5459 in
3275 5392 3337 5460 8.

706 5503 754 5559 Il
779 5502 1005 5577 meglio
1031 5502 1092 5560 di
1117 5511 1329 5577 questo
1355 5502 1508 5560 libro
1534 5503 1567 5560 è
1591 5503 1739 5560 tolto
1765 5503 1842 5560 da
1865 5503 2068 5577 quello
2094 5503 2192 5560 del
2215 5502 2510 5560 Bonanni.

483 5718 640 5786 140.
674 5719 1060 5786 HACKERT
1087 5717 1394 5807 Filippo,
1427 5719 1707 5786 Lettera
1737 5717 2046 5786 sull’uso
2077 5717 2268 5786 della
2295 5717 2586 5786 vernice
2615 5717 2807 5786 nella
2833 5717 3112 5807 pittura,
3145 5717 3449 5807 Perugia
3486 5718 3694 5799 1788,
3727 5717 3801 5785 in
3834 5718 3896 5786 8.

719 5829 767 5885 Il
792 5829 1037 5886 metodo
1065 5828 1367 5903 suggerito
1392 5828 1454 5885 in
1478 5837 1691 5903 questo
1718 5829 2014 5903 opuscolo
2040 5829 2073 5886 e
2097 5828 2140 5885 il
2163 5828 2268 5903 più
2292 5828 2472 5886 facile
2497 5847 2530 5886 e
2557 5828 2773 5886 sicuro.

479 6044 636 6112 141.
677 6045 1153 6125 HAGEDORN,
1193 6043 1621 6112 Reflexions
1662 6065 1779 6112 sur
1813 6043 1883 6112 la
1916 6043 2241 6133 peinture
2276 6043 2616 6112 traduites
2655 6043 2744 6112 de
2780 6043 3205 6112 l’allemand
3239 6065 3366 6133 par
3400 6043 3695 6125 Hubert,
3735 6043 4036 6133 Leipzig
4081 6043 4290 6125 1775,
4330 6043 4404 6111 in
4444 6044 4482 6112 8

707 6160 795 6227 V.
830 6159 895 6227 2.

708 6270 909 6344 Opera
934 6269 1133 6327 scritta
1156 6288 1273 6327 con
1297 6270 1484 6327 molta
1507 6269 1783 6327 filosofia
1806 6288 1839 6327 e
1862 6269 2209 6344 profondità
2232 6269 2293 6327 di
2317 6269 2521 6327 teorie.

2171 6657 2347 6694 WWW.
2358 6637 2734 6710 memofonte.
2748 6639 2791 6694 il
