4958 7017
1981 864 2366 922 Fondazione
2390 838 2775 922 Mernofonte
2800 865 2976 922 onlus

1390 960 1600 1018 Studio
1624 979 1731 1035 per
1754 960 2226 1018 l’elaborazione
2250 960 2632 1018 informatica
2655 961 2813 1018 delle
2838 960 2991 1018 fonti
3018 960 3571 1018 storico—artistiche

485 1253 578 1341 [p.
611 1252 784 1334 407]

1784 1378 2345 1482 AUTORI
2388 1381 2541 1480 DI
2584 1378 3413 1482 FISONOMIA

479 1636 694 1704 2420.
727 1636 1019 1704 ABANO
1049 1635 1255 1717 Petri,
1288 1637 1400 1704 De
1428 1635 1942 1725 phisionomia,
1975 1635 2252 1704 Paduas
2292 1636 2500 1717 1474,
2533 1635 2607 1703 in
2635 1635 2770 1704 4.Il
2799 1635 2987 1704 libro
3018 1638 3407 1704 comincia:

712 1750 971 1840 Incipit
1009 1750 1190 1819 liber
1229 1750 1767 1840 compilationis
1808 1750 2272 1840 phisonomie
2314 1772 2354 1819 a
2392 1752 2598 1819 Petro
2639 1750 3140 1819 Padubanensi
3181 1750 3255 1818 in
3296 1750 3585 1819 civitate
3626 1750 4033 1832 Parisiensi,
4078 1750 4282 1819 cuius
4327 1761 4489 1819 sunt

711 1876 850 1934 tres
880 1865 1271 1955 particulae
1301 1876 1432 1934 etc.
1464 1868 1527 1933 E
1535 1866 1838 1954 finisce:

710 2023 809 2028 —
844 1980 1125 2049 Gratias
1164 1980 1519 2049 altissimo
1555 1982 1716 2049 Deo
1753 2002 1940 2049 anno
1976 1980 2277 2049 Domini
2312 1980 2708 2049 millesimo
2742 1980 3403 2070 quadrigentesimo
3439 1991 3689 2070 quarto
3724 1980 3864 2049 hoc
3901 1980 3990 2049 de
4024 1980 4490 2070 phisonomia

713 2117 895 2185 opus
926 2095 1110 2164 Petri
1140 2095 1678 2164 Padubanensis
1708 2117 1834 2185 per
1861 2117 1979 2164 me
2008 2097 2294 2164 Petrum
2321 2095 2614 2164 Manfer
2641 2117 3122 2164 normannum
3150 2095 3434 2164 Paduae
3463 2095 3900 2185 impressura
3928 2106 4054 2164 est.

713 2207 940 2278 Questa
964 2206 1158 2281 prima
1183 2206 1462 2264 edizione
1489 2207 1522 2264 è
1549 2206 1812 2264 indicata
1837 2225 2013 2264 come
2038 2206 2344 2264 rarissima
2369 2207 2467 2264 dal
2497 2207 2827 2264 Santander
2852 2207 2928 2264 ed
2954 2207 2987 2264 e
3014 2215 3331 2281 composta
3356 2206 3417 2264 di
3444 2206 3767 2281 cinquanta
3792 2206 4051 2281 foglietti
4079 2206 4140 2264 di
4169 2215 4401 2281 stampa
4425 2206 4488 2263 in

712 2301 981 2359 caratteri
1013 2301 1252 2359 rotondi
1286 2320 1319 2359 e
1353 2301 1414 2359 di
1446 2301 1782 2359 bellissima
1814 2301 2011 2359 forma
2045 2320 2226 2359 senza
2260 2310 2590 2376 segnature.
2627 2302 2753 2359 Può
2788 2301 2996 2376 quindi
3028 2301 3304 2376 riputarsi
3338 2320 3514 2359 come
3547 2301 3590 2358 il
3622 2301 3728 2376 più
3763 2301 4062 2376 singolare
4096 2320 4129 2359 e
4161 2302 4487 2376 pregevole

712 2397 865 2455 libro
891 2397 952 2455 di
977 2406 1187 2472 questa
1209 2397 1475 2465 materia;
1503 2397 1836 2472 magnifico
1862 2398 2212 2472 esemplare.

475 2594 690 2662 2421.
725 2594 1076 2662 AGRIPPA
1101 2593 1313 2662 Livio
1346 2593 1437 2662 da
1466 2593 1939 2675 Monferrato,
1974 2593 2324 2662 Discorso
2359 2615 2571 2683 sopra
2600 2593 2670 2662 la
2699 2604 2947 2662 natura
2978 2615 3017 2662 e
3049 2593 3589 2683 complessione
3619 2615 3903 2675 umana,
3939 2593 4236 2662 Brescia
4274 2593 4483 2675 1599,

712 2708 786 2776 in
814 2709 882 2790 4,
914 2708 1053 2798 pic.

713 2820 1109 2894 Opuscoletto
1136 2819 1376 2877 curioso
1403 2819 1464 2877 di
1497 2819 1569 2877 16
1594 2819 1812 2894 pagine
1838 2838 1955 2877 con
1979 2838 2098 2877 una
2122 2819 2319 2894 figura
2342 2819 2404 2876 in
2429 2820 2609 2894 legno
2637 2838 2671 2877 a
2694 2828 2862 2894 tergo
2889 2820 2987 2877 del
3013 2819 3424 2894 frontespizio,
3453 2820 3511 2877 la
3535 2820 3711 2894 quale
3737 2819 4026 2877 dimostra
4050 2838 4083 2877 e
4109 2819 4171 2877 fa
4195 2838 4489 2877 conoscer

711 2915 731 2972 i
758 2915 927 2990 segni
951 2915 1202 2973 naturali
1227 2915 1362 2973 cioè
1387 2915 1429 2972 li
1454 2915 1552 2973 nei
1577 2915 1688 2973 che
1716 2934 1866 2973 sono
1894 2934 2071 2990 sopra
2094 2916 2152 2973 la
2173 2934 2447 2990 persona.

467 3111 682 3179 2422.
715 3111 1066 3179 AGRIPPA
1089 3110 1301 3179 Livio
1332 3110 1423 3179 da
1450 3110 1923 3192 Monferrato,
1956 3112 2059 3179 La
2089 3121 2317 3179 stessa
2345 3132 2583 3200 opera,
2616 3110 2942 3179 Venezia
2978 3110 3185 3179 1621.

711 3221 1006 3279 Dedicata
1029 3222 1106 3279 da
1130 3222 1402 3296 Gasparo
1428 3221 1795 3279 Colombina
1819 3222 1874 3279 al
1901 3221 2009 3296 sig.
2037 3221 2352 3279 Lodovico
2378 3222 2673 3279 Cavretta.

475 3418 690 3486 2423.
720 3418 1095 3486 ALBERTO
1121 3419 1422 3507 Magno,
1458 3418 1594 3486 De’
1637 3417 1912 3486 secreti:
1950 3417 2068 3486 nel
2099 3417 2311 3507 quale
2341 3428 2546 3486 tratta
2576 3417 2767 3486 della
2796 3417 2981 3486 virtù
3013 3417 3202 3486 delle
3234 3417 3421 3499 erbe,
3456 3417 3680 3507 pietre
3712 3439 3751 3486 e
3784 3417 3899 3486 ani
3931 3417 4126 3499 mali,
4170 3417 4378 3499 1545,
4413 3417 4487 3485 in

716 3533 779 3614 8,
811 3554 879 3622 p,

710 3690 809 3695 —
836 3647 1309 3737 Aggiuntovi:
1345 3649 1448 3716 La
1474 3647 1896 3716 Fisonomia
1923 3647 2240 3716 naturale
2270 3647 2342 3716 di
2371 3647 2651 3716 Michel
2683 3648 2954 3729 Scotto,
2996 3647 3204 3729 1555,
3237 3647 3311 3715 in
3344 3648 3407 3729 8,
3439 3647 3578 3737 pic.

483 3859 698 3927 2424.
729 3859 1104 3927 ALBERTO
1131 3860 1432 3948 Magno,
1469 3860 1581 3927 De
1616 3858 1907 3927 secretis
1941 3858 2347 3940 mulierum,
2384 3858 2473 3927 de
2506 3858 2956 3927 mirabilibus
2989 3858 3252 3927 Mundi
3286 3869 3355 3927 et
3384 3858 3772 3927 Michaelis
3808 3858 4035 3927 Scotti
4069 3858 4158 3927 de
4193 3858 4484 3927 secretis

711 3975 1044 4055 Naturae,
1077 3973 1612 4042 Amstelodami
1651 3973 1859 4055 1669,
1892 3973 1966 4041 in
2004 3974 2111 4042 12.

711 4086 778 4141 In
806 4093 1017 4159 questa
1047 4085 1311 4142 seconda
1338 4084 1616 4142 edizione
1646 4084 1707 4142 di
1735 4084 1967 4142 Michel
1999 4085 2205 4142 Scotto
2235 4103 2357 4142 non
2387 4084 2525 4142 avvi
2555 4084 2916 4142 alterazione
2946 4085 3001 4142 al
3030 4084 3294 4159 capitolo
3325 4084 3403 4142 56
3433 4084 3596 4159 degli
3626 4084 3851 4159 auguri.
3884 4086 3994 4142 Ma
4021 4085 4181 4142 nella
4209 4084 4487 4142 versione

711 4180 954 4238 italiana
978 4180 1044 4238 fu
1068 4180 1340 4238 mutilato
1367 4199 1401 4238 a
1424 4180 1683 4255 cagiono
1709 4181 1867 4238 delle
1892 4199 2159 4238 censure.

471 4375 686 4444 2425.
722 4377 1003 4444 BALDO
1036 4375 1375 4457 Camillo,
1417 4377 1495 4443 In
1532 4375 2145 4465 Physiognomica
2179 4375 2592 4444 Aristotelis
2632 4375 3153 4457 commentarii,
3194 4375 3621 4465 Hieronymi
3659 4375 4076 4444 Tamburini
4115 4375 4489 4465 diligentia

713 4501 782 4559 et
830 4490 1233 4580 sumptibus
1282 4512 1471 4559 nunc
1518 4490 1833 4580 primum
1879 4490 1953 4558 in
2000 4490 2241 4559 lucem
2288 4490 2460 4559 editi
2510 4490 2599 4559 ad
2647 4490 2955 4559 Serenis.
3014 4492 3107 4580 [p.
3158 4491 3331 4573 408]
3386 4490 3691 4580 Princip.
3741 4490 4483 4580 Ferdin.Gonxagam,

711 4607 1057 4674 Mantuae
1087 4616 1156 4674 et
1182 4605 1706 4674 Montisferrati
1737 4607 2042 4687 Ducem,
2076 4605 2454 4674 Bononiae
2492 4605 2700 4687 1621,
2734 4605 2808 4673 in
2837 4605 2964 4674 fol.
2997 4627 3191 4695 parv.

711 4718 852 4774 Non
878 4716 1094 4774 sonovi
1119 4716 1314 4791 figure
1339 4725 1570 4774 eccetto
1595 4716 1638 4773 il
1663 4716 2056 4791 frontespizio
2081 4716 2350 4774 istoriato
2375 4716 2685 4791 intagliato
2712 4717 2789 4774 da
2812 4716 3158 4774 Coriolano.

488 4912 703 4981 2426.
753 4914 1019 4981 BELOT
1061 4914 1257 4994 Jean,
1313 4913 1502 4981 Cure
1554 4912 1643 4981 de
1692 4912 2144 4994 Mil—Monts,
2198 4914 2337 4981 Les
2390 4934 2694 4981 oeuvres
2747 4923 3212 4981 contenantes
3265 4912 3335 4981 la
3385 4912 3894 4994 chiromancie,
3947 4912 4482 5002 physionomie,

712 5027 1284 5117 métoposcopie,
1316 5027 1518 5096 traité
1548 5027 1637 5096 de
1667 5027 2069 5096 divination
2099 5038 2256 5109 etc.,
2291 5028 2331 5096 a
2358 5029 2615 5096 Rouen
2653 5027 2862 5109 1661,
2895 5027 2969 5095 in
3002 5028 3064 5096 8.

711 5140 918 5196 Brutta
950 5138 1228 5196 edizione
1262 5157 1379 5196 con
1412 5138 1629 5196 cattive
1662 5139 1863 5196 tavole
1896 5138 1958 5195 in
1991 5139 2171 5213 legno
2206 5138 2296 5196 fra
2327 5138 2370 5195 il
2403 5147 2575 5206 testo,
2612 5138 2811 5196 diviso
2845 5138 2907 5195 in
2940 5139 3056 5196 due
3088 5138 3257 5213 parti,
3293 5139 3453 5196 nella
3487 5139 3751 5196 seconda
3783 5139 3941 5196 delle
3975 5138 4137 5213 quali
4170 5138 4393 5196 trattasi
4427 5138 4488 5196 di

710 5234 1004 5302 rettorica,
1032 5234 1093 5292 di
1118 5234 1437 5302 dialettica,
1465 5253 1498 5292 e
1523 5235 1796 5292 dell’arte
1821 5234 1882 5292 di
1905 5234 2178 5309 predicar
2201 5235 2565 5292 dottamente
2593 5253 2774 5292 senza
2799 5234 3073 5292 studiare.

479 5430 694 5498 2427.
735 5431 847 5498 De
883 5429 953 5498 la
987 5431 1391 5511 BELLIERE,
1431 5431 1535 5498 La
1568 5429 2081 5519 physionomie
2116 5429 2518 5511 raisonnée,
2559 5451 2654 5498 ou
2693 5440 2920 5498 secret
2953 5451 3135 5519 pour
3170 5429 3543 5498 connoitre
3579 5429 3684 5498 les
3722 5429 4183 5498 inclinations
4220 5451 4346 5519 par
4380 5429 4485 5498 les

711 5544 944 5634 regles
975 5544 1381 5626 naturelles,
1414 5544 1598 5613 Lion
1636 5544 1845 5626 1681,
1878 5544 1952 5612 in
1990 5545 2097 5613 12.

711 5655 1008 5713 Dedicato
1035 5656 1090 5713 al
1115 5655 1397 5713 Cardinal
1422 5655 1603 5730 Chigi
1629 5655 2064 5713 ambasciatore
2089 5656 2187 5713 del
2211 5657 2372 5730 Papa
2394 5655 2456 5712 in
2479 5655 2742 5713 Francia.

471 5871 686 5939 2428.
724 5872 1104 5939 BLONDUS
1134 5872 1240 5939 M.
1278 5870 1630 5960 Angelus,
1667 5872 1779 5939 De
1814 5870 2231 5960 cognitione
2263 5870 2581 5939 hominis
2615 5892 2741 5960 per
2774 5881 3167 5960 aspectum,
3204 5872 3505 5952 Romae,
3544 5892 3652 5960 ap.
3689 5871 3856 5939 Ant.
3895 5870 4228 5952 Bladum,
4274 5870 4482 5952 1544,

712 5985 786 6053 in
819 5986 881 6054 8.

713 6097 1109 6171 Opuscoletto
1135 6096 1196 6154 di
1219 6097 1381 6154 bella
1404 6096 1682 6154 edizione
1706 6096 1768 6153 in
1791 6096 2070 6154 trentasei
2095 6096 2354 6171 foglietti
2379 6096 2440 6154 di
2467 6105 2699 6171 stampa
2724 6115 2758 6154 a
2781 6096 3050 6154 caratteri
3075 6096 3314 6154 corsivi.

475 6312 690 6381 2429.
733 6312 1068 6380 CAMPER
1099 6311 1355 6393 Pierre,
1396 6311 1746 6380 Discours
1784 6312 2153 6401 prononcé
2193 6312 2233 6380 à
2268 6311 2775 6380 l’Accademie
2813 6311 2908 6380 du
2946 6311 3214 6380 Dessin
3254 6312 3294 6380 a
3328 6311 3793 6380 Amsterdam
3832 6333 3949 6380 sur
3985 6311 4053 6380 le
4090 6333 4358 6401 moyen
4397 6311 4486 6380 de

711 6427 1153 6516 représenter
1180 6426 1285 6495 les
1315 6426 1650 6516 passions
1681 6426 1804 6516 qui
1837 6448 1913 6495 se
1942 6426 2406 6495 manifestent
2436 6448 2553 6495 sur
2580 6426 2648 6495 le
2677 6426 2949 6516 visage,
2982 6426 3281 6495 Utrecht
3317 6427 3525 6508 1793,
3558 6426 3632 6494 in
3660 6427 3728 6508 4,
3761 6426 3887 6516 fig.
3922 6448 4061 6495 con
4100 6427 4178 6494 11
4215 6426 4476 6495 tavole.

2171 6657 2347 6694 WWW.
2358 6637 2734 6710 memofonte.
2748 6639 2791 6694 il
