4958 7017
1981 864 2366 922 Fondazione
2390 838 2775 922 Memofonte
2800 865 2976 922 onlus

1390 960 1600 1018 Studio
1624 979 1731 1035 per
1754 960 2226 1018 l’elaborazione
2250 960 2632 1018 informatica
2655 961 2813 1018 delle
2838 960 2991 1018 fonti
3018 960 3571 1018 storico—artistiche

2300 1356 2695 1448 ROMA

2074 1497 2386 1554 ANTICA
2409 1498 2457 1553 E
2481 1497 2916 1554 MODERNA.

476 1688 655 1746 3566.
682 1689 874 1746 ACTA
896 1688 1144 1746 fratrum
1167 1688 1461 1746 arvalium
1486 1689 1594 1746 sub
1619 1688 1977 1763 imperatore
2001 1689 2349 1763 Elagabalo,
2376 1690 2609 1746 Romae
2641 1689 2816 1756 1778,
2843 1688 2905 1745 in
2929 1688 3056 1756 fol.,
3083 1690 3171 1746 M.
3203 1689 3297 1746 82.

698 1784 861 1842 Avvi
898 1784 1182 1859 aggiunta
1215 1784 1646 1842 un’iscrizione
1683 1784 1781 1842 dei
1815 1784 2184 1859 procuratori
2219 1785 2379 1842 della
2413 1785 2692 1842 Colonna
2727 1784 3085 1842 Centenaria
3119 1784 3180 1842 di
3215 1786 3429 1842 Marco
3465 1784 3716 1842 Aurelio
3752 1784 4062 1842 Antonino
4098 1793 4328 1842 trovata
4363 1803 4397 1842 a
4430 1786 4518 1842 M.

699 1880 948 1938 Citorio.

476 2071 655 2129 3567.
682 2072 912 2139 ADAM,
939 2071 1128 2129 Ruins
1154 2071 1227 2129 of
1244 2071 1342 2129 the
1365 2072 1577 2146 palace
1602 2071 1674 2129 of
1691 2071 1789 2129 the
1814 2090 2090 2146 emperor
2112 2071 2456 2129 Diocletian
2482 2080 2539 2129 at
2564 2072 2807 2146 Spalato
2832 2071 2894 2128 in
2917 2071 3237 2139 Dalmatia,
3264 2072 3521 2129 London
3552 2071 3727 2139 1764,
3755 2090 3837 2146 gr.
3866 2071 3993 2139 fol.,
4021 2071 4125 2146 fig.

700 2168 901 2242 Opera
935 2167 1266 2242 magnifica
1301 2186 1334 2225 e
1371 2167 1693 2242 grandiosa
1729 2186 1845 2225 ove
1882 2167 2044 2225 forse
2081 2186 2198 2225 con
2237 2167 2552 2225 soverchia
2587 2167 2799 2225 libertà
2834 2168 3005 2225 l’arte
3042 2168 3140 2225 del
3177 2167 3557 2242 disegnatore
3595 2167 3886 2242 aggiunse
3921 2168 4194 2225 bellezza
4230 2168 4305 2225 ad
4341 2186 4523 2242 opere

701 2263 954 2338 scolpite
978 2264 1076 2321 nel
1101 2272 1411 2321 momento
1437 2264 1597 2321 della
1620 2264 1965 2321 decadenza
1988 2264 2146 2321 delle
2172 2263 2296 2331 arti,
2324 2282 2441 2321 con
2466 2263 2538 2321 61
2570 2282 2714 2338 gran
2737 2264 2937 2321 tavole
2961 2263 3267 2338 intagliate
3291 2263 3354 2320 in
3376 2282 3557 2321 rame.

476 2455 655 2513 3568.
682 2456 978 2513 AGRIPPA
1000 2455 1282 2523 Camillo,
1309 2457 1570 2513 Trattato
1596 2455 1657 2513 di
1681 2464 2000 2530 trasportar
2022 2456 2080 2513 la
2103 2455 2308 2530 guglia
2333 2456 2486 2513 sulla
2508 2455 2721 2530 piazza
2744 2455 2805 2513 di
2832 2456 2889 2513 S.
2916 2455 3131 2523 Pietro,
3158 2457 3370 2523 Roma,
3396 2474 3503 2530 per
3525 2457 3858 2513 Francesco
3883 2455 4134 2523 Zanetti,
4169 2455 4344 2523 1583,
4371 2455 4433 2512 in
4456 2456 4512 2513 4.

697 2587 780 2591 —
818 2551 1194 2626 Aggiuntovi
1235 2552 1397 2609 dello
1441 2560 1650 2609 stesso.
1694 2551 1958 2626 Dialogo
2002 2570 2179 2626 sopra
2218 2552 2276 2609 la
2315 2551 2712 2626 generazione
2754 2552 2849 2609 de’
2897 2551 3076 2619 venti,
3118 2551 3337 2619 baleni,
3380 2551 3566 2619 tuoni,
3610 2551 3851 2626 folgori,
3895 2551 4074 2626 laghi,
4119 2551 4312 2619 fiumi,
4357 2551 4518 2619 valli,

698 2655 1041 2721 montagne,
1068 2648 1265 2704 Roma
1295 2646 1470 2714 1584,
1497 2646 1559 2703 in
1582 2647 1638 2704 4.

476 2838 655 2897 3569.
684 2840 778 2896 De
804 2839 1154 2896 ALBERICIS
1182 2839 1430 2906 Jacobo,
1459 2838 1859 2896 Historiarum
1886 2839 1989 2896 SS.
2019 2838 2288 2913 Virginis
2315 2838 2614 2913 Deiparae
2641 2839 2716 2896 de
2741 2839 2969 2913 popolo
2998 2839 3190 2896 almae
3217 2838 3398 2906 urbis,
3428 2838 3876 2913 compendium,
3905 2840 4138 2896 Romae
4172 2838 4347 2906 1599,
4376 2838 4438 2895 in
4467 2839 4520 2906 8,

699 2934 804 3009 fig.

700 3031 866 3088 Oltre
895 3030 1275 3105 l’immagine
1303 3030 1612 3105 intagliata
1639 3030 1702 3087 in
1729 3049 1911 3098 rame,
1946 3030 2161 3088 sonovi
2192 3030 2381 3088 anche
2410 3030 2430 3087 i
2457 3030 2663 3088 ritratti
2694 3030 2792 3088 dei
2819 3030 3112 3105 pontefici
3142 3030 3254 3088 che
3283 3030 3733 3088 contribuirono
3764 3049 3798 3088 a
3823 3031 4036 3088 render
4061 3030 4166 3105 più
4196 3039 4449 3105 augusto
4478 3030 4522 3087 il

701 3145 809 3184 suo
835 3127 1015 3184 culto.

476 3317 655 3375 3570.
696 3319 790 3375 De
828 3318 1222 3375 ALBERTINIS
1262 3317 1583 3375 Francisco
1623 3317 1845 3375 clerico
1885 3317 2226 3385 ﬁorentino,
2269 3318 2650 3392 Opusculum
2687 3318 2762 3375 de
2801 3317 3175 3375 mirabilibus
3215 3336 3410 3375 novae
3449 3326 3508 3375 et
3545 3317 3761 3375 veteris
3801 3317 3963 3375 urbis
4002 3319 4234 3375 Romae
4273 3317 4520 3385 editum,

699 3413 1100 3488 dedicatumq.
1139 3413 1297 3471 Julio
1333 3415 1386 3470 II
1420 3413 1698 3488 pontifici
1734 3413 2002 3471 maximo
2037 3432 2144 3488 per
2177 3414 2471 3471 Jacobum
2503 3413 2974 3471 Mazzocchium
3007 3415 3318 3471 Romanae
3354 3413 3726 3471 Academiae
3761 3413 4191 3488 Bibliopolam,
4230 3413 4332 3488 qui
4367 3413 4523 3471 infra

697 3528 925 3584 paucos
951 3509 1080 3567 dies
1106 3509 1548 3584 epitaphiorum
1571 3510 1935 3584 opusculum
1957 3509 2019 3566 in
2043 3510 2245 3567 lucem
2266 3518 2467 3584 ponet,
2496 3528 2652 3567 anno
2680 3509 2886 3567 salutis
2919 3509 3075 3567 1510
3101 3509 3199 3567 die
3222 3510 3260 3566 4
3285 3509 3605 3577 Februarii,
3632 3509 3694 3566 in
3717 3510 3755 3566 4
3779 3528 3964 3584 parv.,
3990 3509 4183 3584 prima
4206 3509 4501 3567 edizione.

700 3605 912 3677 Questi
940 3605 1054 3663 rari
1084 3605 1363 3680 opuscoli
1393 3605 1861 3663 dell’Albertino
1894 3624 2045 3663 sono
2074 3605 2336 3680 preziosi
2364 3605 2584 3680 perché
2614 3605 2984 3663 dimostrano
3016 3606 3072 3663 le
3102 3624 3246 3663 cose
3277 3605 3388 3663 che
3419 3624 3599 3663 erano
3631 3606 3819 3663 allora
3849 3614 4121 3680 scoperte
4150 3605 4212 3662 in
4241 3607 4454 3673 Roma,
4488 3624 4521 3663 e

699 3701 898 3775 quelle
940 3700 1052 3758 che
1097 3700 1146 3758 si
1189 3701 1503 3758 andavano
1549 3701 1945 3775 scuoprendo.
1990 3700 2185 3758 Viene
2225 3701 2371 3775 però
2414 3700 2592 3758 citata
2633 3700 2694 3758 di
2737 3709 2949 3775 questo
2993 3700 3146 3758 libro
3188 3719 3307 3758 una
3345 3700 3540 3775 prima
3580 3700 3859 3758 edizione
3901 3701 3999 3758 del
4048 3700 4202 3758 1508
4247 3700 4358 3758 che
4400 3719 4523 3758 non

699 3796 1109 3854 conosciamo.
1152 3796 1473 3854 Parecchie
1512 3815 1587 3854 ne
1627 3815 1890 3854 vennero
1929 3796 2265 3871 posteriori,
2308 3815 2341 3854 e
2383 3796 2432 3854 si
2470 3796 2758 3871 ristampò
2800 3796 2988 3854 anche
3028 3796 3186 3854 fuori
3226 3796 3464 3854 d’Italia
3502 3815 3678 3854 come
3716 3796 4073 3854 riferiscono
4113 3796 4133 3853 i
4171 3796 4521 3871 bibliografi

697 3892 994 3967 pontificj.

479 4086 557 4159 [p.
593 4084 729 4154 167]

476 4275 655 4333 3571.
685 4276 1046 4333 ALBERTINI
1070 4275 1372 4333 Francisci
1400 4275 1724 4343 ﬁorentini,
1755 4276 2152 4350 Opusculum,
2182 4276 2257 4333 de
2284 4275 2575 4333 mirabilis
2603 4294 2798 4333 novae
2825 4284 2883 4333 et
2909 4275 3126 4333 veteris
3154 4275 3316 4333 urbis
3343 4277 3577 4333 Romae
3602 4294 3709 4350 per
3733 4276 4028 4333 Jacobum
4051 4275 4523 4333 Mazzocchium

706 4371 881 4439 1515,
907 4373 1138 4429 Romae
1163 4371 1261 4429 die
1286 4372 1365 4429 20
1392 4371 1692 4439 Octobris,
1719 4371 1781 4428 in
1804 4372 1842 4428 4
1866 4390 2051 4446 parv.,
2081 4372 2345 4429 seconda
2368 4371 2663 4429 edizione.

476 4563 655 4621 3572.
682 4564 1136 4621 ALDOVRANDI
1158 4563 1381 4631 Ulisse,
1409 4565 1494 4621 Le
1521 4572 1708 4621 statue
1734 4563 1970 4621 antiche
1995 4582 2082 4621 ec.
2110 4563 2269 4621 Vedi
2291 4566 2516 4621 Mauro
2539 4566 2741 4631 Lucio,
2771 4563 3108 4621 Martinelli
3133 4583 3164 4621 e
3192 4565 3513 4621 Giovanni.

476 4755 655 4813 3573.
686 4756 1050 4813 ALEMANNI
1076 4755 1336 4823 Nicolai,
1366 4757 1460 4813 De
1488 4755 1987 4813 Lateranensibus
2016 4755 2326 4813 Parietinis
2357 4774 2391 4813 a
2417 4755 2639 4813 cardin.
2670 4755 3000 4813 Barberino
3027 4755 3328 4813 restitutis.
3359 4755 3717 4813 Dissertatio
3745 4755 4046 4823 historica,
4077 4757 4309 4813 Romae
4344 4755 4519 4823 1625,

698 4850 760 4907 in
783 4851 840 4918 4,
868 4850 973 4925 fig.

701 4947 865 5004 Sono
895 4947 951 5004 le
979 4947 1179 5004 tavole
1209 4946 1366 5004 assai
1393 4947 1512 5004 ben
1539 4946 1865 5021 intagliate,
1897 4965 1930 5004 e
1959 4946 2361 5004 chiaramente
2390 4946 2719 5021 disegnate,
2752 4947 3049 5004 collocate
3078 4946 3168 5004 fra
3194 4946 3237 5003 il
3265 4955 3418 5004 testo
3448 4947 3784 5021 dell’opera
3813 4946 4012 5004 scritta
4039 4965 4156 5004 con
4184 4946 4457 5014 dottrina,
4489 4965 4522 5004 e

699 5061 816 5100 con
838 5043 1041 5100 buona
1064 5042 1285 5100 critica.

476 5234 655 5292 3574.
682 5235 936 5292 ALVERI
960 5235 1251 5309 Gasparo,
1278 5236 1475 5292 Roma
1498 5234 1560 5291 in
1584 5234 1728 5309 ogni
1755 5243 1924 5302 stato,
1953 5235 2070 5292 alla
2095 5234 2308 5292 santità
2331 5234 2392 5292 di
2417 5235 2788 5292 Alessandro
2813 5236 2944 5302 VII,
2972 5235 3091 5292 vol.
3120 5235 3175 5302 2,
3202 5234 3264 5291 in
3288 5234 3415 5302 fol.,
3442 5236 3639 5292 Roma
3669 5234 3843 5292 1664.

698 5329 950 5387 Trattasi
988 5329 1050 5386 in
1088 5329 1282 5404 questi
1321 5329 1553 5387 volumi
1592 5330 1687 5387 de’
1734 5329 2011 5397 costumi,
2053 5348 2279 5404 guerre,
2320 5329 2710 5387 inondazioni
2750 5330 2848 5387 del
2885 5331 3132 5397 Tevere,
3174 5348 3207 5387 e
3247 5329 3652 5387 avvenimenti
3689 5329 3922 5387 relativi
3962 5330 4079 5387 alla
4117 5330 4452 5404 grandezza
4489 5348 4522 5387 e

699 5425 953 5483 vicende
978 5425 1039 5483 di
1063 5427 1261 5483 Roma
1283 5425 1345 5482 in
1369 5425 1513 5500 ogni
1537 5434 1762 5500 tempo,
1790 5444 1973 5500 opera
1996 5425 2321 5500 compilata
2344 5426 2421 5483 da
2444 5426 2564 5500 varj
2596 5425 2785 5483 autori
2810 5444 2927 5483 con
2950 5425 3256 5483 mediocre
3281 5425 3502 5483 critica.

476 5617 655 5675 3575.
694 5618 921 5674 AMATI
954 5618 1266 5692 Pasquale,
1304 5617 1755 5675 Dissertazione
1793 5636 1970 5692 sopra
2003 5617 2046 5674 il
2080 5617 2406 5692 passaggio
2443 5617 2961 5692 dell’Appennino
2998 5617 3146 5675 fatto
3183 5618 3260 5675 da
3293 5617 3613 5685 Annibale,
3652 5636 3685 5675 e
3723 5636 3900 5692 sopra
3933 5617 3976 5674 il
4012 5618 4261 5675 castello
4297 5617 4521 5675 Mutilo

699 5713 861 5788 degli
887 5713 1108 5771 antichi
1134 5713 1314 5781 Galli,
1341 5714 1622 5788 Bologna
1652 5713 1827 5781 1776,
1854 5713 1916 5770 in
1939 5714 1995 5771 4.

476 5904 655 5962 3576.
703 5905 931 5961 AMATI
973 5905 1284 5979 Pasquale,
1332 5904 1783 5962 Dissertazione
1827 5904 2020 5979 prima
2066 5923 2243 5979 sopra
2288 5905 2499 5962 alcune
2546 5905 2750 5962 lettere
2796 5905 2894 5962 del
2939 5905 3082 5962 dott.
3130 5904 3385 5962 Bianchi
3431 5904 3492 5962 di
3537 5904 3782 5972 Rimini,
3831 5923 3864 5962 e
3912 5923 4089 5979 sopra
4133 5905 4191 5962 la
4234 5905 4523 5962 moderna

698 6000 1060 6058 inscrizione
1087 6000 1515 6075 Savignanese,
1543 6019 1576 6058 e
1600 6000 1643 6057 il
1668 6000 1983 6058 Rubicone
2008 6000 2171 6075 degli
2197 6000 2436 6068 antichi,
2464 6002 2699 6058 Faenza
2729 6000 2903 6068 1761,
2930 6000 2992 6057 in
3015 6001 3072 6068 4,
3099 6002 3187 6058 M.
3217 6000 3312 6058 58.

476 6192 655 6250 3577.
697 6193 925 6249 AMATI
961 6193 1272 6267 Pasquale,
1314 6192 1765 6250 Dissertazione
1806 6193 2071 6250 seconda
2110 6211 2287 6267 sopra
2325 6193 2538 6250 alcune
2577 6193 2782 6250 lettere
2821 6193 2919 6250 del
2958 6193 3013 6250 d.
3055 6192 3311 6250 Bianchi
3351 6211 3384 6250 e
3426 6211 3604 6267 sopra
3640 6192 3683 6249 il
3721 6192 4037 6250 Rubicone
4076 6192 4239 6267 degli
4279 6192 4519 6260 antichi,

698 6290 932 6346 Faenza
962 6288 1137 6356 1763,
1164 6288 1226 6345 in
1249 6289 1306 6356 4,
1333 6290 1421 6346 M.
1451 6288 1547 6356 58,
1575 6307 1692 6346 con
1714 6289 1900 6346 molte
1926 6288 2263 6363 appendici,
2291 6307 2324 6346 e
2348 6307 2466 6346 una
2489 6297 2649 6346 carta
2671 6288 3065 6363 topografica.

700 6385 925 6456 Queste
950 6384 1367 6442 dissertazioni
1392 6384 1732 6442 dottissime
1759 6385 1849 6442 sul
1874 6384 2189 6442 Rubicone
2215 6384 2492 6442 formano
2517 6403 2598 6442 un
2620 6385 2786 6442 buon
2810 6385 3055 6442 volume
3080 6384 3141 6442 di
3166 6385 3287 6442 272
3311 6384 3547 6459 pagine.

2171 6657 2347 6694 WWW.
2358 6637 2734 6710 memofonte.
2748 6639 2791 6694 il
