4958 7017
1981 864 2366 922 Fondazione
2390 864 2775 922 Memofonte
2800 865 2976 922 onlus

1390 960 1600 1018 Studio
1624 979 1731 1035 per
1754 960 2226 1018 l’elaborazione
2250 960 2632 1018 informatica
2655 961 2813 1018 delle
2838 960 2991 1018 fonti
3018 960 3571 1018 storico—artistiche

476 1248 655 1305 3022.
685 1248 989 1305 SUARESII
1006 1249 1036 1305 J
1040 1247 1253 1322 osephi
1277 1247 1529 1315 Mariae,
1556 1249 1650 1305 De
1674 1247 2053 1305 numismatis
2079 1256 2137 1305 et
2159 1247 2423 1305 nummis
2450 1247 2708 1322 antiquis
2734 1247 3091 1315 dissertatio,
3118 1249 3350 1305 Romae
3382 1247 3557 1315 1768,
3584 1247 3646 1304 in
3669 1248 3726 1315 4,
3753 1249 3841 1305 M.
3869 1248 3966 1305 43.

476 1440 655 1497 3023.
687 1441 1185 1507 THEOPHRASTE,
1217 1439 1414 1497 Traité
1444 1440 1550 1497 des
1579 1439 1803 1514 pierres
1833 1439 2049 1497 traduit
2077 1440 2158 1497 du
2188 1458 2326 1514 grec
2358 1458 2505 1497 avec
2536 1440 2642 1497 des
2672 1448 2843 1497 notes
2873 1439 3222 1514 physiques,
3255 1448 3313 1497 et
3341 1439 3643 1514 critiques,
3675 1439 3958 1497 traduites
3989 1440 4064 1497 de
4094 1439 4381 1514 l’anglois
4412 1440 4487 1497 de

706 1537 794 1593 M.
823 1535 948 1592 Hill
973 1544 1105 1603 etc.,
1132 1535 1295 1593 Paris
1328 1535 1502 1603 1754,
1529 1535 1591 1592 in
1618 1536 1670 1593 8.

700 1632 901 1706 Opera
924 1631 1313 1689 interessante
1337 1650 1444 1706 per
1468 1632 1524 1689 le
1549 1631 1795 1689 nozioni
1821 1631 2170 1689 dell’antica
2194 1631 2479 1706 zoologia
2503 1631 2832 1689 esaminate
2858 1650 2891 1689 e
2917 1631 3190 1689 discusse
3214 1631 3716 1706 profondamente
3743 1640 3964 1706 quanto
3991 1631 4081 1689 far
4107 1631 4156 1689 si
4180 1640 4402 1706 poteva
4425 1631 4488 1688 in

707 1727 1108 1801 quell’epoca.

476 1919 655 1976 3024.
696 1920 1094 1976 THESAURUS
1135 1918 1568 1976 numismatum
1605 1919 2034 1976 modernorum
2071 1918 2247 1993 hujus
2290 1918 2516 1976 saeculi
2558 1918 2685 1976 sive
2724 1918 3089 1976 numismata
3127 1918 3514 1976 mnemonica
3552 1927 3610 1976 et
3647 1918 3886 1976 iconica
3924 1918 4140 1993 quibus
4179 1918 4487 1993 praecipui

707 2023 975 2082 eventus,
1024 2023 1082 2072 et
1124 2033 1218 2072 res
1265 2023 1469 2089 gestae
1516 2015 1589 2072 ab
1637 2033 1793 2072 anno
1847 2015 2003 2072 1700
2051 2015 2126 2072 ad
2172 2033 2394 2072 annum
2444 2015 2599 2073 1709
2646 2014 3025 2082 illustrantur,
3075 2014 3287 2089 figuris
3335 2014 3537 2072 aeneis
3584 2033 3885 2089 expressa:
3937 2014 4138 2072 addita
4182 2014 4381 2082 latina,
4430 2023 4488 2072 et

707 2110 1051 2185 germanica
1074 2110 1495 2185 explicatione,
1530 2111 1686 2168 1704
1710 2110 2164 2185 Norimbergae,
2191 2110 2253 2167 in
2278 2110 2405 2178 fol.,
2433 2110 2560 2185 fig.,
2588 2111 2625 2167 2
2651 2111 2770 2168 vol.

708 2207 909 2281 Opera
932 2206 993 2264 di
1018 2206 1496 2264 laboriosissima
1519 2225 1552 2264 e
1576 2225 1698 2264 non
1723 2207 1996 2281 elegante
2021 2206 2399 2264 esecuzione.

476 2397 655 2455 3025.
697 2399 1031 2455 THEUPOLI
1068 2397 1273 2455 Musei
1315 2397 1557 2472 antiqua
1595 2397 1959 2455 numismata
1997 2397 2148 2455 olim
2186 2398 2443 2455 collecta
2483 2416 2517 2455 a
2554 2399 2721 2455 Joan.
2764 2397 3093 2455 Dominico
3133 2397 3449 2472 Theupolo
3491 2406 3663 2455 aucta
3701 2406 3759 2455 et
3797 2397 3957 2455 edita
3997 2416 4031 2455 a
4069 2397 4388 2455 Laurentio
4429 2406 4488 2455 et

706 2493 994 2551 Federico
1020 2493 1296 2551 fratribus
1321 2493 1669 2568 Theupolis,
1697 2493 1970 2551 Venetiis
2003 2493 2178 2561 1736,
2205 2493 2267 2550 in
2290 2494 2328 2550 4
2354 2512 2458 2568 gr.,
2486 2493 2612 2568 fig.,
2640 2494 2760 2551 vol.
2789 2494 2844 2551 2.

706 2591 847 2647 Non
874 2589 1089 2647 sonovi
1116 2590 1259 2647 altre
1284 2590 1484 2647 tavole
1510 2589 1621 2647 che
1647 2590 1763 2647 due
1789 2598 1947 2647 carte
1973 2589 2034 2647 di
2060 2589 2371 2664 geografia
2394 2589 2561 2647 numi
2592 2591 2670 2664 [p.
2703 2590 2802 2659 88]
2836 2589 3084 2647 smatica
3108 2608 3141 2647 e
3167 2590 3223 2647 le
3256 2590 3411 2647 1300
3436 2608 3492 2664 p.
3522 2589 3633 2647 che
3659 2598 4041 2664 contengono
4067 2589 4087 2646 i
4113 2590 4229 2647 due
4255 2589 4486 2647 volumi

709 2704 859 2743 sono
885 2694 1232 2743 consecrate
1258 2686 1581 2743 all’elenco
1607 2685 1953 2743 descrittivo
1979 2686 2137 2743 delle
2162 2685 2463 2760 medaglie
2490 2704 2671 2743 senza
2695 2686 2911 2743 alcuno
2937 2685 3385 2743 dissertazione.

476 2876 655 2934 3026.
681 2878 969 2934 TOCHON
992 2877 1333 2951 d’Annecy,
1360 2876 1579 2934 Notice
1606 2895 1703 2934 sur
1725 2895 1842 2934 une
1867 2876 2150 2934 médaille
2175 2877 2250 2934 de
2274 2876 2549 2951 Philippe
2573 2878 2661 2934 M.
2689 2876 2985 2944 Visconti,
3012 2876 3175 2934 Paris
3208 2876 3382 2944 1816,
3409 2876 3471 2933 in
3494 2877 3551 2944 4,
3579 2876 3705 2951 fig.,
3732 2878 3820 2934 M.
3856 2876 3988 2934 106.

713 2973 942 3044 Questo
979 2973 1012 3030 e
1048 2991 1129 3030 un
1162 2973 1262 3030 bel
1298 2972 1683 3047 medaglione
1720 2972 1782 3029 in
1818 2981 2062 3047 argento
2099 2972 2160 3030 di
2195 2972 2516 3040 Pisanello,
2556 2972 2713 3030 assai
2750 2973 2870 3030 mal
2907 2972 3221 3047 disegnato
3258 2973 3334 3030 ed
3368 2972 3583 3040 inciso,
3620 2972 3840 3047 poiché
3876 2991 4091 3030 manca
4125 2972 4168 3029 il
4204 2981 4487 3030 carattere

707 3069 980 3126 dell’arte
1005 3087 1038 3126 e
1063 3069 1423 3143 dell’epoca.

476 3261 655 3318 3027.
694 3262 925 3318 URSINI
958 3260 1172 3328 Fulvii,
1210 3260 1499 3318 Familiae
1533 3279 1835 3328 romanae,
1874 3279 2027 3335 quae
2061 3260 2432 3335 reperiuntur
2465 3260 2527 3317 in
2563 3260 2821 3335 antiquis
2857 3260 3320 3318 numismatibus
3358 3261 3431 3318 ab
3468 3261 3613 3318 urbe
3649 3260 3892 3318 condita
3927 3261 4002 3318 ad
4036 3269 4308 3335 tempora
4341 3260 4485 3318 Divi

706 3355 966 3430 Augusti
999 3374 1074 3413 ex
1105 3355 1488 3413 Bibliotheca
1518 3355 1714 3413 Fulvii
1747 3355 1969 3423 Ursini,
2006 3355 2300 3430 adjunctis
2335 3355 2584 3413 familiis
2617 3357 2795 3412 XXX
2828 3374 2903 3413 ex
2935 3355 3088 3413 libro
3121 3355 3371 3413 Antonii
3404 3355 3746 3430 Augustini,
3782 3355 3844 3412 in
3876 3355 4003 3423 fol.,
4038 3357 4270 3413 Romae
4310 3355 4485 3423 1577,

706 3451 997 3526 impensis
1023 3451 1325 3509 Francisci
1349 3451 1744 3519 Tramezzini,
1772 3451 2048 3526 figurato.

698 3547 895 3605 Prima
922 3547 1200 3605 edizione
1229 3566 1262 3605 e
1293 3547 1593 3622 singolare
1620 3548 1720 3622 pel
1749 3548 1934 3605 modo
1964 3566 2081 3605 con
2109 3547 2206 3605 cui
2235 3566 2498 3605 vennero
2527 3547 2834 3622 intagliate
2863 3548 2919 3605 le
2948 3547 3248 3622 medaglie
3278 3548 3581 3622 all’acqua
3608 3547 3762 3605 forte
3793 3566 3973 3605 senza
4001 3548 4177 3605 alcun
4205 3548 4408 3622 garbo.
4440 3548 4488 3604 Il

707 3643 1099 3718 frontespizio
1143 3644 1176 3701 e
1219 3643 1477 3718 figurato
1521 3662 1554 3701 e
1597 3643 1925 3701 l’edizione
1968 3644 2001 3701 e
2045 3652 2319 3701 accurata
2360 3652 2581 3718 quanto
2626 3644 2681 3701 al
2723 3652 2894 3701 testo.
2940 3645 3024 3701 Le
3066 3644 3266 3701 tavole
3311 3662 3461 3701 sono
3505 3644 3802 3701 collocate
3846 3643 3901 3701 ai
3942 3643 4235 3718 rispettivi
4278 3643 4486 3718 luoghi

706 3740 827 3797 nell
837 3740 848 3760 ’
860 3740 1220 3797 andamento
1246 3740 1387 3797 dell’
1398 3758 1597 3814 opera.

476 3931 655 3988 3028.
704 3932 936 3988 URSINI
980 3930 1194 3998 Fulvii,
1243 3930 1532 3988 Familiae
1577 3949 1861 3988 romanae
1907 3930 1970 3987 in
2017 3930 2275 4005 antiquis
2322 3930 2804 3998 numismatibus,
2855 3931 2928 3988 ab
2976 3931 3121 3988 urbe
3168 3930 3411 3988 condita
3457 3931 3532 3988 ad
3577 3939 3849 4005 tempora
3893 3930 4037 3988 Divi
4084 3930 4362 4005 Augusti,
4412 3949 4487 3988 ex

706 4026 1065 4101 Byblioteca
1092 4026 1288 4084 Fulvii
1317 4026 1540 4094 Ursini,
1573 4045 1715 4084 cum
1743 4026 1900 4084 notis
1931 4027 2069 4084 Ant.
2103 4026 2428 4101 Augustini
2459 4026 2716 4101 archiep.
2749 4035 3036 4084 tarracon.
3070 4045 3145 4084 ex
3172 4026 3526 4084 recensione
3556 4026 3761 4084 Caroli
3790 4026 3999 4094 Patini,
4031 4026 4272 4084 Parisiis
4310 4026 4485 4094 1663,

706 4122 768 4179 in
792 4122 919 4190 fol.,
947 4122 1052 4197 fig.

707 4218 1036 4276 Chauveau
1071 4218 1322 4293 intaglio
1360 4237 1393 4276 e
1430 4218 1685 4293 disegnò
1722 4218 1765 4275 il
1800 4219 1900 4276 bel
1937 4218 2330 4293 frontespizio
2368 4218 2627 4293 figurato
2665 4237 2698 4276 e
2734 4220 2870 4276 Van
2908 4218 3232 4293 Schuppen
3267 4218 3518 4293 intaglio
3555 4218 3598 4275 il
3633 4219 3733 4276 bel
3769 4218 3993 4276 ritratto
4031 4218 4092 4276 di
4128 4218 4304 4293 Luigi
4341 4220 4486 4276 XIV

707 4314 938 4389 dipinto
969 4315 1046 4372 da
1073 4314 1373 4389 Mignard.
1406 4315 1634 4372 L’altro
1663 4314 1887 4372 ritratto
1918 4314 1979 4372 di
2009 4315 2100 4372 Cl.
2133 4314 2340 4372 Patina
2368 4314 2434 4372 fu
2463 4314 2694 4389 dipinto
2726 4315 2802 4372 ed
2830 4314 3024 4372 inciso
3055 4315 3132 4372 da
3160 4315 3216 4372 le
3245 4315 3490 4372 Febure.
3524 4316 3608 4372 Le
3638 4314 3939 4389 medaglie
3971 4333 4121 4372 sono
4152 4314 4486 4372 distribuite

707 4410 797 4468 fra
819 4410 862 4467 il
886 4419 1058 4478 testo,
1086 4429 1262 4468 come
1287 4410 1718 4468 nell’edizione
1742 4410 1935 4485 prima
1958 4429 1991 4468 e
2014 4429 2174 4485 poco
2200 4410 2426 4485 meglio
2451 4410 2775 4485 intagliate.

476 4602 655 4660 3029.
699 4603 1045 4659 VAILLANT
1083 4601 1329 4659 Joannis
1371 4602 1498 4676 Foj,
1541 4601 1923 4659 Numismata
1962 4601 2170 4676 imper.
2213 4620 2512 4659 romanor.
2555 4601 2985 4676 praestantiora
3025 4620 3059 4659 a
3097 4601 3256 4659 Julio
3298 4602 3559 4659 Caesare
3601 4602 3676 4659 ad
3714 4610 4065 4676 postumum
4104 4610 4163 4659 et
4201 4601 4484 4669 tirannos,

706 4697 947 4755 Parisiis
980 4697 1155 4765 1674,
1182 4697 1244 4754 in
1267 4698 1324 4765 4,
1352 4698 1471 4755 vol.
1499 4698 1555 4765 2,
1583 4697 1687 4772 fig.

706 4793 913 4851 Nitida
936 4793 1214 4851 edizione
1239 4794 1397 4851 colle
1422 4793 1616 4868 figure
1643 4802 1933 4868 stampate
1958 4793 2048 4851 fra
2070 4793 2113 4850 il
2137 4802 2291 4851 testo
2316 4793 2622 4868 intagliate
2646 4793 2709 4850 in
2732 4812 2895 4851 rame
2921 4793 3078 4851 assai
3101 4794 3273 4851 bene.

476 4986 655 5043 3030.
687 4987 1033 5043 VAILLANT
1060 4985 1306 5043 Joannis
1336 4986 1463 5060 Foj,
1494 4987 1580 5043 La
1610 4994 1815 5043 stessa.
1847 4986 2048 5043 Editio
2080 4988 2254 5043 terlia
2286 4986 2665 5043 emendatior
2692 4997 2750 5043 et
2769 4985 3050 5059 plurimis
3082 4988 3409 5043 rarissimis
3438 4988 3694 5043 nummis
3723 4988 3979 5053 auction
4011 4986 4270 5043 Amster.
4311 4985 4485 5053 1696,

706 5080 768 5137 in
791 5081 848 5148 4,
876 5081 995 5138 vol.
1024 5081 1079 5138 2.

711 5177 759 5233 Il
784 5176 1177 5251 frontespizio
1204 5176 1462 5251 figurato
1488 5177 1521 5234 e
1547 5176 1608 5234 di
1633 5176 1902 5234 Adriano
1930 5176 2371 5234 Schoonebeek
2393 5195 2426 5234 e
2452 5177 2508 5234 le
2533 5176 2835 5251 medaglie
2861 5176 2951 5234 fra
2973 5176 3017 5233 il
3041 5185 3195 5234 testo
3221 5177 3558 5251 dell’opera
3583 5177 3900 5234 sembrano
3926 5195 4125 5234 essere
4150 5177 4350 5251 quelle
4375 5176 4487 5234 che

709 5272 1016 5330 servirono
1048 5273 1165 5330 alla
1191 5273 1550 5347 precedente
1580 5272 1875 5330 edizione.
1908 5273 2228 5330 Amendue
2258 5281 2467 5347 queste
2497 5272 2761 5330 edizioni
2791 5272 3008 5330 furono
3039 5281 3312 5330 oscurate
3342 5272 3504 5347 dagli
3535 5272 3988 5330 accrescimenti
4018 5291 4135 5330 con
4164 5272 4262 5330 cui
4292 5291 4487 5330 venne

705 5368 1052 5443 pubblicata
1075 5369 1133 5426 la
1154 5368 1347 5443 prima
1370 5368 1648 5426 edizione
1673 5368 1735 5426 di
1759 5370 1971 5426 Roma.

476 5560 655 5617 3031.
690 5561 1036 5617 VAILLANT
1066 5559 1312 5617 Joannis
1345 5560 1472 5634 Foj,
1507 5559 1889 5617 Numismata
1919 5559 2348 5634 imperatorum
2377 5578 2766 5617 romanorum
2794 5568 3071 5634 praestan
3108 5561 3186 5634 [p.
3226 5560 3324 5629 89]
3362 5559 3490 5617 iora
3522 5578 3556 5617 a
3586 5559 3744 5617 Julio
3778 5560 4000 5617 Cesare
4034 5560 4109 5617 ad
4139 5568 4489 5634 postumum

706 5674 913 5730 usque.
947 5655 1147 5713 Editio
1176 5655 1370 5730 prima
1397 5674 1647 5713 romana
1673 5655 1948 5730 plurimis
1979 5655 2243 5713 nummis
2276 5664 2464 5723 aucta,
2498 5655 2595 5713 cui
2627 5655 2883 5713 accessit
2913 5655 3214 5730 appendix
3245 5674 3279 5713 a
3305 5664 3589 5730 postumo
3621 5656 3696 5713 ad
3727 5655 4150 5713 Costantinum
4178 5674 4484 5730 magnum,

706 5753 938 5809 Romae
970 5752 1145 5819 1743,
1172 5751 1234 5808 in
1257 5752 1314 5819 4,
1342 5751 1468 5826 fig.,
1496 5752 1615 5809 vol.
1646 5752 1699 5809 3.

708 5847 948 5905 Giovan
975 5849 1309 5905 Francesco
1338 5847 1580 5905 Baldini
1608 5847 1870 5922 imprese
1899 5847 1960 5905 di
1990 5856 2348 5915 aumentare,
2380 5866 2751 5922 correggere,
2784 5847 3069 5922 ampliare
3098 5848 3485 5922 quest’opera
3512 5866 3545 5905 e
3574 5848 3632 5905 la
3657 5847 4002 5922 riprodusse
4030 5847 4092 5904 in
4120 5847 4386 5905 maniera
4413 5848 4490 5905 da

705 5943 948 6001 riescire
977 5943 1299 6001 utilissima
1327 5962 1360 6001 e
1392 5943 1655 6001 stabilire
1684 5943 1911 6018 meglio
1942 5943 2155 6018 d’ogni
2186 5944 2331 6001 altra
2359 5943 2637 6001 edizione
2666 5944 3025 6018 precedente
3055 5944 3113 6001 la
3141 5943 3304 6001 fama
3333 5944 3388 6001 al
3421 5962 3529 6001 suo
3561 5952 3783 6001 autore.
3816 5945 3900 6001 Le
3929 5944 4129 6001 tavole
4161 5962 4311 6001 sono
4341 5952 4486 6001 tutte

706 6039 924 6097 inserte
952 6039 1042 6097 fra
1066 6039 1109 6096 il
1135 6048 1308 6107 testo,
1338 6058 1437 6097 ma
1462 6040 1495 6097 e
1522 6040 1599 6097 da
1622 6039 1962 6097 biasimarsi
1989 6040 2047 6097 la
2074 6039 2427 6097 sordidezza
2452 6039 2614 6114 degli
2641 6039 2873 6107 editori,
2903 6039 3014 6097 che
3043 6039 3092 6097 si
3121 6039 3429 6097 servirono
3456 6039 3518 6096 in
3542 6048 3707 6114 parte
3735 6040 3893 6097 delle
3921 6039 4156 6097 antiche
4182 6040 4400 6107 tavole,
4430 6040 4486 6097 le

707 6134 869 6209 quali
907 6135 1169 6192 sebbene
1206 6135 1475 6209 logorate
1511 6153 1544 6192 e
1578 6134 1882 6202 ritoccate,
1923 6153 2073 6192 sono
2110 6153 2290 6192 meno
2327 6134 2546 6192 cattive
2580 6143 2850 6209 pertanto
2887 6135 3045 6192 delle
3081 6153 3281 6192 nuove
3317 6134 3429 6192 che
3466 6134 3526 6192 vi
3563 6134 3780 6192 furono
3818 6134 4117 6209 aggiunte.
4157 6135 4419 6209 L’opera
4453 6135 4486 6192 è

707 6230 1150 6305 copiosissima.

476 6423 655 6480 3032.
684 6424 1046 6490 VAILLANT,
1075 6422 1459 6480 Numismata
1485 6441 1658 6480 aerea
1682 6422 2126 6497 imperatorum,
2156 6423 2566 6497 Augustarum
2591 6431 2649 6480 et
2674 6423 3005 6480 Caesarum
3029 6422 3092 6479 in
3118 6422 3377 6480 coloniis
3405 6431 3463 6480 et
3488 6422 3854 6497 municipiis,
3883 6422 4124 6480 Parisiis
4159 6422 4334 6490 1697,
4364 6423 4483 6480 vol.

2171 6657 2347 6694 WWW.
2358 6637 2734 6710 memofonte.
2748 6639 2766 6694 i
2770 6648 2791 6694 t
