4958 7017
1981 864 2366 922 Fondazione
2390 864 2775 922 Memofonte
2800 865 2976 922 onlus

1390 960 1600 1018 Studio
1624 979 1731 1035 per
1754 960 2226 1018 l’elaborazione
2250 960 2632 1018 informatica
2655 961 2813 1018 delle
2838 960 2991 1018 fonti
3018 960 3571 1018 storico—artistiche

474 1344 655 1401 2847.
682 1345 1014 1401 FROELICH
1037 1343 1287 1411 Erasmi,
1315 1345 1554 1418 Regum
1577 1352 1848 1401 veterum
1870 1343 2234 1401 numismata
2258 1344 2552 1401 anecdota
2576 1352 2674 1401 aut
2695 1362 2932 1418 perrara
2954 1343 3111 1401 notis
3136 1343 3442 1411 illustrata,
3470 1343 3762 1411 Viennae,
3789 1343 3851 1400 in
3874 1344 3931 1411 4,
3959 1343 4086 1418 fig.,
4116 1344 4465 1401 senz’anno.

712 1440 847 1497 Con
870 1448 955 1497 tre
979 1440 1179 1497 tavole
1203 1439 1510 1514 intagliate
1534 1439 1597 1496 in
1619 1458 1800 1497 rame.

474 1632 655 1689 2848.
682 1633 1014 1689 FROELICH
1037 1631 1287 1699 Erasmi,
1315 1632 1414 1689 Ad
1438 1631 1802 1689 numismata
1824 1633 2064 1706 Regum
2087 1640 2358 1689 veterum
2381 1631 2653 1689 accessio
2678 1650 2855 1699 nova,
2882 1631 3174 1699 Viennae,
3201 1631 3263 1688 in
3286 1632 3343 1699 4,
3371 1631 3498 1706 fig.,
3529 1631 3656 1689 sine
3682 1650 3857 1699 anno,
3884 1633 3972 1689 M.
4000 1632 4098 1689 42.

716 1727 851 1784 Con
874 1735 959 1784 tre
983 1727 1183 1784 tavole
1207 1726 1270 1783 in
1292 1745 1473 1784 rame.

474 1919 655 1977 2849.
689 1920 1020 1976 FROELICH
1049 1918 1300 1986 Erasmi,
1333 1918 1536 1976 Dubia
1565 1919 1640 1976 de
1670 1918 1990 1976 Minnisari
2022 1918 2397 1993 aliorumque
2428 1918 2752 1976 Armeniae
2783 1920 3022 1993 Regum
3051 1918 3315 1976 nummis
3346 1937 3536 1993 nuper
3565 1918 3823 1993 vulgatis
3853 1918 4180 1993 proposita,
4213 1918 4486 1976 Viennae

714 2014 889 2082 1754,
915 2014 977 2071 in
1000 2015 1057 2082 4,
1085 2014 1211 2089 fig.,
1238 2016 1326 2072 M.
1355 2015 1452 2073 91.
1480 2014 1639 2072 Vedi
1667 2016 1926 2072 Corsini.

703 2111 838 2168 Con
861 2129 980 2168 una
1002 2111 1205 2168 tavola
1227 2110 1289 2167 in
1314 2110 1456 2168 fine.

474 2301 655 2359 2850.
702 2303 1033 2359 FROELICH
1075 2301 1326 2369 Erasmi,
1372 2301 1603 2359 Notitia
1645 2301 2024 2359 elementaris
2069 2301 2502 2359 numismatum
2545 2301 2926 2376 antiquorum
2967 2301 3227 2369 illorum,
3275 2320 3428 2376 quae
3472 2301 3730 2359 Urbium
3772 2301 4109 2369 liberarum,
4154 2320 4383 2376 regum,
4431 2310 4489 2359 et

705 2397 1062 2472 principum,
1091 2416 1159 2455 ac
1183 2416 1577 2472 personarum
1598 2397 1921 2455 illustrium
1945 2398 2333 2472 appellantur,
2360 2397 2634 2455 Viennae
2666 2397 2842 2465 1758,
2869 2397 2931 2454 in
2954 2398 3011 2465 4,
3039 2397 3143 2472 fig.

715 2495 782 2550 In
818 2493 943 2551 fine
981 2512 1015 2551 a
1050 2502 1262 2568 questo
1300 2494 1419 2551 vol.
1462 2512 1612 2551 sono
1650 2494 1729 2551 20
1766 2502 1881 2551 tav.
1921 2493 2227 2568 intagliate
2263 2493 2326 2550 in
2360 2512 2541 2551 rame.
2581 2495 2754 2551 Tutte
2791 2494 2847 2551 le
2884 2512 3066 2568 opere
3102 2493 3163 2551 di
3199 2502 3411 2568 questo
3448 2493 3875 2551 numismatico
3915 2493 3964 2551 si
4003 2512 4153 2551 sono
4190 2502 4390 2551 tenute
4426 2493 4488 2550 in

705 2589 934 2664 pregio,
990 2591 1068 2664 [p.
1121 2589 1222 2659 59]
1276 2589 1479 2647 finché
1527 2590 1583 2647 le
1630 2589 1736 2664 più
1783 2590 2071 2647 moderne
2119 2589 2318 2647 hanno
2367 2589 2657 2647 illustrata
2704 2590 2762 2647 la
2810 2589 3051 2647 scienza
3097 2589 3592 2664 maggiormente.
3645 2589 3780 2657 Ciò,
3831 2589 3942 2647 che
3988 2589 4486 2664 principalmente

706 2685 1017 2760 indispose
1049 2694 1258 2743 contro
1291 2686 1349 2743 la
1377 2685 1724 2760 profondità
1755 2686 1853 2743 del
1887 2704 2094 2760 sapere
2126 2685 2187 2743 di
2219 2694 2432 2760 questo
2465 2686 2651 2753 dotto,
2686 2685 2752 2743 fu
2783 2686 2843 2743 lo
2879 2685 3112 2760 sbaglio
3146 2686 3502 2760 grossolano
3534 2685 3596 2742 in
3628 2685 3726 2743 cui
3759 2686 3908 2743 cade
3938 2686 4338 2760 presentando
4372 2686 4489 2743 alla

706 2790 857 2839 testa
906 2782 1064 2839 delle
1115 2781 1416 2856 medaglie
1467 2781 1528 2839 di
1579 2782 1950 2839 Alessandro
2002 2782 2058 2839 le
2107 2781 2424 2856 principali
2476 2781 2674 2839 azioni
2726 2781 2787 2839 di
2838 2781 2921 2839 lui
2972 2781 3209 2856 copiate
3260 2782 3418 2839 dalle
3471 2781 3650 2839 storie
3701 2781 3928 2856 dipinte
3979 2782 4056 2839 da
4104 2783 4188 2839 Le
4238 2783 4403 2839 Brun
4453 2800 4486 2839 e

708 2876 1188 2934 annunciandole
1221 2895 1398 2934 come
1432 2876 1685 2934 antiche.
1724 2877 1953 2948 Questo
1987 2876 2312 2934 incontrasi
2345 2876 2407 2933 in
2439 2877 2735 2951 un’opera
2765 2876 3060 2934 intitolata
3085 2876 3356 2934 Annales
3391 2896 3598 2950 regum
3632 2888 3690 2934 et
3723 2896 3921 2934 rerum
3954 2878 4176 2950 Syriae.
4221 2879 4486 2934 Viennae

709 2973 739 3029 ]
754 2973 871 3030 744
895 2972 957 3029 in
981 2972 1086 3030 fol.

474 3164 655 3222 2851.
698 3166 923 3222 FULVII
962 3165 1259 3232 Andreae,
1302 3164 1629 3222 Illustrium
1666 3164 1981 3239 imagines.
2025 3166 2073 3221 E
2113 3164 2176 3221 in
2216 3164 2359 3222 fine:
2404 3164 2849 3239 imperatorum,
2893 3173 2951 3222 et
2989 3164 3313 3222 illustrium
3352 3164 3633 3232 virorum,
3678 3183 3746 3222 ac
3788 3164 4110 3222 mulierum
4150 3165 4367 3232 vultus,
4411 3183 4487 3222 ex

708 3260 965 3335 antiquis
1026 3260 1489 3318 numismatibus
1551 3260 1840 3335 expressi;
1904 3261 2291 3318 emendatum
2350 3269 2809 3335 correptumque
2870 3279 3022 3335 opus
3082 3279 3189 3335 per
3247 3261 3555 3318 Andream
3613 3260 3894 3318 Fulvium
3952 3260 4488 3335 diligentissimum

708 3355 1123 3430 antiquarium,
1150 3357 1400 3423 Romae,
1429 3356 1587 3430 apud
1610 3356 1906 3413 Jacobum
1927 3355 2414 3423 Mazzocchium,
2449 3355 2624 3423 1517,
2651 3355 2713 3412 in
2735 3356 2792 3423 4,
2818 3374 2940 3430 par.
2968 3355 3072 3430 fig.

702 3452 1031 3526 Leggendo
1076 3451 1119 3508 il
1163 3451 1488 3526 Privilegio
1534 3451 1595 3509 di
1639 3453 1808 3509 Leon
1851 3453 1908 3508 X
1953 3470 1986 3509 e
2031 3452 2089 3509 la
2132 3451 2348 3509 dedica
2391 3452 2489 3509 del
2533 3451 2896 3509 Mazzocchi
2942 3470 2976 3509 a
3020 3451 3319 3509 Giacomo
3368 3452 3653 3509 Sadoleto
3701 3451 4022 3526 segretario
4068 3452 4166 3509 del
4210 3453 4388 3526 Papa,
4438 3451 4487 3509 si

707 3548 1069 3605 crederebbe
1103 3547 1214 3605 che
1248 3548 1718 3622 quest’operetta
1750 3547 1916 3605 fosse
1951 3547 2012 3605 di
2046 3547 2226 3605 conio
2261 3547 2659 3615 dell’editore,
2696 3566 2796 3605 ma
2829 3548 2884 3605 al
2919 3547 3044 3605 fine
3078 3547 3310 3622 leggesi
3344 3547 3708 3605 nell’ultima
3739 3547 3976 3622 pagina,
4013 3566 4190 3605 come
4226 3566 4403 3622 sopra
4437 3547 4486 3605 si

707 3644 878 3711 vede,
913 3662 1112 3701 essere
1145 3643 1206 3701 di
1238 3644 1482 3701 Andrea
1511 3643 1743 3701 Fulvio.
1781 3644 1945 3701 Sono
1978 3643 2173 3718 questi
2206 3644 2325 3701 207
2358 3643 2564 3701 ritratti
2595 3643 2658 3700 in
2689 3643 3060 3718 medaglioni
3092 3643 3385 3718 intagliati
3416 3643 3479 3700 in
3511 3644 3691 3718 legno
3725 3662 3842 3701 con
3873 3643 4147 3701 contorni
4180 3643 4421 3718 figurati
4453 3662 4486 3701 e

707 3739 915 3807 ornati,
955 3748 1110 3797 sotto
1147 3740 1222 3797 ad
1256 3758 1500 3814 ognuno
1536 3739 1634 3797 dei
1669 3739 1830 3814 quali
1864 3739 1927 3796 in
1960 3758 2079 3797 una
2114 3739 2316 3814 specie
2351 3739 2412 3797 di
2447 3739 2647 3814 lapide
2682 3758 2719 3797 o
2754 3739 2935 3814 cippo
2973 3748 3182 3797 stanno
3219 3740 3430 3797 alcune
3468 3739 3725 3797 storiche
3760 3739 4171 3797 illustrazioni.
4209 3739 4390 3797 Libro
4426 3739 4487 3797 di

707 3835 961 3910 qualche
984 3835 1194 3910 pregio
1220 3854 1253 3893 e
1277 3854 1400 3893 non
1424 3854 1700 3893 comune.

474 4026 655 4084 2852.
691 4027 994 4084 GAETANI
1024 4027 1246 4084 Cesare
1277 4027 1437 4084 della
1467 4028 1668 4094 Torre,
1701 4026 1937 4084 Piombi
1969 4026 2191 4084 antichi
2222 4026 2574 4084 mercantili.
2608 4026 3076 4094 Dissertazione,
3110 4026 3222 4084 che
3256 4045 3425 4084 serve
3457 4026 3518 4084 di
3550 4026 3883 4101 appendice
3915 4026 3970 4084 ai
3999 4026 4233 4101 piombi
4265 4026 4488 4084 antichi

707 4123 805 4180 del
829 4122 1126 4190 Ficoroni,
1161 4122 1335 4190 1775,
1362 4122 1424 4179 in
1451 4123 1504 4190 8,
1532 4122 1658 4197 fig.,
1685 4124 1773 4180 M.
1803 4122 1899 4180 60.

707 4219 842 4276 Con
866 4219 982 4276 due
1008 4218 1216 4293 grandi
1240 4219 1440 4276 tavole
1464 4218 1772 4293 intagliate
1796 4218 1858 4275 in
1880 4237 2061 4276 rame.

474 4410 655 4468 2853.
684 4411 988 4468 GAETANI
1011 4411 1233 4468 Cesare
1258 4411 1418 4468 della
1440 4412 1642 4478 Torre,
1671 4410 2099 4468 Osservazioni
2126 4429 2303 4485 sopra
2325 4429 2405 4468 un
2430 4410 2629 4468 antico
2655 4429 2950 4478 cammeo,
2980 4410 3258 4468 Siracusa
3288 4411 3463 4478 1778,
3490 4410 3551 4467 in
3578 4411 3631 4478 8,
3659 4410 3763 4485 fig.

712 4506 890 4563 Colla
912 4506 1114 4563 tavola
1136 4505 1199 4562 in
1221 4524 1385 4563 rame
1410 4506 1508 4563 del
1533 4524 1810 4563 cammeo
1836 4505 2327 4580 diligentemente
2351 4505 2679 4580 intagliato.

474 4697 655 4755 2854.
684 4698 999 4755 GARAMPI
1023 4697 1351 4772 Giuseppe,
1378 4697 1791 4755 Illustrazione
1816 4698 1965 4755 d’un
1990 4697 2188 4755 antico
2216 4697 2417 4772 sigillo
2443 4698 2604 4755 della
2628 4697 3029 4772 Garfagnana,
3056 4699 3254 4755 Roma
3284 4697 3459 4765 1759,
3486 4697 3547 4754 in
3570 4698 3627 4765 4,
3655 4697 3781 4772 fig.,
3808 4699 3896 4755 M.
3925 4697 4022 4755 26.

702 4794 819 4851 Nel
844 4793 1237 4868 frontespizio
1263 4794 1296 4851 e
1320 4793 1363 4850 il
1390 4793 1591 4868 sigillo
1617 4812 1650 4851 e
1674 4793 1736 4850 in
1760 4793 1885 4851 fine
1912 4812 2063 4851 sono
2088 4794 2126 4850 4
2151 4794 2351 4851 tavole
2375 4793 2437 4850 in
2459 4812 2640 4851 rame.
2671 4794 3075 4868 Quest’opera
3098 4794 3131 4851 è
3154 4793 3385 4868 ripiena
3408 4793 3825 4851 d’erudizione
3850 4812 3883 4851 e
3908 4793 3969 4851 di
3994 4793 4215 4851 critica.

474 4985 655 5043 2855.
709 4986 1079 5043 GARRAULT
1127 4985 1428 5053 Francois,
1481 4987 1596 5043 Les
1645 4985 1999 5043 recherches
2050 4986 2156 5043 des
2206 4987 2573 5060 Monnoyes,
2624 4985 2788 5060 poix,
2841 4994 2899 5043 et
2947 4985 3211 5043 maniere
3261 4986 3336 5043 de
3385 4986 3666 5043 nombrer
3714 4986 3820 5043 des
3869 4985 4195 5060 prémieres
4246 4994 4304 5043 et
4350 4986 4486 5060 plus

705 5081 1085 5138 renommées
1114 5080 1350 5138 nations
1379 5081 1459 5138 du
1486 5081 1710 5138 monde
1738 5089 1848 5138 etc.
1879 5080 2087 5138 Livres
2115 5080 2259 5138 trois
2289 5099 2364 5138 au
2390 5080 2719 5138 très—chrét.
2750 5082 2886 5155 Roy
2913 5081 2988 5138 de
3015 5082 3239 5138 France
3267 5089 3325 5138 et
3351 5081 3426 5138 de
3453 5081 3723 5155 Pologne
3752 5082 3956 5155 Henry
3982 5082 4081 5148 III,
4111 5080 4274 5138 Paris
4310 5080 4485 5148 1576,

706 5176 768 5233 in
799 5177 889 5234 12.

709 5273 873 5330 Sono
914 5272 1221 5347 intagliate
1261 5272 1324 5329 in
1364 5273 1545 5347 legno
1587 5273 1643 5330 le
1686 5272 1764 5330 36
1807 5272 2102 5330 attitudini
2143 5273 2303 5330 della
2342 5291 2523 5330 mano
2563 5272 2811 5330 relative
2853 5272 2908 5330 ai
2949 5272 3172 5330 diversi
3213 5272 3464 5340 numeri,
3508 5291 3625 5330 con
3665 5272 3764 5330 cui
3805 5272 3888 5347 gli
3931 5272 4153 5330 antichi
4196 5273 4485 5330 solevano

707 5368 1031 5443 esprimere
1056 5369 1154 5426 col
1179 5377 1349 5443 gesto
1375 5369 1431 5426 le
1456 5368 1738 5443 quantità.

474 5559 655 5617 2856.
707 5560 1140 5617 GIOVANARDI
1184 5559 1417 5617 Buferli
1466 5559 1793 5634 Giuseppe,
1843 5561 1929 5617 La
1972 5559 2199 5634 regalia
2244 5559 2342 5617 dei
2388 5561 2474 5617 Te
2526 5561 2604 5634 [p.
2656 5559 2757 5629 60]
2812 5559 2931 5617 sori
2977 5578 3052 5617 ne
3097 5559 3400 5634 pontificii
3447 5559 3720 5627 dominii,
3770 5578 3887 5617 con
3933 5559 4378 5634 un’appendice
4425 5559 4486 5617 di

706 5655 1082 5713 monumenti
1106 5655 1315 5713 inediti
1340 5655 1401 5713 di
1425 5655 1625 5723 tesori,
1652 5657 1849 5713 Roma
1879 5656 2054 5723 1778,
2081 5655 2143 5712 in
2166 5656 2223 5723 4,
2250 5657 2338 5713 M.
2366 5656 2422 5713 4.

474 5847 655 5905 2857.
684 5848 1099 5905 GIOVANELLI
1121 5848 1474 5915 Benedetto,
1501 5849 1742 5905 Intorno
1769 5847 2075 5905 all’antica
2098 5866 2281 5905 zecca
2303 5847 2557 5905 trentina
2580 5866 2613 5905 e
2639 5866 2673 5905 a
2696 5848 2812 5905 due
2837 5847 3230 5915 monumenti,
3258 5848 3462 5905 lettere
3487 5856 3590 5915 tre,
3616 5849 3835 5905 Trento
3868 5848 4042 5915 1812,
4069 5847 4131 5904 in
4158 5848 4211 5915 8,
4239 5847 4343 5922 fig.

711 5945 795 6001 Le
820 5943 1015 6018 figure
1042 5962 1192 6001 sono
1217 5952 1362 6001 tutte
1387 5944 1684 6001 collocate
1710 5944 1762 6001 a’
1794 5943 2003 6018 luoghi
2026 5943 2361 6001 richiamati
2386 5944 2484 6001 dal
2508 5952 2680 6011 testo,
2709 5962 2746 6001 o
2774 5952 3063 6018 stampate
3087 5944 3246 6001 nelle
3269 5943 3488 6018 pagine
3513 5944 3611 6001 del
3635 5952 3790 6001 testo
3815 5943 4170 6001 medesimo.

474 6134 655 6192 2858.
686 6135 1097 6192 GIOVANNINI
1123 6134 1441 6202 Giacomo,
1471 6134 1726 6209 Disegni
1753 6134 2031 6209 originali
2058 6134 2119 6192 di
2146 6134 2465 6209 medaglie,
2496 6134 2607 6192 che
2636 6134 2943 6192 servirono
2972 6134 3309 6209 agl’intagli
3334 6153 3441 6209 per
3465 6134 3485 6191 i
3512 6134 3647 6192 libri
3674 6135 3772 6192 del
3801 6134 4199 6192 Serenissimo
4226 6136 4401 6192 Duca
4426 6134 4487 6192 di

706 6232 932 6288 Parma.
960 6230 1119 6288 Vedi
1142 6231 1416 6288 Pedmsi.

474 6422 655 6481 2859.
684 6423 1113 6480 GIULIANELLI
1136 6423 1380 6480 Andrea
1402 6422 1617 6490 Pietro,
1644 6422 1945 6480 Memorie
1970 6422 2132 6497 degli
2156 6422 2520 6497 intagliatori
2545 6422 2818 6480 moderni
2842 6422 2904 6479 in
2926 6422 3114 6497 pietre
3139 6423 3301 6490 dure,
3329 6422 3588 6480 cammei
3613 6441 3646 6480 e
3671 6422 3835 6497 gioje
3860 6423 3958 6480 dal
3985 6423 4191 6480 secolo
4216 6424 4333 6480 XV
4358 6422 4486 6480 fino

2171 6657 2347 6694 WWW.
2358 6637 2734 6710 memofonte.
2748 6639 2791 6694 il
