<?xml version="1.0" encoding="UTF-8"?>
<!DOCTYPE html PUBLIC "-//W3C//DTD XHTML 1.0 Transitional//EN" "http://www.w3.org/TR/xhtml1/DTD/xhtml1-transitional.dtd">
<html xmlns="http://www.w3.org/1999/xhtml" xml:lang="en" lang="en">
  <head>
    <title>
</title>
    <meta http-equiv="Content-Type" content="text/html;charset=utf-8" />
    <meta name="ocr-system" content="tesseract 3.04.00" />
    <meta name="ocr-capabilities" content="ocr_page ocr_carea ocr_par ocr_line ocrx_word" />
  </head>
  <body>
    <div class="ocr_page" id="page_1" title="image &quot;tess/page113.tif&quot;; bbox 0 0 4958 7017; ppageno 0">
      <div class="ocr_carea" id="block_1_1" title="bbox 2188 398 2776 754">
        <p class="ocr_par" dir="ltr" id="par_1_1" title="bbox 2188 398 2776 754">
          <span class="ocr_line" id="line_1_1" title="bbox 2188 398 2776 754; baseline 0 6263">
            <span class="ocrx_word" id="word_1_1" title="bbox 2188 398 2776 754; x_wconf 95" lang="ita" dir="ltr" xml:lang="ita"> </span>
          </span>
        </p>
      </div>
      <div class="ocr_carea" id="block_1_2" title="bbox 1390 864 3571 1035">
        <p class="ocr_par" dir="ltr" id="par_1_2" title="bbox 1390 864 3571 1035">
          <span class="ocr_line" id="line_1_2" title="bbox 1981 864 2976 922; baseline 0.001 -1">
            <span class="ocrx_word" id="word_1_2" title="bbox 1981 864 2366 922; x_wconf 80" lang="ita" dir="ltr" xml:lang="ita">Fondazione</span>
            <span class="ocrx_word" id="word_1_3" title="bbox 2390 864 2775 922; x_wconf 91" lang="ita" dir="ltr" xml:lang="ita">Memofonte</span>
            <span class="ocrx_word" id="word_1_4" title="bbox 2800 865 2976 922; x_wconf 86" lang="ita" dir="ltr" xml:lang="ita">onlus</span>
          </span>
          <span class="ocr_line" id="line_1_3" title="bbox 1390 960 3571 1035; baseline 0 -17">
            <span class="ocrx_word" id="word_1_5" title="bbox 1390 960 1600 1018; x_wconf 89" lang="ita" dir="ltr" xml:lang="ita">Studio</span>
            <span class="ocrx_word" id="word_1_6" title="bbox 1624 979 1731 1035; x_wconf 95" lang="ita" dir="ltr" xml:lang="ita">per</span>
            <span class="ocrx_word" id="word_1_7" title="bbox 1754 960 2226 1018; x_wconf 98" lang="ita" dir="ltr" xml:lang="ita">l’elaborazione</span>
            <span class="ocrx_word" id="word_1_8" title="bbox 2250 960 2632 1018; x_wconf 91" lang="ita" dir="ltr" xml:lang="ita">informatica</span>
            <span class="ocrx_word" id="word_1_9" title="bbox 2655 961 2813 1018; x_wconf 98" lang="ita" dir="ltr" xml:lang="ita">delle</span>
            <span class="ocrx_word" id="word_1_10" title="bbox 2838 960 2991 1018; x_wconf 91" lang="ita" dir="ltr" xml:lang="ita">fonti</span>
            <span class="ocrx_word" id="word_1_11" title="bbox 3018 960 3571 1018; x_wconf 95" lang="ita" dir="ltr" xml:lang="ita">storico—artistiche</span>
          </span>
        </p>
      </div>
      <div class="ocr_carea" id="block_1_3" title="bbox 472 1119 4264 1123">
        <p class="ocr_par" dir="ltr" id="par_1_3" title="bbox 472 1119 4264 1123">
          <span class="ocr_line" id="line_1_4" title="bbox 472 1119 4264 1123; baseline 0 0">
            <span class="ocrx_word" id="word_1_12" title="bbox 472 1119 4264 1123; x_wconf 95" lang="ita" dir="ltr" xml:lang="ita"> </span>
          </span>
        </p>
      </div>
      <div class="ocr_carea" id="block_1_4" title="bbox 478 1251 4487 1800">
        <p class="ocr_par" dir="ltr" id="par_1_4" title="bbox 478 1251 4487 1800">
          <span class="ocr_line" id="line_1_5" title="bbox 478 1251 4486 1341; baseline -0 -21">
            <span class="ocrx_word" id="word_1_13" title="bbox 478 1251 640 1321; x_wconf 86" lang="ita" xml:lang="ita">869.</span>
            <span class="ocrx_word" id="word_1_14" title="bbox 674 1253 1005 1333; x_wconf 87" lang="ita" dir="ltr" xml:lang="ita">VIATOR,</span>
            <span class="ocrx_word" id="word_1_15" title="bbox 1033 1253 1136 1320; x_wconf 90" lang="ita" dir="ltr" xml:lang="ita">La</span>
            <span class="ocrx_word" id="word_1_16" title="bbox 1166 1251 1483 1320; x_wconf 90" lang="ita" dir="ltr" xml:lang="ita">seconda</span>
            <span class="ocrx_word" id="word_1_17" title="bbox 1512 1251 1846 1320; x_wconf 86" lang="ita" dir="ltr" xml:lang="ita">edizione</span>
            <span class="ocrx_word" id="word_1_18" title="bbox 1874 1262 2078 1341; x_wconf 90" lang="ita" dir="ltr" xml:lang="ita">porta</span>
            <span class="ocrx_word" id="word_1_19" title="bbox 2105 1251 2178 1320; x_wconf 97" lang="ita" dir="ltr" xml:lang="ita">lo</span>
            <span class="ocrx_word" id="word_1_20" title="bbox 2211 1262 2442 1320; x_wconf 97" lang="ita" dir="ltr" xml:lang="ita">stesso</span>
            <span class="ocrx_word" id="word_1_21" title="bbox 2471 1251 2680 1320; x_wconf 91" lang="ita" dir="ltr" xml:lang="ita">titolo</span>
            <span class="ocrx_word" id="word_1_22" title="bbox 2707 1254 2821 1320; x_wconf 91" lang="ita" dir="ltr" xml:lang="ita">De</span>
            <span class="ocrx_word" id="word_1_23" title="bbox 2851 1251 3226 1340; x_wconf 80" lang="ita" dir="ltr" xml:lang="ita">artiﬁciali</span>
            <span class="ocrx_word" id="word_1_24" title="bbox 3246 1254 3732 1339; x_wconf 88" lang="ita" dir="ltr" xml:lang="ita">perspectiva:</span>
            <span class="ocrx_word" id="word_1_25" title="bbox 3767 1251 3891 1341; x_wconf 90" lang="ita" dir="ltr" xml:lang="ita">poi</span>
            <span class="ocrx_word" id="word_1_26" title="bbox 3924 1273 4249 1341; x_wconf 95" lang="ita" dir="ltr" xml:lang="ita">seguono</span>
            <span class="ocrx_word" id="word_1_27" title="bbox 4279 1251 4486 1320; x_wconf 91" lang="ita" dir="ltr" xml:lang="ita">molti</span>
          </span>
          <span class="ocr_line" id="line_1_6" title="bbox 707 1366 4486 1456; baseline 0 -21">
            <span class="ocrx_word" id="word_1_28" title="bbox 707 1366 1029 1456; x_wconf 83" lang="ita" dir="ltr" xml:lang="ita">quadrati</span>
            <span class="ocrx_word" id="word_1_29" title="bbox 1104 1366 1542 1435; x_wconf 83" lang="ita" dir="ltr" xml:lang="ita">concentrici</span>
            <span class="ocrx_word" id="word_1_30" title="bbox 1617 1388 1656 1435; x_wconf 97" lang="ita" dir="ltr" xml:lang="ita">e</span>
            <span class="ocrx_word" id="word_1_31" title="bbox 1733 1366 2084 1435; x_wconf 90" lang="ita" dir="ltr" xml:lang="ita">s’intitola</span>
            <span class="ocrx_word" id="word_1_32" title="bbox 2155 1368 2465 1435; x_wconf 87" lang="ita" dir="ltr" xml:lang="ita">VIATOR</span>
            <span class="ocrx_word" id="word_1_33" title="bbox 2533 1381 2923 1435; x_wconf 90" lang="ita" dir="ltr" xml:lang="ita">SECONDO:</span>
            <span class="ocrx_word" id="word_1_34" title="bbox 3003 1366 3121 1435; x_wconf 95" lang="ita" dir="ltr" xml:lang="ita">nel</span>
            <span class="ocrx_word" id="word_1_35" title="bbox 3192 1366 3411 1435; x_wconf 90" lang="ita" dir="ltr" xml:lang="ita">basso</span>
            <span class="ocrx_word" id="word_1_36" title="bbox 3486 1366 3677 1435; x_wconf 90" lang="ita" dir="ltr" xml:lang="ita">della</span>
            <span class="ocrx_word" id="word_1_37" title="bbox 3747 1366 4012 1456; x_wconf 90" lang="ita" dir="ltr" xml:lang="ita">pagina</span>
            <span class="ocrx_word" id="word_1_38" title="bbox 4084 1366 4156 1435; x_wconf 91" lang="ita" dir="ltr" xml:lang="ita">di</span>
            <span class="ocrx_word" id="word_1_39" title="bbox 4230 1377 4486 1456; x_wconf 97" lang="ita" dir="ltr" xml:lang="ita">questo</span>
          </span>
          <span class="ocr_line" id="line_1_7" title="bbox 707 1481 4486 1571; baseline 0 -21">
            <span class="ocrx_word" id="word_1_40" title="bbox 707 1481 1180 1571; x_wconf 85" lang="ita" dir="ltr" xml:lang="ita">frontespizio</span>
            <span class="ocrx_word" id="word_1_41" title="bbox 1218 1481 1496 1571; x_wconf 89" lang="ita" dir="ltr" xml:lang="ita">leggesi</span>
            <span class="ocrx_word" id="word_1_42" title="bbox 1532 1484 1917 1562; x_wconf 84" lang="ita" dir="ltr" xml:lang="ita">Pinceaux,</span>
            <span class="ocrx_word" id="word_1_43" title="bbox 1964 1481 2231 1562; x_wconf 90" lang="ita" dir="ltr" xml:lang="ita">burins,</span>
            <span class="ocrx_word" id="word_1_44" title="bbox 2278 1481 2601 1562; x_wconf 90" lang="ita" dir="ltr" xml:lang="ita">acuilles,</span>
            <span class="ocrx_word" id="word_1_45" title="bbox 2650 1481 2842 1562; x_wconf 95" lang="ita" dir="ltr" xml:lang="ita">lices,</span>
            <span class="ocrx_word" id="word_1_46" title="bbox 2880 1484 3184 1569; x_wconf 95" lang="ita" dir="ltr" xml:lang="ita">pierres,</span>
            <span class="ocrx_word" id="word_1_47" title="bbox 3231 1481 3409 1562; x_wconf 97" lang="ita" dir="ltr" xml:lang="ita">bois,</span>
            <span class="ocrx_word" id="word_1_48" title="bbox 3455 1481 3784 1562; x_wconf 85" lang="ita" dir="ltr" xml:lang="ita">metaulx,</span>
            <span class="ocrx_word" id="word_1_49" title="bbox 3831 1482 4175 1570; x_wconf 90" lang="ita" dir="ltr" xml:lang="ita">artifices.</span>
            <span class="ocrx_word" id="word_1_50" title="bbox 4218 1483 4296 1549; x_wconf 92" lang="ita" dir="ltr" xml:lang="ita">In</span>
            <span class="ocrx_word" id="word_1_51" title="bbox 4334 1481 4486 1550; x_wconf 88" lang="ita" dir="ltr" xml:lang="ita">fine</span>
          </span>
          <span class="ocr_line" id="line_1_8" title="bbox 709 1596 4487 1684; baseline 0 -19">
            <span class="ocrx_word" id="word_1_52" title="bbox 709 1596 775 1665; x_wconf 90" lang="ita" dir="ltr" xml:lang="ita">al</span>
            <span class="ocrx_word" id="word_1_53" title="bbox 815 1596 1111 1665; x_wconf 84" lang="ita" dir="ltr" xml:lang="ita">volume</span>
            <span class="ocrx_word" id="word_1_54" title="bbox 1148 1599 1563 1684; x_wconf 86" lang="ita" dir="ltr" xml:lang="ita">Inpressum</span>
            <span class="ocrx_word" id="word_1_55" title="bbox 1607 1596 1804 1677; x_wconf 91" lang="ita" dir="ltr" xml:lang="ita">Tulli,</span>
            <span class="ocrx_word" id="word_1_56" title="bbox 1854 1620 2049 1665; x_wconf 94" lang="ita" dir="ltr" xml:lang="ita">anno</span>
            <span class="ocrx_word" id="word_1_57" title="bbox 2094 1596 2523 1666; x_wconf 92" lang="ita" dir="ltr" xml:lang="ita">Catholicae</span>
            <span class="ocrx_word" id="word_1_58" title="bbox 2564 1599 2887 1666; x_wconf 87" lang="ita" dir="ltr" xml:lang="ita">veritatis</span>
            <span class="ocrx_word" id="word_1_59" title="bbox 2931 1597 3139 1677; x_wconf 84" lang="ita" xml:lang="ita">1509,</span>
            <span class="ocrx_word" id="word_1_60" title="bbox 3186 1599 3332 1677; x_wconf 82" lang="ita" dir="ltr" xml:lang="ita">III],</span>
            <span class="ocrx_word" id="word_1_61" title="bbox 3379 1596 3549 1665; x_wconf 81" lang="ita" dir="ltr" xml:lang="ita">[dus</span>
            <span class="ocrx_word" id="word_1_62" title="bbox 3586 1599 3918 1677; x_wconf 92" lang="ita" dir="ltr" xml:lang="ita">Martias,</span>
            <span class="ocrx_word" id="word_1_63" title="bbox 3968 1596 4220 1665; x_wconf 95" lang="ita" dir="ltr" xml:lang="ita">solerti</span>
            <span class="ocrx_word" id="word_1_64" title="bbox 4260 1620 4487 1684; x_wconf 94" lang="ita" dir="ltr" xml:lang="ita">opera</span>
          </span>
          <span class="ocr_line" id="line_1_9" title="bbox 705 1711 2855 1800; baseline 0 -21">
            <span class="ocrx_word" id="word_1_65" title="bbox 705 1714 903 1780; x_wconf 94" lang="ita" dir="ltr" xml:lang="ita">Petri</span>
            <span class="ocrx_word" id="word_1_66" title="bbox 929 1711 1194 1781; x_wconf 80" lang="ita" dir="ltr" xml:lang="ita">Jacobi</span>
            <span class="ocrx_word" id="word_1_67" title="bbox 1220 1711 1467 1780; x_wconf 91" lang="ita" dir="ltr" xml:lang="ita">Incole</span>
            <span class="ocrx_word" id="word_1_68" title="bbox 1496 1714 1683 1799; x_wconf 94" lang="ita" dir="ltr" xml:lang="ita">Pagi</span>
            <span class="ocrx_word" id="word_1_69" title="bbox 1712 1713 1774 1781; x_wconf 88" lang="ita" dir="ltr" xml:lang="ita">S.</span>
            <span class="ocrx_word" id="word_1_70" title="bbox 1808 1711 2131 1780; x_wconf 82" lang="ita" dir="ltr" xml:lang="ita">Nicolai:</span>
            <span class="ocrx_word" id="word_1_71" title="bbox 2165 1711 2327 1780; x_wconf 97" lang="ita" dir="ltr" xml:lang="ita">sola</span>
            <span class="ocrx_word" id="word_1_72" title="bbox 2340 1711 2541 1800; x_wconf 83" lang="ita" dir="ltr" xml:lang="ita">ﬁdes</span>
            <span class="ocrx_word" id="word_1_73" title="bbox 2571 1712 2855 1800; x_wconf 70" lang="ita" dir="ltr" xml:lang="ita">sufficit.</span>
          </span>
        </p>
      </div>
      <div class="ocr_carea" id="block_1_5" title="bbox 706 1822 2892 1897">
        <p class="ocr_par" dir="ltr" id="par_1_5" title="bbox 706 1822 2892 1897">
          <span class="ocr_line" id="line_1_10" title="bbox 706 1822 2892 1897; baseline 0 -17">
            <span class="ocrx_word" id="word_1_74" title="bbox 706 1824 773 1879; x_wconf 90" lang="ita" dir="ltr" xml:lang="ita">In</span>
            <span class="ocrx_word" id="word_1_75" title="bbox 797 1831 1007 1897; x_wconf 95" lang="ita" dir="ltr" xml:lang="ita">questa</span>
            <span class="ocrx_word" id="word_1_76" title="bbox 1032 1823 1297 1880; x_wconf 95" lang="ita" dir="ltr" xml:lang="ita">seconda</span>
            <span class="ocrx_word" id="word_1_77" title="bbox 1320 1822 1598 1880; x_wconf 99" lang="ita" dir="ltr" xml:lang="ita">edizione</span>
            <span class="ocrx_word" id="word_1_78" title="bbox 1622 1841 1745 1880; x_wconf 99" lang="ita" dir="ltr" xml:lang="ita">non</span>
            <span class="ocrx_word" id="word_1_79" title="bbox 1771 1841 1921 1880; x_wconf 97" lang="ita" dir="ltr" xml:lang="ita">sono</span>
            <span class="ocrx_word" id="word_1_80" title="bbox 1947 1823 2133 1880; x_wconf 92" lang="ita" dir="ltr" xml:lang="ita">molte</span>
            <span class="ocrx_word" id="word_1_81" title="bbox 2158 1822 2382 1880; x_wconf 82" lang="ita" dir="ltr" xml:lang="ita">varietà</span>
            <span class="ocrx_word" id="word_1_82" title="bbox 2405 1823 2565 1880; x_wconf 97" lang="ita" dir="ltr" xml:lang="ita">dalla</span>
            <span class="ocrx_word" id="word_1_83" title="bbox 2590 1831 2892 1897; x_wconf 82" lang="ita" dir="ltr" xml:lang="ita">seguente.</span>
          </span>
        </p>
      </div>
      <div class="ocr_carea" id="block_1_6" title="bbox 478 2037 4487 2127">
        <p class="ocr_par" dir="ltr" id="par_1_6" title="bbox 478 2037 4487 2127">
          <span class="ocr_line" id="line_1_11" title="bbox 478 2037 4487 2127; baseline 0 -21">
            <span class="ocrx_word" id="word_1_84" title="bbox 478 2038 640 2106; x_wconf 88" lang="ita" xml:lang="ita">870.</span>
            <span class="ocrx_word" id="word_1_85" title="bbox 686 2039 1016 2119; x_wconf 87" lang="ita" dir="ltr" xml:lang="ita">VIATOR,</span>
            <span class="ocrx_word" id="word_1_86" title="bbox 1053 2040 1168 2106; x_wconf 91" lang="ita" dir="ltr" xml:lang="ita">De</span>
            <span class="ocrx_word" id="word_1_87" title="bbox 1210 2037 1585 2126; x_wconf 80" lang="ita" dir="ltr" xml:lang="ita">artificiali</span>
            <span class="ocrx_word" id="word_1_88" title="bbox 1617 2040 2081 2125; x_wconf 87" lang="ita" dir="ltr" xml:lang="ita">perspectiva</span>
            <span class="ocrx_word" id="word_1_89" title="bbox 2129 2040 2379 2107; x_wconf 92" lang="ita" dir="ltr" xml:lang="ita">Viator</span>
            <span class="ocrx_word" id="word_1_90" title="bbox 2418 2040 2650 2106; x_wconf 94" lang="ita" dir="ltr" xml:lang="ita">tertio.</span>
            <span class="ocrx_word" id="word_1_91" title="bbox 2698 2038 3040 2127; x_wconf 80" lang="ita" dir="ltr" xml:lang="ita">Seguono</span>
            <span class="ocrx_word" id="word_1_92" title="bbox 3081 2037 3327 2106; x_wconf 90" lang="ita" dir="ltr" xml:lang="ita">undici</span>
            <span class="ocrx_word" id="word_1_93" title="bbox 3369 2037 3692 2127; x_wconf 90" lang="ita" dir="ltr" xml:lang="ita">quadrati</span>
            <span class="ocrx_word" id="word_1_94" title="bbox 3735 2037 4173 2106; x_wconf 91" lang="ita" dir="ltr" xml:lang="ita">concentrici</span>
            <span class="ocrx_word" id="word_1_95" title="bbox 4216 2059 4255 2106; x_wconf 97" lang="ita" dir="ltr" xml:lang="ita">e</span>
            <span class="ocrx_word" id="word_1_96" title="bbox 4300 2048 4487 2106; x_wconf 96" lang="ita" dir="ltr" xml:lang="ita">sotto</span>
          </span>
        </p>
      </div>
      <div class="ocr_carea" id="block_1_7" title="bbox 706 2152 4486 4159">
        <p class="ocr_par" dir="ltr" id="par_1_7" title="bbox 706 2152 4486 4159">
          <span class="ocr_line" id="line_1_12" title="bbox 707 2152 2843 2242; baseline 0 -21">
            <span class="ocrx_word" id="word_1_97" title="bbox 707 2152 941 2242; x_wconf 90" lang="ita" dir="ltr" xml:lang="ita">questi</span>
            <span class="ocrx_word" id="word_1_98" title="bbox 974 2152 1305 2242; x_wconf 87" lang="ita" dir="ltr" xml:lang="ita">stampati</span>
            <span class="ocrx_word" id="word_1_99" title="bbox 1336 2163 1535 2221; x_wconf 91" lang="ita" dir="ltr" xml:lang="ita">entro</span>
            <span class="ocrx_word" id="word_1_100" title="bbox 1567 2174 1607 2221; x_wconf 90" lang="ita" dir="ltr" xml:lang="ita">a</span>
            <span class="ocrx_word" id="word_1_101" title="bbox 1633 2174 1777 2221; x_wconf 90" lang="ita" dir="ltr" xml:lang="ita">una</span>
            <span class="ocrx_word" id="word_1_102" title="bbox 1803 2152 2068 2221; x_wconf 90" lang="ita" dir="ltr" xml:lang="ita">tabella</span>
            <span class="ocrx_word" id="word_1_103" title="bbox 2095 2152 2118 2220; x_wconf 90" lang="ita" dir="ltr" xml:lang="ita">i</span>
            <span class="ocrx_word" id="word_1_104" title="bbox 2157 2153 2240 2221; x_wconf 87" lang="ita" xml:lang="ita">18</span>
            <span class="ocrx_word" id="word_1_105" title="bbox 2273 2152 2462 2221; x_wconf 84" lang="ita" dir="ltr" xml:lang="ita">versi</span>
            <span class="ocrx_word" id="word_1_106" title="bbox 2495 2152 2843 2242; x_wconf 80" lang="ita" dir="ltr" xml:lang="ita">seguenti:</span>
          </span>
          <span class="ocr_line" id="line_1_13" title="bbox 952 2264 2074 2337; baseline 0 -16">
            <span class="ocrx_word" id="word_1_107" title="bbox 952 2265 1005 2321; x_wconf 89" lang="ita" xml:lang="ita">
              <em>0</em>
            </span>
            <span class="ocrx_word" id="word_1_108" title="bbox 1030 2264 1184 2321; x_wconf 90" lang="ita" dir="ltr" xml:lang="ita">bons</span>
            <span class="ocrx_word" id="word_1_109" title="bbox 1208 2266 1375 2331; x_wconf 88" lang="ita" dir="ltr" xml:lang="ita">amis,</span>
            <span class="ocrx_word" id="word_1_110" title="bbox 1409 2275 1751 2337; x_wconf 77" lang="ita" dir="ltr" xml:lang="ita">traspassez</span>
            <span class="ocrx_word" id="word_1_111" title="bbox 1776 2275 1834 2321; x_wconf 97" lang="ita" dir="ltr" xml:lang="ita">et</span>
            <span class="ocrx_word" id="word_1_112" title="bbox 1856 2266 2074 2331; x_wconf 88" lang="ita" dir="ltr" xml:lang="ita">vivens,</span>
          </span>
          <span class="ocr_line" id="line_1_14" title="bbox 951 2359 2058 2433; baseline 0 -16">
            <span class="ocrx_word" id="word_1_113" title="bbox 951 2361 1153 2417; x_wconf 86" lang="ita" dir="ltr" xml:lang="ita">Grans</span>
            <span class="ocrx_word" id="word_1_114" title="bbox 1179 2362 1422 2433; x_wconf 77" lang="ita" dir="ltr" xml:lang="ita">esperiz,</span>
            <span class="ocrx_word" id="word_1_115" title="bbox 1453 2362 1719 2427; x_wconf 90" lang="ita" dir="ltr" xml:lang="ita">Zeusins,</span>
            <span class="ocrx_word" id="word_1_116" title="bbox 1746 2359 2058 2433; x_wconf 89" lang="ita" dir="ltr" xml:lang="ita">Apelliens</span>
          </span>
          <span class="ocr_line" id="line_1_15" title="bbox 942 2455 2178 2529; baseline 0 -16">
            <span class="ocrx_word" id="word_1_117" title="bbox 942 2458 1265 2513; x_wconf 90" lang="ita" dir="ltr" xml:lang="ita">Decorans</span>
            <span class="ocrx_word" id="word_1_118" title="bbox 1289 2458 1540 2523; x_wconf 91" lang="ita" dir="ltr" xml:lang="ita">France,</span>
            <span class="ocrx_word" id="word_1_119" title="bbox 1567 2455 1888 2529; x_wconf 88" lang="ita" dir="ltr" xml:lang="ita">Almaigne</span>
            <span class="ocrx_word" id="word_1_120" title="bbox 1914 2467 1971 2513; x_wconf 96" lang="ita" dir="ltr" xml:lang="ita">et</span>
            <span class="ocrx_word" id="word_1_121" title="bbox 1990 2455 2178 2523; x_wconf 88" lang="ita" dir="ltr" xml:lang="ita">Italie,</span>
          </span>
          <span class="ocr_line" id="line_1_16" title="bbox 947 2551 2093 2625; baseline 0 -16">
            <span class="ocrx_word" id="word_1_122" title="bbox 947 2551 1227 2625; x_wconf 66" lang="ita" dir="ltr" xml:lang="ita">Geﬂelin,</span>
            <span class="ocrx_word" id="word_1_123" title="bbox 1247 2551 1444 2625; x_wconf 91" lang="ita" dir="ltr" xml:lang="ita">paoul</span>
            <span class="ocrx_word" id="word_1_124" title="bbox 1468 2563 1526 2609; x_wconf 97" lang="ita" dir="ltr" xml:lang="ita">et</span>
            <span class="ocrx_word" id="word_1_125" title="bbox 1545 2554 1774 2609; x_wconf 90" lang="ita" dir="ltr" xml:lang="ita">Martin</span>
            <span class="ocrx_word" id="word_1_126" title="bbox 1799 2552 1874 2609; x_wconf 84" lang="ita" dir="ltr" xml:lang="ita">de</span>
            <span class="ocrx_word" id="word_1_127" title="bbox 1891 2571 2093 2625; x_wconf 81" lang="ita" dir="ltr" xml:lang="ita">pauye</span>
          </span>
          <span class="ocr_line" id="line_1_17" title="bbox 942 2646 2003 2720; baseline 0 -16">
            <span class="ocrx_word" id="word_1_128" title="bbox 942 2646 1554 2720; x_wconf 82" lang="ita" dir="ltr" xml:lang="ita">Berthlemifouquet,</span>
            <span class="ocrx_word" id="word_1_129" title="bbox 1579 2658 1776 2720; x_wconf 81" lang="ita" dir="ltr" xml:lang="ita">poyet,</span>
            <span class="ocrx_word" id="word_1_130" title="bbox 1809 2649 2003 2720; x_wconf 90" lang="ita" dir="ltr" xml:lang="ita">copin,</span>
          </span>
          <span class="ocr_line" id="line_1_18" title="bbox 939 2742 2144 2816; baseline 0 -16">
            <span class="ocrx_word" id="word_1_131" title="bbox 939 2743 1144 2800; x_wconf 83" lang="ita" dir="ltr" xml:lang="ita">Andre</span>
            <span class="ocrx_word" id="word_1_132" title="bbox 1167 2745 1527 2816; x_wconf 79" lang="ita" dir="ltr" xml:lang="ita">Montaigne</span>
            <span class="ocrx_word" id="word_1_133" title="bbox 1553 2754 1611 2800; x_wconf 97" lang="ita" dir="ltr" xml:lang="ita">et</span>
            <span class="ocrx_word" id="word_1_134" title="bbox 1632 2743 1921 2816; x_wconf 80" lang="ita" dir="ltr" xml:lang="ita">damyens</span>
            <span class="ocrx_word" id="word_1_135" title="bbox 1948 2742 2144 2810; x_wconf 90" lang="ita" dir="ltr" xml:lang="ita">Colin,</span>
          </span>
          <span class="ocr_line" id="line_1_19" title="bbox 942 2838 2015 2912; baseline 0 -16">
            <span class="ocrx_word" id="word_1_136" title="bbox 942 2841 1023 2896; x_wconf 94" lang="ita" dir="ltr" xml:lang="ita">Le</span>
            <span class="ocrx_word" id="word_1_137" title="bbox 1041 2838 1299 2912; x_wconf 90" lang="ita" dir="ltr" xml:lang="ita">pelusin,</span>
            <span class="ocrx_word" id="word_1_138" title="bbox 1332 2839 1486 2896; x_wconf 82" lang="ita" dir="ltr" xml:lang="ita">hans</span>
            <span class="ocrx_word" id="word_1_139" title="bbox 1497 2839 1617 2912; x_wconf 86" lang="ita" dir="ltr" xml:lang="ita">fris</span>
            <span class="ocrx_word" id="word_1_140" title="bbox 1643 2850 1701 2896; x_wconf 97" lang="ita" dir="ltr" xml:lang="ita">et</span>
            <span class="ocrx_word" id="word_1_141" title="bbox 1720 2839 2015 2906; x_wconf 84" lang="ita" dir="ltr" xml:lang="ita">Leonard,</span>
          </span>
          <span class="ocr_line" id="line_1_20" title="bbox 942 2934 2257 3008; baseline 0 -16">
            <span class="ocrx_word" id="word_1_142" title="bbox 942 2937 1209 3008; x_wconf 90" lang="ita" dir="ltr" xml:lang="ita">Hugues,</span>
            <span class="ocrx_word" id="word_1_143" title="bbox 1239 2937 1450 3002; x_wconf 90" lang="ita" dir="ltr" xml:lang="ita">Lucas,</span>
            <span class="ocrx_word" id="word_1_144" title="bbox 1480 2937 1617 3002; x_wconf 93" lang="ita" dir="ltr" xml:lang="ita">Luc,</span>
            <span class="ocrx_word" id="word_1_145" title="bbox 1644 2934 1866 3002; x_wconf 78" lang="ita" dir="ltr" xml:lang="ita">Albert,</span>
            <span class="ocrx_word" id="word_1_146" title="bbox 1900 2946 1958 2992; x_wconf 97" lang="ita" dir="ltr" xml:lang="ita">et</span>
            <span class="ocrx_word" id="word_1_147" title="bbox 1977 2935 2257 2992; x_wconf 83" lang="ita" dir="ltr" xml:lang="ita">Bernard</span>
          </span>
          <span class="ocr_line" id="line_1_21" title="bbox 943 3030 2024 3104; baseline 0 -16">
            <span class="ocrx_word" id="word_1_148" title="bbox 943 3031 1140 3088; x_wconf 91" lang="ita" dir="ltr" xml:lang="ita">Jehan</span>
            <span class="ocrx_word" id="word_1_149" title="bbox 1154 3030 1318 3104; x_wconf 89" lang="ita" dir="ltr" xml:lang="ita">jolis,</span>
            <span class="ocrx_word" id="word_1_150" title="bbox 1351 3031 1504 3088; x_wconf 90" lang="ita" dir="ltr" xml:lang="ita">hans</span>
            <span class="ocrx_word" id="word_1_151" title="bbox 1528 3050 1654 3104; x_wconf 92" lang="ita" dir="ltr" xml:lang="ita">gru,</span>
            <span class="ocrx_word" id="word_1_152" title="bbox 1688 3042 1746 3088; x_wconf 97" lang="ita" dir="ltr" xml:lang="ita">et</span>
            <span class="ocrx_word" id="word_1_153" title="bbox 1770 3030 2024 3088; x_wconf 86" lang="ita" dir="ltr" xml:lang="ita">Gabriel</span>
          </span>
          <span class="ocr_line" id="line_1_22" title="bbox 949 3126 2094 3200; baseline 0 -16">
            <span class="ocrx_word" id="word_1_154" title="bbox 949 3126 1241 3194; x_wconf 91" lang="ita" dir="ltr" xml:lang="ita">Vuastele,</span>
            <span class="ocrx_word" id="word_1_155" title="bbox 1280 3127 1510 3184; x_wconf 90" lang="ita" dir="ltr" xml:lang="ita">Urbain</span>
            <span class="ocrx_word" id="word_1_156" title="bbox 1537 3138 1595 3184; x_wconf 97" lang="ita" dir="ltr" xml:lang="ita">et</span>
            <span class="ocrx_word" id="word_1_157" title="bbox 1618 3126 1797 3200; x_wconf 91" lang="ita" dir="ltr" xml:lang="ita">lange</span>
            <span class="ocrx_word" id="word_1_158" title="bbox 1820 3126 2094 3184; x_wconf 83" lang="ita" dir="ltr" xml:lang="ita">Michael</span>
          </span>
          <span class="ocr_line" id="line_1_23" title="bbox 950 3221 2532 3296; baseline 0 -17">
            <span class="ocrx_word" id="word_1_159" title="bbox 950 3223 1028 3296; x_wconf 90" lang="ita" dir="ltr" xml:lang="ita">[p.</span>
            <span class="ocrx_word" id="word_1_160" title="bbox 1064 3221 1200 3291; x_wconf 88" lang="ita" xml:lang="ita">162]</span>
            <span class="ocrx_word" id="word_1_161" title="bbox 1230 3223 1448 3295; x_wconf 81" lang="ita" dir="ltr" xml:lang="ita">Symon</span>
            <span class="ocrx_word" id="word_1_162" title="bbox 1472 3222 1552 3279; x_wconf 85" lang="ita" dir="ltr" xml:lang="ita">alu</span>
            <span class="ocrx_word" id="word_1_163" title="bbox 1577 3241 1773 3279; x_wconf 87" lang="ita" dir="ltr" xml:lang="ita">mans:</span>
            <span class="ocrx_word" id="word_1_164" title="bbox 1799 3224 2125 3295; x_wconf 81" lang="ita" dir="ltr" xml:lang="ita">Dyamans,</span>
            <span class="ocrx_word" id="word_1_165" title="bbox 2157 3224 2532 3295; x_wconf 88" lang="ita" dir="ltr" xml:lang="ita">margarites,</span>
          </span>
          <span class="ocr_line" id="line_1_24" title="bbox 942 3317 2180 3391; baseline 0 -16">
            <span class="ocrx_word" id="word_1_166" title="bbox 942 3318 1144 3385; x_wconf 85" lang="ita" dir="ltr" xml:lang="ita">Rubis,</span>
            <span class="ocrx_word" id="word_1_167" title="bbox 1176 3318 1431 3391; x_wconf 90" lang="ita" dir="ltr" xml:lang="ita">saphirs,</span>
            <span class="ocrx_word" id="word_1_168" title="bbox 1463 3318 1834 3391; x_wconf 84" lang="ita" dir="ltr" xml:lang="ita">smaragdes,</span>
            <span class="ocrx_word" id="word_1_169" title="bbox 1867 3317 2180 3385; x_wconf 89" lang="ita" dir="ltr" xml:lang="ita">crisolites,</span>
          </span>
          <span class="ocr_line" id="line_1_25" title="bbox 939 3415 1912 3487; baseline 0 -16">
            <span class="ocrx_word" id="word_1_170" title="bbox 939 3415 1272 3481; x_wconf 88" lang="ita" dir="ltr" xml:lang="ita">Ametistes,</span>
            <span class="ocrx_word" id="word_1_171" title="bbox 1293 3416 1560 3487; x_wconf 89" lang="ita" dir="ltr" xml:lang="ita">jacintes</span>
            <span class="ocrx_word" id="word_1_172" title="bbox 1586 3425 1644 3471; x_wconf 97" lang="ita" dir="ltr" xml:lang="ita">et</span>
            <span class="ocrx_word" id="word_1_173" title="bbox 1667 3425 1912 3487; x_wconf 77" lang="ita" dir="ltr" xml:lang="ita">topazes</span>
          </span>
          <span class="ocr_line" id="line_1_26" title="bbox 948 3509 1975 3583; baseline 0 -16">
            <span class="ocrx_word" id="word_1_174" title="bbox 948 3509 1343 3577; x_wconf 84" lang="ita" dir="ltr" xml:lang="ita">Calcedones,</span>
            <span class="ocrx_word" id="word_1_175" title="bbox 1375 3529 1626 3583; x_wconf 90" lang="ita" dir="ltr" xml:lang="ita">asperes</span>
            <span class="ocrx_word" id="word_1_176" title="bbox 1652 3521 1710 3567; x_wconf 97" lang="ita" dir="ltr" xml:lang="ita">et</span>
            <span class="ocrx_word" id="word_1_177" title="bbox 1731 3530 1769 3567; x_wconf 91" lang="ita" dir="ltr" xml:lang="ita">a</span>
            <span class="ocrx_word" id="word_1_178" title="bbox 1781 3510 1975 3583; x_wconf 85" lang="ita" dir="ltr" xml:lang="ita">faces,</span>
          </span>
          <span class="ocr_line" id="line_1_27" title="bbox 943 3605 2057 3679; baseline 0 -16">
            <span class="ocrx_word" id="word_1_179" title="bbox 943 3608 1176 3679; x_wconf 90" lang="ita" dir="ltr" xml:lang="ita">Jaspes,</span>
            <span class="ocrx_word" id="word_1_180" title="bbox 1209 3605 1430 3673; x_wconf 77" lang="ita" dir="ltr" xml:lang="ita">bierilz,</span>
            <span class="ocrx_word" id="word_1_181" title="bbox 1462 3605 1676 3673; x_wconf 89" lang="ita" dir="ltr" xml:lang="ita">aculei,</span>
            <span class="ocrx_word" id="word_1_182" title="bbox 1710 3617 1768 3663; x_wconf 97" lang="ita" dir="ltr" xml:lang="ita">et</span>
            <span class="ocrx_word" id="word_1_183" title="bbox 1790 3608 2057 3663; x_wconf 85" lang="ita" dir="ltr" xml:lang="ita">cristaux</span>
          </span>
          <span class="ocr_line" id="line_1_28" title="bbox 943 3700 2272 3774; baseline 0 -16">
            <span class="ocrx_word" id="word_1_184" title="bbox 943 3700 1089 3758; x_wconf 90" lang="ita" dir="ltr" xml:lang="ita">Plus</span>
            <span class="ocrx_word" id="word_1_185" title="bbox 1106 3703 1399 3774; x_wconf 85" lang="ita" dir="ltr" xml:lang="ita">precieux</span>
            <span class="ocrx_word" id="word_1_186" title="bbox 1422 3720 1571 3758; x_wconf 88" lang="ita" dir="ltr" xml:lang="ita">vous</span>
            <span class="ocrx_word" id="word_1_187" title="bbox 1597 3703 1749 3758; x_wconf 90" lang="ita" dir="ltr" xml:lang="ita">tiens</span>
            <span class="ocrx_word" id="word_1_188" title="bbox 1774 3720 1890 3774; x_wconf 81" lang="ita" dir="ltr" xml:lang="ita">que</span>
            <span class="ocrx_word" id="word_1_189" title="bbox 1917 3700 2026 3758; x_wconf 90" lang="ita" dir="ltr" xml:lang="ita">tels</span>
            <span class="ocrx_word" id="word_1_190" title="bbox 2039 3703 2272 3774; x_wconf 81" lang="ita" dir="ltr" xml:lang="ita">joyaux</span>
          </span>
          <span class="ocr_line" id="line_1_29" title="bbox 943 3796 2093 3860; baseline 0 -6">
            <span class="ocrx_word" id="word_1_191" title="bbox 943 3799 1018 3854; x_wconf 93" lang="ita" dir="ltr" xml:lang="ita">Et</span>
            <span class="ocrx_word" id="word_1_192" title="bbox 1041 3808 1176 3860; x_wconf 78" lang="ita" dir="ltr" xml:lang="ita">touz</span>
            <span class="ocrx_word" id="word_1_193" title="bbox 1199 3808 1404 3854; x_wconf 90" lang="ita" dir="ltr" xml:lang="ita">autres</span>
            <span class="ocrx_word" id="word_1_194" title="bbox 1428 3796 1643 3854; x_wconf 90" lang="ita" dir="ltr" xml:lang="ita">nobles</span>
            <span class="ocrx_word" id="word_1_195" title="bbox 1669 3797 2093 3854; x_wconf 83" lang="ita" dir="ltr" xml:lang="ita">entendemens</span>
          </span>
          <span class="ocr_line" id="line_1_30" title="bbox 948 3893 2049 3966; baseline 0 -16">
            <span class="ocrx_word" id="word_1_196" title="bbox 948 3893 1348 3950; x_wconf 83" lang="ita" dir="ltr" xml:lang="ita">Ordinateurs</span>
            <span class="ocrx_word" id="word_1_197" title="bbox 1372 3893 1447 3950; x_wconf 84" lang="ita" dir="ltr" xml:lang="ita">de</span>
            <span class="ocrx_word" id="word_1_198" title="bbox 1472 3893 2049 3966; x_wconf 84" lang="ita" dir="ltr" xml:lang="ita">specieuxfigmens.</span>
          </span>
          <span class="ocr_line" id="line_1_31" title="bbox 706 3988 4486 4063; baseline 0 -18">
            <span class="ocrx_word" id="word_1_199" title="bbox 706 3990 773 4045; x_wconf 90" lang="ita" dir="ltr" xml:lang="ita">In</span>
            <span class="ocrx_word" id="word_1_200" title="bbox 799 3988 924 4046; x_wconf 90" lang="ita" dir="ltr" xml:lang="ita">fine</span>
            <span class="ocrx_word" id="word_1_201" title="bbox 953 3989 1070 4046; x_wconf 98" lang="ita" dir="ltr" xml:lang="ita">alla</span>
            <span class="ocrx_word" id="word_1_202" title="bbox 1093 3988 1315 4063; x_wconf 94" lang="ita" dir="ltr" xml:lang="ita">pagina</span>
            <span class="ocrx_word" id="word_1_203" title="bbox 1341 3988 1402 4046; x_wconf 99" lang="ita" dir="ltr" xml:lang="ita">di</span>
            <span class="ocrx_word" id="word_1_204" title="bbox 1429 3997 1642 4063; x_wconf 95" lang="ita" dir="ltr" xml:lang="ita">questo</span>
            <span class="ocrx_word" id="word_1_205" title="bbox 1670 3988 2063 4063; x_wconf 84" lang="ita" dir="ltr" xml:lang="ita">frontespizio</span>
            <span class="ocrx_word" id="word_1_206" title="bbox 2091 3988 2323 4063; x_wconf 97" lang="ita" dir="ltr" xml:lang="ita">leggesi</span>
            <span class="ocrx_word" id="word_1_207" title="bbox 2350 3988 2688 4046; x_wconf 95" lang="ita" dir="ltr" xml:lang="ita">distribuito</span>
            <span class="ocrx_word" id="word_1_208" title="bbox 2715 3988 2778 4045; x_wconf 99" lang="ita" dir="ltr" xml:lang="ita">in</span>
            <span class="ocrx_word" id="word_1_209" title="bbox 2804 3989 2920 4046; x_wconf 97" lang="ita" dir="ltr" xml:lang="ita">due</span>
            <span class="ocrx_word" id="word_1_210" title="bbox 2948 3988 3106 4046; x_wconf 99" lang="ita" dir="ltr" xml:lang="ita">linee</span>
            <span class="ocrx_word" id="word_1_211" title="bbox 3133 3989 3191 4046; x_wconf 98" lang="ita" dir="ltr" xml:lang="ita">la</span>
            <span class="ocrx_word" id="word_1_212" title="bbox 3214 3988 3409 4063; x_wconf 92" lang="ita" dir="ltr" xml:lang="ita">prima</span>
            <span class="ocrx_word" id="word_1_213" title="bbox 3433 3988 3496 4045; x_wconf 99" lang="ita" dir="ltr" xml:lang="ita">in</span>
            <span class="ocrx_word" id="word_1_214" title="bbox 3520 3988 3769 4063; x_wconf 95" lang="ita" dir="ltr" xml:lang="ita">piccioli</span>
            <span class="ocrx_word" id="word_1_215" title="bbox 3796 3988 4065 4046; x_wconf 95" lang="ita" dir="ltr" xml:lang="ita">caratteri</span>
            <span class="ocrx_word" id="word_1_216" title="bbox 4092 4007 4125 4046; x_wconf 99" lang="ita" dir="ltr" xml:lang="ita">e</span>
            <span class="ocrx_word" id="word_1_217" title="bbox 4152 3989 4210 4046; x_wconf 98" lang="ita" dir="ltr" xml:lang="ita">la</span>
            <span class="ocrx_word" id="word_1_218" title="bbox 4238 3988 4486 4046; x_wconf 96" lang="ita" dir="ltr" xml:lang="ita">secondi</span>
          </span>
          <span class="ocr_line" id="line_1_32" title="bbox 706 4084 1146 4159; baseline 0.002 -18">
            <span class="ocrx_word" id="word_1_219" title="bbox 706 4084 768 4141; x_wconf 98" lang="ita" dir="ltr" xml:lang="ita">in</span>
            <span class="ocrx_word" id="word_1_220" title="bbox 790 4084 895 4159; x_wconf 88" lang="ita" dir="ltr" xml:lang="ita">più</span>
            <span class="ocrx_word" id="word_1_221" title="bbox 920 4084 1146 4159; x_wconf 92" lang="ita" dir="ltr" xml:lang="ita">grandi:</span>
          </span>
        </p>
      </div>
      <div class="ocr_carea" id="block_1_8" title="bbox 615 4306 4307 4578">
        <p class="ocr_par" dir="ltr" id="par_1_8" title="bbox 615 4306 4307 4578">
          <span class="ocr_line" id="line_1_33" title="bbox 769 4306 4307 4353; baseline 0 0">
            <span class="ocrx_word" id="word_1_222" title="bbox 769 4306 956 4353; x_wconf 90" lang="ita" dir="ltr" xml:lang="ita">VICUS</span>
            <span class="ocrx_word" id="word_1_223" title="bbox 2243 4306 2407 4353; x_wconf 79" lang="ita" dir="ltr" xml:lang="ita">PONS</span>
            <span class="ocrx_word" id="word_1_224" title="bbox 4013 4306 4307 4353; x_wconf 90" lang="ita" dir="ltr" xml:lang="ita">DIOCESIS</span>
          </span>
          <span class="ocr_line" id="line_1_34" title="bbox 615 4395 2633 4463; baseline 0 0">
            <span class="ocrx_word" id="word_1_225" title="bbox 615 4410 718 4462; x_wconf 93" lang="ita" dir="ltr" xml:lang="ita">DE</span>
            <span class="ocrx_word" id="word_1_226" title="bbox 741 4396 1013 4463; x_wconf 86" lang="ita" dir="ltr" xml:lang="ita">Bosco</span>
            <span class="ocrx_word" id="word_1_227" title="bbox 1037 4396 1369 4463; x_wconf 75" lang="ita" dir="ltr" xml:lang="ita">.ÎOANNIS</span>
            <span class="ocrx_word" id="word_1_228" title="bbox 2245 4395 2633 4463; x_wconf 85" lang="ita" dir="ltr" xml:lang="ita">CORILONI</span>
          </span>
          <span class="ocr_line" id="line_1_35" title="bbox 768 4511 1382 4578; baseline 0.002 -1">
            <span class="ocrx_word" id="word_1_229" title="bbox 768 4511 1382 4578; x_wconf 88" lang="ita" dir="ltr" xml:lang="ita">MALLEACENSIS</span>
          </span>
        </p>
      </div>
      <div class="ocr_carea" id="block_1_9" title="bbox 705 4716 4490 6516">
        <p class="ocr_par" dir="ltr" id="par_1_9" title="bbox 706 4716 4490 5079">
          <span class="ocr_line" id="line_1_36" title="bbox 709 4716 4486 4791; baseline 0 -17">
            <span class="ocrx_word" id="word_1_230" title="bbox 709 4716 772 4774; x_wconf 89" lang="ita" dir="ltr" xml:lang="ita">Si</span>
            <span class="ocrx_word" id="word_1_231" title="bbox 795 4716 1112 4774; x_wconf 95" lang="ita" dir="ltr" xml:lang="ita">riconosce</span>
            <span class="ocrx_word" id="word_1_232" title="bbox 1137 4717 1214 4774; x_wconf 98" lang="ita" dir="ltr" xml:lang="ita">da</span>
            <span class="ocrx_word" id="word_1_233" title="bbox 1237 4725 1447 4791; x_wconf 95" lang="ita" dir="ltr" xml:lang="ita">questa</span>
            <span class="ocrx_word" id="word_1_234" title="bbox 1468 4716 1663 4791; x_wconf 92" lang="ita" dir="ltr" xml:lang="ita">prima</span>
            <span class="ocrx_word" id="word_1_235" title="bbox 1684 4716 1905 4791; x_wconf 95" lang="ita" dir="ltr" xml:lang="ita">pagina</span>
            <span class="ocrx_word" id="word_1_236" title="bbox 1928 4735 2105 4774; x_wconf 92" lang="ita" dir="ltr" xml:lang="ita">come</span>
            <span class="ocrx_word" id="word_1_237" title="bbox 2129 4716 2172 4773; x_wconf 99" lang="ita" dir="ltr" xml:lang="ita">il</span>
            <span class="ocrx_word" id="word_1_238" title="bbox 2196 4716 2516 4791; x_wconf 91" lang="ita" dir="ltr" xml:lang="ita">Peregrino</span>
            <span class="ocrx_word" id="word_1_239" title="bbox 2543 4716 2709 4774; x_wconf 91" lang="ita" dir="ltr" xml:lang="ita">fosse</span>
            <span class="ocrx_word" id="word_1_240" title="bbox 2733 4725 3040 4791; x_wconf 95" lang="ita" dir="ltr" xml:lang="ita">penetrato</span>
            <span class="ocrx_word" id="word_1_241" title="bbox 3066 4716 3127 4774; x_wconf 99" lang="ita" dir="ltr" xml:lang="ita">di</span>
            <span class="ocrx_word" id="word_1_242" title="bbox 3154 4716 3329 4774; x_wconf 92" lang="ita" dir="ltr" xml:lang="ita">stima</span>
            <span class="ocrx_word" id="word_1_243" title="bbox 3350 4735 3457 4791; x_wconf 95" lang="ita" dir="ltr" xml:lang="ita">per</span>
            <span class="ocrx_word" id="word_1_244" title="bbox 3479 4716 3499 4773; x_wconf 99" lang="ita" dir="ltr" xml:lang="ita">i</span>
            <span class="ocrx_word" id="word_1_245" title="bbox 3525 4716 3733 4791; x_wconf 98" lang="ita" dir="ltr" xml:lang="ita">grandi</span>
            <span class="ocrx_word" id="word_1_246" title="bbox 3760 4716 3967 4784; x_wconf 91" lang="ita" dir="ltr" xml:lang="ita">autori,</span>
            <span class="ocrx_word" id="word_1_247" title="bbox 3995 4716 4106 4774; x_wconf 95" lang="ita" dir="ltr" xml:lang="ita">che</span>
            <span class="ocrx_word" id="word_1_248" title="bbox 4131 4716 4249 4774; x_wconf 95" lang="ita" dir="ltr" xml:lang="ita">cita</span>
            <span class="ocrx_word" id="word_1_249" title="bbox 4272 4716 4486 4791; x_wconf 92" lang="ita" dir="ltr" xml:lang="ita">d’ogni</span>
          </span>
          <span class="ocr_line" id="line_1_37" title="bbox 706 4812 4490 4887; baseline 0 -17">
            <span class="ocrx_word" id="word_1_250" title="bbox 706 4812 989 4880; x_wconf 90" lang="ita" dir="ltr" xml:lang="ita">maniera,</span>
            <span class="ocrx_word" id="word_1_251" title="bbox 1031 4831 1064 4870; x_wconf 99" lang="ita" dir="ltr" xml:lang="ita">e</span>
            <span class="ocrx_word" id="word_1_252" title="bbox 1103 4812 1316 4887; x_wconf 98" lang="ita" dir="ltr" xml:lang="ita">d’ogni</span>
            <span class="ocrx_word" id="word_1_253" title="bbox 1357 4812 1554 4870; x_wconf 95" lang="ita" dir="ltr" xml:lang="ita">studio</span>
            <span class="ocrx_word" id="word_1_254" title="bbox 1593 4812 1655 4869; x_wconf 98" lang="ita" dir="ltr" xml:lang="ita">in</span>
            <span class="ocrx_word" id="word_1_255" title="bbox 1694 4812 1833 4887; x_wconf 96" lang="ita" dir="ltr" xml:lang="ita">quei</span>
            <span class="ocrx_word" id="word_1_256" title="bbox 1872 4812 2047 4880; x_wconf 86" lang="ita" dir="ltr" xml:lang="ita">versi,</span>
            <span class="ocrx_word" id="word_1_257" title="bbox 2089 4831 2211 4870; x_wconf 99" lang="ita" dir="ltr" xml:lang="ita">non</span>
            <span class="ocrx_word" id="word_1_258" title="bbox 2248 4812 2582 4887; x_wconf 98" lang="ita" dir="ltr" xml:lang="ita">ignorando</span>
            <span class="ocrx_word" id="word_1_259" title="bbox 2622 4821 2984 4870; x_wconf 88" lang="ita" dir="ltr" xml:lang="ita">certamente</span>
            <span class="ocrx_word" id="word_1_260" title="bbox 3023 4813 3079 4870; x_wconf 99" lang="ita" dir="ltr" xml:lang="ita">le</span>
            <span class="ocrx_word" id="word_1_261" title="bbox 3118 4831 3300 4887; x_wconf 95" lang="ita" dir="ltr" xml:lang="ita">opere</span>
            <span class="ocrx_word" id="word_1_262" title="bbox 3339 4812 3400 4870; x_wconf 99" lang="ita" dir="ltr" xml:lang="ita">di</span>
            <span class="ocrx_word" id="word_1_263" title="bbox 3438 4814 3602 4870; x_wconf 95" lang="ita" dir="ltr" xml:lang="ita">Luca</span>
            <span class="ocrx_word" id="word_1_264" title="bbox 3638 4812 3885 4870; x_wconf 91" lang="ita" dir="ltr" xml:lang="ita">Paciolo</span>
            <span class="ocrx_word" id="word_1_265" title="bbox 3925 4831 3958 4870; x_wconf 99" lang="ita" dir="ltr" xml:lang="ita">e</span>
            <span class="ocrx_word" id="word_1_266" title="bbox 3997 4812 4058 4870; x_wconf 99" lang="ita" dir="ltr" xml:lang="ita">di</span>
            <span class="ocrx_word" id="word_1_267" title="bbox 4095 4812 4291 4870; x_wconf 91" lang="ita" dir="ltr" xml:lang="ita">Pietro</span>
            <span class="ocrx_word" id="word_1_268" title="bbox 4331 4813 4490 4870; x_wconf 98" lang="ita" dir="ltr" xml:lang="ita">della</span>
          </span>
          <span class="ocr_line" id="line_1_38" title="bbox 706 4908 4487 4983; baseline 0 -18">
            <span class="ocrx_word" id="word_1_269" title="bbox 706 4910 1040 4966; x_wconf 88" lang="ita" dir="ltr" xml:lang="ita">Francese»</span>
            <span class="ocrx_word" id="word_1_270" title="bbox 1074 4908 1206 4966; x_wconf 96" lang="ita" dir="ltr" xml:lang="ita">suoi</span>
            <span class="ocrx_word" id="word_1_271" title="bbox 1238 4908 1511 4966; x_wconf 95" lang="ita" dir="ltr" xml:lang="ita">coetanei</span>
            <span class="ocrx_word" id="word_1_272" title="bbox 1543 4927 1576 4966; x_wconf 99" lang="ita" dir="ltr" xml:lang="ita">e</span>
            <span class="ocrx_word" id="word_1_273" title="bbox 1607 4909 1749 4966; x_wconf 97" lang="ita" dir="ltr" xml:lang="ita">loda</span>
            <span class="ocrx_word" id="word_1_274" title="bbox 1777 4908 2055 4966; x_wconf 90" lang="ita" dir="ltr" xml:lang="ita">Rafaello</span>
            <span class="ocrx_word" id="word_1_275" title="bbox 2087 4927 2120 4966; x_wconf 99" lang="ita" dir="ltr" xml:lang="ita">e</span>
            <span class="ocrx_word" id="word_1_276" title="bbox 2151 4908 2384 4966; x_wconf 93" lang="ita" dir="ltr" xml:lang="ita">Michel</span>
            <span class="ocrx_word" id="word_1_277" title="bbox 2415 4909 2675 4983; x_wconf 85" lang="ita" dir="ltr" xml:lang="ita">Angelo,</span>
            <span class="ocrx_word" id="word_1_278" title="bbox 2710 4927 2743 4966; x_wconf 99" lang="ita" dir="ltr" xml:lang="ita">e</span>
            <span class="ocrx_word" id="word_1_279" title="bbox 2776 4908 2988 4966; x_wconf 89" lang="ita" dir="ltr" xml:lang="ita">Simon</span>
            <span class="ocrx_word" id="word_1_280" title="bbox 3018 4908 3296 4976; x_wconf 90" lang="ita" dir="ltr" xml:lang="ita">Memmi,</span>
            <span class="ocrx_word" id="word_1_281" title="bbox 3331 4927 3364 4966; x_wconf 99" lang="ita" dir="ltr" xml:lang="ita">e</span>
            <span class="ocrx_word" id="word_1_282" title="bbox 3394 4908 3437 4965; x_wconf 99" lang="ita" dir="ltr" xml:lang="ita">il</span>
            <span class="ocrx_word" id="word_1_283" title="bbox 3468 4908 3785 4983; x_wconf 91" lang="ita" dir="ltr" xml:lang="ita">Perugino,</span>
            <span class="ocrx_word" id="word_1_284" title="bbox 3819 4927 3852 4966; x_wconf 99" lang="ita" dir="ltr" xml:lang="ita">e</span>
            <span class="ocrx_word" id="word_1_285" title="bbox 3882 4909 4217 4976; x_wconf 91" lang="ita" dir="ltr" xml:lang="ita">Leonardo,</span>
            <span class="ocrx_word" id="word_1_286" title="bbox 4251 4909 4327 4966; x_wconf 98" lang="ita" dir="ltr" xml:lang="ita">ed</span>
            <span class="ocrx_word" id="word_1_287" title="bbox 4358 4908 4487 4966; x_wconf 95" lang="ita" dir="ltr" xml:lang="ita">altri</span>
          </span>
          <span class="ocr_line" id="line_1_39" title="bbox 706 5004 3617 5079; baseline 0 -18">
            <span class="ocrx_word" id="word_1_288" title="bbox 706 5004 929 5079; x_wconf 96" lang="ita" dir="ltr" xml:lang="ita">insigni</span>
            <span class="ocrx_word" id="word_1_289" title="bbox 954 5004 1015 5062; x_wconf 99" lang="ita" dir="ltr" xml:lang="ita">di</span>
            <span class="ocrx_word" id="word_1_290" title="bbox 1041 5004 1366 5062; x_wconf 92" lang="ita" dir="ltr" xml:lang="ita">Germania</span>
            <span class="ocrx_word" id="word_1_291" title="bbox 1389 5023 1422 5062; x_wconf 99" lang="ita" dir="ltr" xml:lang="ita">e</span>
            <span class="ocrx_word" id="word_1_292" title="bbox 1447 5004 1508 5062; x_wconf 99" lang="ita" dir="ltr" xml:lang="ita">di</span>
            <span class="ocrx_word" id="word_1_293" title="bbox 1532 5004 1797 5072; x_wconf 90" lang="ita" dir="ltr" xml:lang="ita">Francia,</span>
            <span class="ocrx_word" id="word_1_294" title="bbox 1825 5004 1978 5062; x_wconf 97" lang="ita" dir="ltr" xml:lang="ita">diesi</span>
            <span class="ocrx_word" id="word_1_295" title="bbox 2001 5004 2405 5062; x_wconf 95" lang="ita" dir="ltr" xml:lang="ita">riconoscono</span>
            <span class="ocrx_word" id="word_1_296" title="bbox 2432 5023 2466 5062; x_wconf 97" lang="ita" dir="ltr" xml:lang="ita">a</span>
            <span class="ocrx_word" id="word_1_297" title="bbox 2489 5004 2864 5062; x_wconf 95" lang="ita" dir="ltr" xml:lang="ita">discrezione</span>
            <span class="ocrx_word" id="word_1_298" title="bbox 2888 5004 2950 5061; x_wconf 98" lang="ita" dir="ltr" xml:lang="ita">in</span>
            <span class="ocrx_word" id="word_1_299" title="bbox 2974 5004 3113 5079; x_wconf 96" lang="ita" dir="ltr" xml:lang="ita">quei</span>
            <span class="ocrx_word" id="word_1_300" title="bbox 3138 5004 3306 5062; x_wconf 92" lang="ita" dir="ltr" xml:lang="ita">nomi</span>
            <span class="ocrx_word" id="word_1_301" title="bbox 3333 5004 3617 5079; x_wconf 95" lang="ita" dir="ltr" xml:lang="ita">storpiati.</span>
          </span>
        </p>
        <p class="ocr_par" dir="ltr" id="par_1_10" title="bbox 706 5100 4489 5749">
          <span class="ocr_line" id="line_1_40" title="bbox 706 5100 4488 5175; baseline 0 -17">
            <span class="ocrx_word" id="word_1_302" title="bbox 706 5101 754 5157; x_wconf 99" lang="ita" dir="ltr" xml:lang="ita">Il</span>
            <span class="ocrx_word" id="word_1_303" title="bbox 787 5101 1050 5168; x_wconf 90" lang="ita" dir="ltr" xml:lang="ita">volume,</span>
            <span class="ocrx_word" id="word_1_304" title="bbox 1086 5109 1471 5175; x_wconf 95" lang="ita" dir="ltr" xml:lang="ita">quantunque</span>
            <span class="ocrx_word" id="word_1_305" title="bbox 1504 5109 1803 5175; x_wconf 95" lang="ita" dir="ltr" xml:lang="ita">contenga</span>
            <span class="ocrx_word" id="word_1_306" title="bbox 1834 5100 2110 5175; x_wconf 92" lang="ita" dir="ltr" xml:lang="ita">maggior</span>
            <span class="ocrx_word" id="word_1_307" title="bbox 2140 5119 2391 5158; x_wconf 92" lang="ita" dir="ltr" xml:lang="ita">numero</span>
            <span class="ocrx_word" id="word_1_308" title="bbox 2425 5100 2486 5158; x_wconf 99" lang="ita" dir="ltr" xml:lang="ita">di</span>
            <span class="ocrx_word" id="word_1_309" title="bbox 2518 5101 2718 5158; x_wconf 95" lang="ita" dir="ltr" xml:lang="ita">tavole</span>
            <span class="ocrx_word" id="word_1_310" title="bbox 2752 5101 2910 5158; x_wconf 98" lang="ita" dir="ltr" xml:lang="ita">delle</span>
            <span class="ocrx_word" id="word_1_311" title="bbox 2941 5100 3286 5175; x_wconf 95" lang="ita" dir="ltr" xml:lang="ita">precedenti</span>
            <span class="ocrx_word" id="word_1_312" title="bbox 3319 5100 3601 5168; x_wconf 90" lang="ita" dir="ltr" xml:lang="ita">edizioni,</span>
            <span class="ocrx_word" id="word_1_313" title="bbox 3637 5101 3670 5158; x_wconf 87" lang="ita" dir="ltr" xml:lang="ita">e</span>
            <span class="ocrx_word" id="word_1_314" title="bbox 3703 5109 4022 5175; x_wconf 92" lang="ita" dir="ltr" xml:lang="ita">composto</span>
            <span class="ocrx_word" id="word_1_315" title="bbox 4056 5100 4117 5158; x_wconf 99" lang="ita" dir="ltr" xml:lang="ita">di</span>
            <span class="ocrx_word" id="word_1_316" title="bbox 4153 5100 4267 5158; x_wconf 97" lang="ita" dir="ltr" xml:lang="ita">soli</span>
            <span class="ocrx_word" id="word_1_317" title="bbox 4299 5109 4488 5158; x_wconf 95" lang="ita" dir="ltr" xml:lang="ita">trenta</span>
          </span>
          <span class="ocr_line" id="line_1_41" title="bbox 707 5195 4486 5270; baseline 0 -17">
            <span class="ocrx_word" id="word_1_318" title="bbox 707 5195 984 5270; x_wconf 90" lang="ita" dir="ltr" xml:lang="ita">foglietti,</span>
            <span class="ocrx_word" id="word_1_319" title="bbox 1012 5195 1232 5270; x_wconf 88" lang="ita" dir="ltr" xml:lang="ita">poiché</span>
            <span class="ocrx_word" id="word_1_320" title="bbox 1258 5195 1321 5252; x_wconf 99" lang="ita" dir="ltr" xml:lang="ita">in</span>
            <span class="ocrx_word" id="word_1_321" title="bbox 1347 5196 1532 5270; x_wconf 97" lang="ita" dir="ltr" xml:lang="ita">luogo</span>
            <span class="ocrx_word" id="word_1_322" title="bbox 1560 5196 1830 5253; x_wconf 96" lang="ita" dir="ltr" xml:lang="ita">d’essere</span>
            <span class="ocrx_word" id="word_1_323" title="bbox 1857 5204 2065 5270; x_wconf 95" lang="ita" dir="ltr" xml:lang="ita">queste</span>
            <span class="ocrx_word" id="word_1_324" title="bbox 2095 5204 2385 5270; x_wconf 92" lang="ita" dir="ltr" xml:lang="ita">stampate</span>
            <span class="ocrx_word" id="word_1_325" title="bbox 2412 5196 2489 5253; x_wconf 98" lang="ita" dir="ltr" xml:lang="ita">da</span>
            <span class="ocrx_word" id="word_1_326" title="bbox 2513 5214 2632 5253; x_wconf 97" lang="ita" dir="ltr" xml:lang="ita">una</span>
            <span class="ocrx_word" id="word_1_327" title="bbox 2659 5196 2790 5253; x_wconf 96" lang="ita" dir="ltr" xml:lang="ita">sola</span>
            <span class="ocrx_word" id="word_1_328" title="bbox 2813 5204 2978 5270; x_wconf 95" lang="ita" dir="ltr" xml:lang="ita">parte</span>
            <span class="ocrx_word" id="word_1_329" title="bbox 3005 5196 3103 5253; x_wconf 99" lang="ita" dir="ltr" xml:lang="ita">del</span>
            <span class="ocrx_word" id="word_1_330" title="bbox 3130 5195 3342 5270; x_wconf 90" lang="ita" dir="ltr" xml:lang="ita">foglio,</span>
            <span class="ocrx_word" id="word_1_331" title="bbox 3374 5214 3524 5253; x_wconf 97" lang="ita" dir="ltr" xml:lang="ita">sono</span>
            <span class="ocrx_word" id="word_1_332" title="bbox 3551 5195 3845 5270; x_wconf 92" lang="ita" dir="ltr" xml:lang="ita">impresse</span>
            <span class="ocrx_word" id="word_1_333" title="bbox 3872 5196 3949 5253; x_wconf 98" lang="ita" dir="ltr" xml:lang="ita">da</span>
            <span class="ocrx_word" id="word_1_334" title="bbox 3974 5196 4090 5253; x_wconf 97" lang="ita" dir="ltr" xml:lang="ita">due</span>
            <span class="ocrx_word" id="word_1_335" title="bbox 4117 5195 4238 5263; x_wconf 90" lang="ita" dir="ltr" xml:lang="ita">lati,</span>
            <span class="ocrx_word" id="word_1_336" title="bbox 4268 5196 4417 5253; x_wconf 95" lang="ita" dir="ltr" xml:lang="ita">oltre</span>
            <span class="ocrx_word" id="word_1_337" title="bbox 4443 5195 4486 5252; x_wconf 99" lang="ita" dir="ltr" xml:lang="ita">il</span>
          </span>
          <span class="ocr_line" id="line_1_42" title="bbox 706 5291 4487 5366; baseline 0 -17">
            <span class="ocrx_word" id="word_1_338" title="bbox 706 5300 1049 5349; x_wconf 95" lang="ita" dir="ltr" xml:lang="ita">trovarsene</span>
            <span class="ocrx_word" id="word_1_339" title="bbox 1079 5310 1197 5349; x_wconf 95" lang="ita" dir="ltr" xml:lang="ita">con</span>
            <span class="ocrx_word" id="word_1_340" title="bbox 1226 5291 1450 5349; x_wconf 95" lang="ita" dir="ltr" xml:lang="ita">variata</span>
            <span class="ocrx_word" id="word_1_341" title="bbox 1479 5291 1892 5366; x_wconf 95" lang="ita" dir="ltr" xml:lang="ita">disposizione</span>
            <span class="ocrx_word" id="word_1_342" title="bbox 1922 5292 2107 5349; x_wconf 92" lang="ita" dir="ltr" xml:lang="ita">molte</span>
            <span class="ocrx_word" id="word_1_343" title="bbox 2138 5291 2228 5349; x_wconf 91" lang="ita" dir="ltr" xml:lang="ita">fra</span>
            <span class="ocrx_word" id="word_1_344" title="bbox 2255 5291 2299 5348; x_wconf 99" lang="ita" dir="ltr" xml:lang="ita">il</span>
            <span class="ocrx_word" id="word_1_345" title="bbox 2328 5300 2499 5349; x_wconf 95" lang="ita" dir="ltr" xml:lang="ita">testo.</span>
            <span class="ocrx_word" id="word_1_346" title="bbox 2532 5291 2733 5349; x_wconf 84" lang="ita" dir="ltr" xml:lang="ita">Infatti</span>
            <span class="ocrx_word" id="word_1_347" title="bbox 2764 5291 2824 5349; x_wconf 98" lang="ita" dir="ltr" xml:lang="ita">vi</span>
            <span class="ocrx_word" id="word_1_348" title="bbox 2857 5310 3007 5349; x_wconf 97" lang="ita" dir="ltr" xml:lang="ita">sono</span>
            <span class="ocrx_word" id="word_1_349" title="bbox 3038 5291 3198 5349; x_wconf 95" lang="ita" dir="ltr" xml:lang="ita">circa</span>
            <span class="ocrx_word" id="word_1_350" title="bbox 3226 5292 3305 5349; x_wconf 88" lang="ita" xml:lang="ita">20</span>
            <span class="ocrx_word" id="word_1_351" title="bbox 3336 5291 3531 5366; x_wconf 91" lang="ita" dir="ltr" xml:lang="ita">figure</span>
            <span class="ocrx_word" id="word_1_352" title="bbox 3560 5291 3853 5366; x_wconf 92" lang="ita" dir="ltr" xml:lang="ita">impresse</span>
            <span class="ocrx_word" id="word_1_353" title="bbox 3884 5291 3974 5349; x_wconf 91" lang="ita" dir="ltr" xml:lang="ita">fra</span>
            <span class="ocrx_word" id="word_1_354" title="bbox 4001 5291 4044 5348; x_wconf 99" lang="ita" dir="ltr" xml:lang="ita">il</span>
            <span class="ocrx_word" id="word_1_355" title="bbox 4073 5300 4227 5349; x_wconf 95" lang="ita" dir="ltr" xml:lang="ita">testo</span>
            <span class="ocrx_word" id="word_1_356" title="bbox 4258 5310 4291 5349; x_wconf 99" lang="ita" dir="ltr" xml:lang="ita">e</span>
            <span class="ocrx_word" id="word_1_357" title="bbox 4323 5292 4398 5349; x_wconf 84" lang="ita" xml:lang="ita">38</span>
            <span class="ocrx_word" id="word_1_358" title="bbox 4432 5292 4487 5349; x_wconf 98" lang="ita" dir="ltr" xml:lang="ita">al</span>
          </span>
          <span class="ocr_line" id="line_1_43" title="bbox 709 5387 4488 5462; baseline -0 -17">
            <span class="ocrx_word" id="word_1_359" title="bbox 709 5387 942 5462; x_wconf 95" lang="ita" dir="ltr" xml:lang="ita">seguito</span>
            <span class="ocrx_word" id="word_1_360" title="bbox 971 5396 1260 5462; x_wconf 92" lang="ita" dir="ltr" xml:lang="ita">stampate</span>
            <span class="ocrx_word" id="word_1_361" title="bbox 1285 5387 1348 5444; x_wconf 99" lang="ita" dir="ltr" xml:lang="ita">in</span>
            <span class="ocrx_word" id="word_1_362" title="bbox 1379 5388 1450 5446; x_wconf 89" lang="ita" xml:lang="ita">19</span>
            <span class="ocrx_word" id="word_1_363" title="bbox 1478 5387 1755 5462; x_wconf 91" lang="ita" dir="ltr" xml:lang="ita">foglietti.</span>
            <span class="ocrx_word" id="word_1_364" title="bbox 1783 5388 2046 5462; x_wconf 95" lang="ita" dir="ltr" xml:lang="ita">L’opera</span>
            <span class="ocrx_word" id="word_1_365" title="bbox 2068 5387 2130 5444; x_wconf 98" lang="ita" dir="ltr" xml:lang="ita">in</span>
            <span class="ocrx_word" id="word_1_366" title="bbox 2155 5388 2340 5462; x_wconf 97" lang="ita" dir="ltr" xml:lang="ita">luogo</span>
            <span class="ocrx_word" id="word_1_367" title="bbox 2366 5388 2600 5445; x_wconf 97" lang="ita" dir="ltr" xml:lang="ita">d’esser</span>
            <span class="ocrx_word" id="word_1_368" title="bbox 2624 5387 2821 5445; x_wconf 96" lang="ita" dir="ltr" xml:lang="ita">divisa</span>
            <span class="ocrx_word" id="word_1_369" title="bbox 2843 5387 2906 5444; x_wconf 99" lang="ita" dir="ltr" xml:lang="ita">in</span>
            <span class="ocrx_word" id="word_1_370" title="bbox 2928 5387 3227 5462; x_wconf 91" lang="ita" dir="ltr" xml:lang="ita">paragrafi</span>
            <span class="ocrx_word" id="word_1_371" title="bbox 3252 5388 3285 5445; x_wconf 86" lang="ita" dir="ltr" xml:lang="ita">è</span>
            <span class="ocrx_word" id="word_1_372" title="bbox 3309 5387 3573 5462; x_wconf 95" lang="ita" dir="ltr" xml:lang="ita">ripartita</span>
            <span class="ocrx_word" id="word_1_373" title="bbox 3595 5387 3658 5444; x_wconf 99" lang="ita" dir="ltr" xml:lang="ita">in</span>
            <span class="ocrx_word" id="word_1_374" title="bbox 3682 5389 3739 5444; x_wconf 89" lang="ita" dir="ltr" xml:lang="ita">X</span>
            <span class="ocrx_word" id="word_1_375" title="bbox 3765 5387 4011 5462; x_wconf 95" lang="ita" dir="ltr" xml:lang="ita">capitoli</span>
            <span class="ocrx_word" id="word_1_376" title="bbox 4036 5387 4328 5445; x_wconf 92" lang="ita" dir="ltr" xml:lang="ita">numerati</span>
            <span class="ocrx_word" id="word_1_377" title="bbox 4354 5406 4387 5445; x_wconf 99" lang="ita" dir="ltr" xml:lang="ita">e</span>
            <span class="ocrx_word" id="word_1_378" title="bbox 4413 5388 4488 5445; x_wconf 98" lang="ita" dir="ltr" xml:lang="ita">ad</span>
          </span>
          <span class="ocr_line" id="line_1_44" title="bbox 707 5483 4487 5558; baseline 0 -17">
            <span class="ocrx_word" id="word_1_379" title="bbox 707 5502 951 5558; x_wconf 97" lang="ita" dir="ltr" xml:lang="ita">ognuno</span>
            <span class="ocrx_word" id="word_1_380" title="bbox 985 5484 1018 5541; x_wconf 86" lang="ita" dir="ltr" xml:lang="ita">è</span>
            <span class="ocrx_word" id="word_1_381" title="bbox 1053 5492 1387 5558; x_wconf 95" lang="ita" dir="ltr" xml:lang="ita">sottoposta</span>
            <span class="ocrx_word" id="word_1_382" title="bbox 1420 5492 1890 5558; x_wconf 92" lang="ita" dir="ltr" xml:lang="ita">separatamente</span>
            <span class="ocrx_word" id="word_1_383" title="bbox 1923 5484 1981 5541; x_wconf 98" lang="ita" dir="ltr" xml:lang="ita">la</span>
            <span class="ocrx_word" id="word_1_384" title="bbox 2012 5483 2289 5541; x_wconf 96" lang="ita" dir="ltr" xml:lang="ita">versione</span>
            <span class="ocrx_word" id="word_1_385" title="bbox 2321 5483 2384 5540; x_wconf 99" lang="ita" dir="ltr" xml:lang="ita">in</span>
            <span class="ocrx_word" id="word_1_386" title="bbox 2416 5483 2689 5541; x_wconf 91" lang="ita" dir="ltr" xml:lang="ita">francese</span>
            <span class="ocrx_word" id="word_1_387" title="bbox 2723 5492 3006 5541; x_wconf 95" lang="ita" dir="ltr" xml:lang="ita">carattere</span>
            <span class="ocrx_word" id="word_1_388" title="bbox 3038 5483 3270 5541; x_wconf 92" lang="ita" dir="ltr" xml:lang="ita">minore</span>
            <span class="ocrx_word" id="word_1_389" title="bbox 3303 5484 3401 5541; x_wconf 99" lang="ita" dir="ltr" xml:lang="ita">del</span>
            <span class="ocrx_word" id="word_1_390" title="bbox 3434 5483 3636 5541; x_wconf 95" lang="ita" dir="ltr" xml:lang="ita">latino.</span>
            <span class="ocrx_word" id="word_1_391" title="bbox 3672 5485 3720 5540; x_wconf 94" lang="ita" dir="ltr" xml:lang="ita">E</span>
            <span class="ocrx_word" id="word_1_392" title="bbox 3751 5483 4060 5558; x_wconf 95" lang="ita" dir="ltr" xml:lang="ita">registrata</span>
            <span class="ocrx_word" id="word_1_393" title="bbox 4091 5502 4208 5541; x_wconf 95" lang="ita" dir="ltr" xml:lang="ita">con</span>
            <span class="ocrx_word" id="word_1_394" title="bbox 4242 5484 4370 5541; x_wconf 96" lang="ita" dir="ltr" xml:lang="ita">sole</span>
            <span class="ocrx_word" id="word_1_395" title="bbox 4402 5492 4487 5541; x_wconf 95" lang="ita" dir="ltr" xml:lang="ita">tre</span>
          </span>
          <span class="ocr_line" id="line_1_45" title="bbox 707 5579 4489 5654; baseline 0 -17">
            <span class="ocrx_word" id="word_1_396" title="bbox 707 5580 911 5637; x_wconf 95" lang="ita" dir="ltr" xml:lang="ita">lettere</span>
            <span class="ocrx_word" id="word_1_397" title="bbox 936 5580 1009 5637; x_wconf 85" lang="ita" dir="ltr" xml:lang="ita">A.</span>
            <span class="ocrx_word" id="word_1_398" title="bbox 1038 5581 1108 5637; x_wconf 91" lang="ita" dir="ltr" xml:lang="ita">B.</span>
            <span class="ocrx_word" id="word_1_399" title="bbox 1138 5580 1206 5637; x_wconf 90" lang="ita" dir="ltr" xml:lang="ita">C.</span>
            <span class="ocrx_word" id="word_1_400" title="bbox 1234 5598 1341 5654; x_wconf 95" lang="ita" dir="ltr" xml:lang="ita">per</span>
            <span class="ocrx_word" id="word_1_401" title="bbox 1365 5598 1564 5637; x_wconf 97" lang="ita" dir="ltr" xml:lang="ita">essere</span>
            <span class="ocrx_word" id="word_1_402" title="bbox 1590 5579 1947 5654; x_wconf 96" lang="ita" dir="ltr" xml:lang="ita">quinquerni</span>
            <span class="ocrx_word" id="word_1_403" title="bbox 1972 5579 2034 5636; x_wconf 98" lang="ita" dir="ltr" xml:lang="ita">in</span>
            <span class="ocrx_word" id="word_1_404" title="bbox 2057 5579 2259 5637; x_wconf 95" lang="ita" dir="ltr" xml:lang="ita">recedi</span>
            <span class="ocrx_word" id="word_1_405" title="bbox 2285 5579 2590 5654; x_wconf 93" lang="ita" dir="ltr" xml:lang="ita">quaderni:</span>
            <span class="ocrx_word" id="word_1_406" title="bbox 2621 5598 2654 5637; x_wconf 99" lang="ita" dir="ltr" xml:lang="ita">e</span>
            <span class="ocrx_word" id="word_1_407" title="bbox 2678 5579 3023 5637; x_wconf 95" lang="ita" dir="ltr" xml:lang="ita">riscontrasi</span>
            <span class="ocrx_word" id="word_1_408" title="bbox 3049 5598 3168 5637; x_wconf 97" lang="ita" dir="ltr" xml:lang="ita">una</span>
            <span class="ocrx_word" id="word_1_409" title="bbox 3191 5580 3393 5637; x_wconf 95" lang="ita" dir="ltr" xml:lang="ita">tavola</span>
            <span class="ocrx_word" id="word_1_410" title="bbox 3417 5579 3478 5637; x_wconf 99" lang="ita" dir="ltr" xml:lang="ita">di</span>
            <span class="ocrx_word" id="word_1_411" title="bbox 3502 5579 3607 5654; x_wconf 88" lang="ita" dir="ltr" xml:lang="ita">più</span>
            <span class="ocrx_word" id="word_1_412" title="bbox 3632 5580 3792 5637; x_wconf 98" lang="ita" dir="ltr" xml:lang="ita">della</span>
            <span class="ocrx_word" id="word_1_413" title="bbox 3818 5580 4082 5637; x_wconf 95" lang="ita" dir="ltr" xml:lang="ita">seconda</span>
            <span class="ocrx_word" id="word_1_414" title="bbox 4106 5579 4402 5647; x_wconf 90" lang="ita" dir="ltr" xml:lang="ita">edizione,</span>
            <span class="ocrx_word" id="word_1_415" title="bbox 4431 5580 4489 5637; x_wconf 98" lang="ita" dir="ltr" xml:lang="ita">la</span>
          </span>
          <span class="ocr_line" id="line_1_46" title="bbox 707 5674 3704 5749; baseline 0 -17">
            <span class="ocrx_word" id="word_1_416" title="bbox 707 5675 883 5749; x_wconf 96" lang="ita" dir="ltr" xml:lang="ita">quale</span>
            <span class="ocrx_word" id="word_1_417" title="bbox 908 5675 941 5732; x_wconf 87" lang="ita" dir="ltr" xml:lang="ita">e</span>
            <span class="ocrx_word" id="word_1_418" title="bbox 966 5674 1227 5732; x_wconf 92" lang="ita" dir="ltr" xml:lang="ita">l’ultima</span>
            <span class="ocrx_word" id="word_1_419" title="bbox 1250 5674 1361 5732; x_wconf 95" lang="ita" dir="ltr" xml:lang="ita">che</span>
            <span class="ocrx_word" id="word_1_420" title="bbox 1384 5683 1769 5749; x_wconf 95" lang="ita" dir="ltr" xml:lang="ita">rappresenta</span>
            <span class="ocrx_word" id="word_1_421" title="bbox 1791 5693 1909 5732; x_wconf 97" lang="ita" dir="ltr" xml:lang="ita">una</span>
            <span class="ocrx_word" id="word_1_422" title="bbox 1932 5693 2085 5732; x_wconf 97" lang="ita" dir="ltr" xml:lang="ita">nave</span>
            <span class="ocrx_word" id="word_1_423" title="bbox 2110 5693 2228 5732; x_wconf 95" lang="ita" dir="ltr" xml:lang="ita">con</span>
            <span class="ocrx_word" id="word_1_424" title="bbox 2251 5693 2332 5732; x_wconf 97" lang="ita" dir="ltr" xml:lang="ita">un</span>
            <span class="ocrx_word" id="word_1_425" title="bbox 2356 5674 2555 5732; x_wconf 90" lang="ita" dir="ltr" xml:lang="ita">Cristo</span>
            <span class="ocrx_word" id="word_1_426" title="bbox 2581 5674 2840 5749; x_wconf 91" lang="ita" dir="ltr" xml:lang="ita">figurato</span>
            <span class="ocrx_word" id="word_1_427" title="bbox 2868 5675 3020 5732; x_wconf 97" lang="ita" dir="ltr" xml:lang="ita">sulla</span>
            <span class="ocrx_word" id="word_1_428" title="bbox 3042 5675 3161 5732; x_wconf 95" lang="ita" dir="ltr" xml:lang="ita">tela</span>
            <span class="ocrx_word" id="word_1_429" title="bbox 3184 5693 3217 5732; x_wconf 99" lang="ita" dir="ltr" xml:lang="ita">e</span>
            <span class="ocrx_word" id="word_1_430" title="bbox 3242 5674 3367 5732; x_wconf 96" lang="ita" dir="ltr" xml:lang="ita">vari</span>
            <span class="ocrx_word" id="word_1_431" title="bbox 3393 5674 3592 5749; x_wconf 98" lang="ita" dir="ltr" xml:lang="ita">angeli</span>
            <span class="ocrx_word" id="word_1_432" title="bbox 3617 5693 3704 5732; x_wconf 95" lang="ita" dir="ltr" xml:lang="ita">ec.</span>
          </span>
        </p>
        <p class="ocr_par" dir="ltr" id="par_1_11" title="bbox 705 5770 4486 5940">
          <span class="ocr_line" id="line_1_47" title="bbox 706 5770 4486 5845; baseline 0 -18">
            <span class="ocrx_word" id="word_1_433" title="bbox 706 5772 773 5827; x_wconf 98" lang="ita" dir="ltr" xml:lang="ita">In</span>
            <span class="ocrx_word" id="word_1_434" title="bbox 809 5770 934 5828; x_wconf 93" lang="ita" dir="ltr" xml:lang="ita">fine</span>
            <span class="ocrx_word" id="word_1_435" title="bbox 970 5770 1336 5828; x_wconf 93" lang="ita" dir="ltr" xml:lang="ita">nell’ultimo</span>
            <span class="ocrx_word" id="word_1_436" title="bbox 1375 5770 1652 5845; x_wconf 93" lang="ita" dir="ltr" xml:lang="ita">foglietto</span>
            <span class="ocrx_word" id="word_1_437" title="bbox 1687 5773 2051 5844; x_wconf 85" lang="ita" dir="ltr" xml:lang="ita">Impressum</span>
            <span class="ocrx_word" id="word_1_438" title="bbox 2091 5770 2242 5828; x_wconf 90" lang="ita" dir="ltr" xml:lang="ita">Tulli</span>
            <span class="ocrx_word" id="word_1_439" title="bbox 2277 5791 2441 5828; x_wconf 91" lang="ita" dir="ltr" xml:lang="ita">anno</span>
            <span class="ocrx_word" id="word_1_440" title="bbox 2482 5770 2798 5828; x_wconf 90" lang="ita" dir="ltr" xml:lang="ita">Catholice</span>
            <span class="ocrx_word" id="word_1_441" title="bbox 2836 5773 3104 5828; x_wconf 89" lang="ita" dir="ltr" xml:lang="ita">veritatis</span>
            <span class="ocrx_word" id="word_1_442" title="bbox 3143 5771 3299 5828; x_wconf 87" lang="ita" xml:lang="ita">
              <em>1521</em>
            </span>
            <span class="ocrx_word" id="word_1_443" title="bbox 3346 5773 3451 5828; x_wconf 90" lang="ita" dir="ltr" xml:lang="ita">VII</span>
            <span class="ocrx_word" id="word_1_444" title="bbox 3478 5771 3621 5828; x_wconf 79" lang="ita" dir="ltr" xml:lang="ita">[dus</span>
            <span class="ocrx_word" id="word_1_445" title="bbox 3657 5771 4013 5844; x_wconf 88" lang="ita" dir="ltr" xml:lang="ita">septembris</span>
            <span class="ocrx_word" id="word_1_446" title="bbox 4049 5770 4260 5828; x_wconf 90" lang="ita" dir="ltr" xml:lang="ita">solerti</span>
            <span class="ocrx_word" id="word_1_447" title="bbox 4296 5790 4486 5844; x_wconf 91" lang="ita" dir="ltr" xml:lang="ita">opera</span>
          </span>
          <span class="ocr_line" id="line_1_48" title="bbox 705 5866 2217 5940; baseline 0 -16">
            <span class="ocrx_word" id="word_1_448" title="bbox 705 5869 870 5924; x_wconf 90" lang="ita" dir="ltr" xml:lang="ita">Petri</span>
            <span class="ocrx_word" id="word_1_449" title="bbox 892 5867 1114 5924; x_wconf 90" lang="ita" dir="ltr" xml:lang="ita">Jacobi</span>
            <span class="ocrx_word" id="word_1_450" title="bbox 1136 5867 1467 5924; x_wconf 90" lang="ita" dir="ltr" xml:lang="ita">Presbiteri</span>
            <span class="ocrx_word" id="word_1_451" title="bbox 1488 5866 1695 5924; x_wconf 90" lang="ita" dir="ltr" xml:lang="ita">Incole</span>
            <span class="ocrx_word" id="word_1_452" title="bbox 1719 5869 1876 5940; x_wconf 90" lang="ita" dir="ltr" xml:lang="ita">Pagi</span>
            <span class="ocrx_word" id="word_1_453" title="bbox 1900 5868 1940 5924; x_wconf 89" lang="ita" dir="ltr" xml:lang="ita">
              <em>S</em>
            </span>
            <span class="ocrx_word" id="word_1_454" title="bbox 1959 5866 2217 5924; x_wconf 89" lang="ita" dir="ltr" xml:lang="ita">Nicolai.</span>
          </span>
        </p>
        <p class="ocr_par" dir="ltr" id="par_1_12" title="bbox 705 5962 4488 6229">
          <span class="ocr_line" id="line_1_49" title="bbox 706 5962 4486 6037; baseline 0 -17">
            <span class="ocrx_word" id="word_1_455" title="bbox 706 5964 790 6020; x_wconf 97" lang="ita" dir="ltr" xml:lang="ita">Le</span>
            <span class="ocrx_word" id="word_1_456" title="bbox 819 5963 1019 6020; x_wconf 95" lang="ita" dir="ltr" xml:lang="ita">tavole</span>
            <span class="ocrx_word" id="word_1_457" title="bbox 1048 5963 1385 6037; x_wconf 95" lang="ita" dir="ltr" xml:lang="ita">dell’opera</span>
            <span class="ocrx_word" id="word_1_458" title="bbox 1414 5981 1565 6020; x_wconf 97" lang="ita" dir="ltr" xml:lang="ita">sono</span>
            <span class="ocrx_word" id="word_1_459" title="bbox 1595 5962 1905 6037; x_wconf 95" lang="ita" dir="ltr" xml:lang="ita">disegnate</span>
            <span class="ocrx_word" id="word_1_460" title="bbox 1935 5981 2052 6020; x_wconf 95" lang="ita" dir="ltr" xml:lang="ita">con</span>
            <span class="ocrx_word" id="word_1_461" title="bbox 2081 5963 2220 6037; x_wconf 96" lang="ita" dir="ltr" xml:lang="ita">quel</span>
            <span class="ocrx_word" id="word_1_462" title="bbox 2250 5981 2393 6020; x_wconf 98" lang="ita" dir="ltr" xml:lang="ita">vero</span>
            <span class="ocrx_word" id="word_1_463" title="bbox 2424 5971 2599 6037; x_wconf 95" lang="ita" dir="ltr" xml:lang="ita">gusto</span>
            <span class="ocrx_word" id="word_1_464" title="bbox 2629 5962 2741 6020; x_wconf 95" lang="ita" dir="ltr" xml:lang="ita">che</span>
            <span class="ocrx_word" id="word_1_465" title="bbox 2773 5962 2822 6020; x_wconf 96" lang="ita" dir="ltr" xml:lang="ita">si</span>
            <span class="ocrx_word" id="word_1_466" title="bbox 2853 5963 3110 6020; x_wconf 95" lang="ita" dir="ltr" xml:lang="ita">accorda</span>
            <span class="ocrx_word" id="word_1_467" title="bbox 3139 5963 3188 6020; x_wconf 85" lang="ita" dir="ltr" xml:lang="ita">si</span>
            <span class="ocrx_word" id="word_1_468" title="bbox 3215 5963 3370 6020; x_wconf 99" lang="ita" dir="ltr" xml:lang="ita">bene</span>
            <span class="ocrx_word" id="word_1_469" title="bbox 3400 5963 3560 6020; x_wconf 96" lang="ita" dir="ltr" xml:lang="ita">colla</span>
            <span class="ocrx_word" id="word_1_470" title="bbox 3590 5962 3928 6037; x_wconf 82" lang="ita" dir="ltr" xml:lang="ita">semplicità</span>
            <span class="ocrx_word" id="word_1_471" title="bbox 3955 5962 4053 6020; x_wconf 99" lang="ita" dir="ltr" xml:lang="ita">dei</span>
            <span class="ocrx_word" id="word_1_472" title="bbox 4082 5962 4268 6037; x_wconf 92" lang="ita" dir="ltr" xml:lang="ita">tempi</span>
            <span class="ocrx_word" id="word_1_473" title="bbox 4297 5962 4359 6019; x_wconf 98" lang="ita" dir="ltr" xml:lang="ita">in</span>
            <span class="ocrx_word" id="word_1_474" title="bbox 4388 5962 4486 6020; x_wconf 95" lang="ita" dir="ltr" xml:lang="ita">cui</span>
          </span>
          <span class="ocr_line" id="line_1_50" title="bbox 707 6058 4488 6133; baseline -0 -17">
            <span class="ocrx_word" id="word_1_475" title="bbox 707 6059 962 6116; x_wconf 95" lang="ita" dir="ltr" xml:lang="ita">l’autore</span>
            <span class="ocrx_word" id="word_1_476" title="bbox 1001 6077 1253 6116; x_wconf 95" lang="ita" dir="ltr" xml:lang="ita">cercava</span>
            <span class="ocrx_word" id="word_1_477" title="bbox 1290 6058 1351 6116; x_wconf 99" lang="ita" dir="ltr" xml:lang="ita">di</span>
            <span class="ocrx_word" id="word_1_478" title="bbox 1388 6077 1563 6133; x_wconf 96" lang="ita" dir="ltr" xml:lang="ita">porre</span>
            <span class="ocrx_word" id="word_1_479" title="bbox 1601 6058 1663 6115; x_wconf 98" lang="ita" dir="ltr" xml:lang="ita">in</span>
            <span class="ocrx_word" id="word_1_480" title="bbox 1701 6058 1994 6116; x_wconf 96" lang="ita" dir="ltr" xml:lang="ita">evidenza</span>
            <span class="ocrx_word" id="word_1_481" title="bbox 2029 6058 2135 6133; x_wconf 89" lang="ita" dir="ltr" xml:lang="ita">più</span>
            <span class="ocrx_word" id="word_1_482" title="bbox 2173 6059 2345 6116; x_wconf 95" lang="ita" dir="ltr" xml:lang="ita">l’arte</span>
            <span class="ocrx_word" id="word_1_483" title="bbox 2384 6058 2495 6116; x_wconf 95" lang="ita" dir="ltr" xml:lang="ita">che</span>
            <span class="ocrx_word" id="word_1_484" title="bbox 2537 6059 2600 6116; x_wconf 87" lang="ita" dir="ltr" xml:lang="ita">se</span>
            <span class="ocrx_word" id="word_1_485" title="bbox 2639 6058 2977 6116; x_wconf 92" lang="ita" dir="ltr" xml:lang="ita">medesimo</span>
            <span class="ocrx_word" id="word_1_486" title="bbox 3017 6077 3050 6116; x_wconf 99" lang="ita" dir="ltr" xml:lang="ita">e</span>
            <span class="ocrx_word" id="word_1_487" title="bbox 3090 6077 3404 6133; x_wconf 95" lang="ita" dir="ltr" xml:lang="ita">appagano</span>
            <span class="ocrx_word" id="word_1_488" title="bbox 3444 6059 3870 6133; x_wconf 92" lang="ita" dir="ltr" xml:lang="ita">grandemente</span>
            <span class="ocrx_word" id="word_1_489" title="bbox 3907 6077 4014 6133; x_wconf 95" lang="ita" dir="ltr" xml:lang="ita">per</span>
            <span class="ocrx_word" id="word_1_490" title="bbox 4051 6058 4488 6133; x_wconf 95" lang="ita" dir="ltr" xml:lang="ita">l’intelligenza</span>
          </span>
          <span class="ocr_line" id="line_1_51" title="bbox 705 6154 3012 6229; baseline 0 -17">
            <span class="ocrx_word" id="word_1_491" title="bbox 705 6154 1087 6229; x_wconf 90" lang="ita" dir="ltr" xml:lang="ita">prospettica,</span>
            <span class="ocrx_word" id="word_1_492" title="bbox 1114 6154 1157 6211; x_wconf 99" lang="ita" dir="ltr" xml:lang="ita">il</span>
            <span class="ocrx_word" id="word_1_493" title="bbox 1182 6163 1356 6229; x_wconf 95" lang="ita" dir="ltr" xml:lang="ita">gusto</span>
            <span class="ocrx_word" id="word_1_494" title="bbox 1382 6155 1480 6212; x_wconf 99" lang="ita" dir="ltr" xml:lang="ita">del</span>
            <span class="ocrx_word" id="word_1_495" title="bbox 1505 6154 1779 6229; x_wconf 90" lang="ita" dir="ltr" xml:lang="ita">disegno,</span>
            <span class="ocrx_word" id="word_1_496" title="bbox 1809 6173 1989 6212; x_wconf 97" lang="ita" dir="ltr" xml:lang="ita">senza</span>
            <span class="ocrx_word" id="word_1_497" title="bbox 2014 6154 2331 6212; x_wconf 95" lang="ita" dir="ltr" xml:lang="ita">soverchio</span>
            <span class="ocrx_word" id="word_1_498" title="bbox 2357 6155 2523 6212; x_wconf 96" lang="ita" dir="ltr" xml:lang="ita">lusso</span>
            <span class="ocrx_word" id="word_1_499" title="bbox 2549 6154 2610 6212; x_wconf 99" lang="ita" dir="ltr" xml:lang="ita">di</span>
            <span class="ocrx_word" id="word_1_500" title="bbox 2635 6154 3012 6212; x_wconf 95" lang="ita" dir="ltr" xml:lang="ita">esecuzione.</span>
          </span>
        </p>
        <p class="ocr_par" dir="ltr" id="par_1_13" title="bbox 706 6249 4487 6516">
          <span class="ocr_line" id="line_1_52" title="bbox 706 6249 4480 6324; baseline 0 -17">
            <span class="ocrx_word" id="word_1_501" title="bbox 706 6250 885 6307; x_wconf 93" lang="ita" dir="ltr" xml:lang="ita">Nella</span>
            <span class="ocrx_word" id="word_1_502" title="bbox 919 6250 1239 6307; x_wconf 95" lang="ita" dir="ltr" xml:lang="ita">cattedrale</span>
            <span class="ocrx_word" id="word_1_503" title="bbox 1275 6249 1336 6307; x_wconf 99" lang="ita" dir="ltr" xml:lang="ita">di</span>
            <span class="ocrx_word" id="word_1_504" title="bbox 1371 6249 1571 6307; x_wconf 96" lang="ita" dir="ltr" xml:lang="ita">Tullio</span>
            <span class="ocrx_word" id="word_1_505" title="bbox 1607 6249 1861 6307; x_wconf 97" lang="ita" dir="ltr" xml:lang="ita">Fiandra</span>
            <span class="ocrx_word" id="word_1_506" title="bbox 1895 6249 2126 6324; x_wconf 97" lang="ita" dir="ltr" xml:lang="ita">leggesi</span>
            <span class="ocrx_word" id="word_1_507" title="bbox 2161 6249 2205 6306; x_wconf 99" lang="ita" dir="ltr" xml:lang="ita">il</span>
            <span class="ocrx_word" id="word_1_508" title="bbox 2243 6268 2352 6307; x_wconf 96" lang="ita" dir="ltr" xml:lang="ita">suo</span>
            <span class="ocrx_word" id="word_1_509" title="bbox 2389 6249 2638 6324; x_wconf 91" lang="ita" dir="ltr" xml:lang="ita">epitafio</span>
            <span class="ocrx_word" id="word_1_510" title="bbox 2675 6249 2787 6307; x_wconf 95" lang="ita" dir="ltr" xml:lang="ita">che</span>
            <span class="ocrx_word" id="word_1_511" title="bbox 2823 6249 3126 6307; x_wconf 92" lang="ita" dir="ltr" xml:lang="ita">comincia</span>
            <span class="ocrx_word" id="word_1_512" title="bbox 3164 6249 3521 6307; x_wconf 89" lang="ita" dir="ltr" xml:lang="ita">Venerabile</span>
            <span class="ocrx_word" id="word_1_513" title="bbox 3555 6252 3823 6307; x_wconf 87" lang="ita" dir="ltr" xml:lang="ita">Domino</span>
            <span class="ocrx_word" id="word_1_514" title="bbox 3858 6252 4096 6307; x_wconf 90" lang="ita" dir="ltr" xml:lang="ita">Joanne</span>
            <span class="ocrx_word" id="word_1_515" title="bbox 4131 6252 4480 6323; x_wconf 87" lang="ita" dir="ltr" xml:lang="ita">Peregrino,</span>
          </span>
          <span class="ocr_line" id="line_1_53" title="bbox 707 6345 4485 6419; baseline 0 -16">
            <span class="ocrx_word" id="word_1_516" title="bbox 707 6345 851 6403; x_wconf 88" lang="ita" dir="ltr" xml:lang="ita">olim</span>
            <span class="ocrx_word" id="word_1_517" title="bbox 901 6348 1142 6413; x_wconf 89" lang="ita" dir="ltr" xml:lang="ita">Viatori,</span>
            <span class="ocrx_word" id="word_1_518" title="bbox 1190 6346 1540 6419; x_wconf 83" lang="ita" dir="ltr" xml:lang="ita">Andegavo,</span>
            <span class="ocrx_word" id="word_1_519" title="bbox 1594 6346 1769 6403; x_wconf 90" lang="ita" dir="ltr" xml:lang="ita">huius</span>
            <span class="ocrx_word" id="word_1_520" title="bbox 1813 6345 2092 6403; x_wconf 90" lang="ita" dir="ltr" xml:lang="ita">Ecclesia</span>
            <span class="ocrx_word" id="word_1_521" title="bbox 2142 6347 2473 6413; x_wconf 90" lang="ita" dir="ltr" xml:lang="ita">Canonico,</span>
            <span class="ocrx_word" id="word_1_522" title="bbox 2524 6348 2717 6419; x_wconf 86" lang="ita" dir="ltr" xml:lang="ita">Regio</span>
            <span class="ocrx_word" id="word_1_523" title="bbox 2763 6346 3070 6419; x_wconf 82" lang="ita" dir="ltr" xml:lang="ita">quonalam</span>
            <span class="ocrx_word" id="word_1_524" title="bbox 3115 6348 3462 6413; x_wconf 90" lang="ita" dir="ltr" xml:lang="ita">secretario,</span>
            <span class="ocrx_word" id="word_1_525" title="bbox 3508 6348 3891 6419; x_wconf 85" lang="ita" dir="ltr" xml:lang="ita">perspective</span>
            <span class="ocrx_word" id="word_1_526" title="bbox 3937 6348 4086 6403; x_wconf 90" lang="ita" dir="ltr" xml:lang="ita">artis</span>
            <span class="ocrx_word" id="word_1_527" title="bbox 4132 6348 4485 6403; x_wconf 88" lang="ita" dir="ltr" xml:lang="ita">acutissimo</span>
          </span>
          <span class="ocr_line" id="line_1_54" title="bbox 709 6441 4487 6516; baseline -0 -17">
            <span class="ocrx_word" id="word_1_528" title="bbox 709 6442 1056 6515; x_wconf 84" lang="ita" dir="ltr" xml:lang="ita">indagatori</span>
            <span class="ocrx_word" id="word_1_529" title="bbox 1084 6442 1349 6499; x_wconf 84" lang="ita" dir="ltr" xml:lang="ita">dottrina</span>
            <span class="ocrx_word" id="word_1_530" title="bbox 1381 6453 1439 6499; x_wconf 97" lang="ita" dir="ltr" xml:lang="ita">et</span>
            <span class="ocrx_word" id="word_1_531" title="bbox 1465 6442 1736 6499; x_wconf 87" lang="ita" dir="ltr" xml:lang="ita">moribus</span>
            <span class="ocrx_word" id="word_1_532" title="bbox 1758 6444 2090 6515; x_wconf 89" lang="ita" dir="ltr" xml:lang="ita">perspicuo</span>
            <span class="ocrx_word" id="word_1_533" title="bbox 2122 6461 2204 6499; x_wconf 93" lang="ita" dir="ltr" xml:lang="ita">ec.</span>
            <span class="ocrx_word" id="word_1_534" title="bbox 2241 6442 2405 6499; x_wconf 87" lang="ita" dir="ltr" xml:lang="ita">Morì</span>
            <span class="ocrx_word" id="word_1_535" title="bbox 2435 6442 2533 6499; x_wconf 99" lang="ita" dir="ltr" xml:lang="ita">nel</span>
            <span class="ocrx_word" id="word_1_536" title="bbox 2571 6441 2724 6499; x_wconf 83" lang="ita" xml:lang="ita">1523</span>
            <span class="ocrx_word" id="word_1_537" title="bbox 2758 6442 2813 6499; x_wconf 98" lang="ita" dir="ltr" xml:lang="ita">al</span>
            <span class="ocrx_word" id="word_1_538" title="bbox 2841 6441 3037 6516; x_wconf 92" lang="ita" dir="ltr" xml:lang="ita">primo</span>
            <span class="ocrx_word" id="word_1_539" title="bbox 3069 6441 3361 6509; x_wconf 90" lang="ita" dir="ltr" xml:lang="ita">febbraio,</span>
            <span class="ocrx_word" id="word_1_540" title="bbox 3394 6441 3676 6499; x_wconf 87" lang="ita" dir="ltr" xml:lang="ita">cosicché</span>
            <span class="ocrx_word" id="word_1_541" title="bbox 3709 6442 3911 6512; x_wconf 92" lang="ita" dir="ltr" xml:lang="ita">(come</span>
            <span class="ocrx_word" id="word_1_542" title="bbox 3942 6441 4174 6516; x_wconf 97" lang="ita" dir="ltr" xml:lang="ita">leggesi</span>
            <span class="ocrx_word" id="word_1_543" title="bbox 4205 6441 4395 6499; x_wconf 96" lang="ita" dir="ltr" xml:lang="ita">anche</span>
            <span class="ocrx_word" id="word_1_544" title="bbox 4424 6441 4487 6498; x_wconf 99" lang="ita" dir="ltr" xml:lang="ita">in</span>
          </span>
        </p>
      </div>
      <div class="ocr_carea" id="block_1_10" title="bbox 521 6604 4439 6608">
        <p class="ocr_par" dir="ltr" id="par_1_14" title="bbox 521 6604 4439 6608">
          <span class="ocr_line" id="line_1_55" title="bbox 521 6604 4439 6608; baseline 0 0">
            <span class="ocrx_word" id="word_1_545" title="bbox 521 6604 4439 6608; x_wconf 95" lang="ita" dir="ltr" xml:lang="ita"> </span>
          </span>
        </p>
      </div>
      <div class="ocr_carea" id="block_1_11" title="bbox 2171 6637 2791 6710">
        <p class="ocr_par" dir="ltr" id="par_1_15" title="bbox 2171 6637 2791 6710">
          <span class="ocr_line" id="line_1_56" title="bbox 2171 6637 2791 6710; baseline 0 -16">
            <span class="ocrx_word" id="word_1_546" title="bbox 2171 6657 2347 6694; x_wconf 88" lang="ita" dir="ltr" xml:lang="ita">WWW.</span>
            <span class="ocrx_word" id="word_1_547" title="bbox 2358 6637 2734 6710; x_wconf 86" lang="ita" dir="ltr" xml:lang="ita">memofonte.</span>
            <span class="ocrx_word" id="word_1_548" title="bbox 2748 6639 2791 6694; x_wconf 90" lang="ita" dir="ltr" xml:lang="ita">it</span>
          </span>
        </p>
      </div>
    </div>
  </body>
</html>
