4958 7017
1981 864 2366 922 Fondazione
2390 838 2775 922 Memofonte
2800 865 2976 922 onlus

1390 960 1600 1018 Studio
1624 979 1731 1035 per
1754 960 2226 1018 l’elaborazione
2250 960 2632 1018 informatica
2655 961 2813 1018 delle
2838 960 2991 1018 fonti
3018 960 3571 1018 storico—artistiche

470 1347 636 1416 755.
679 1348 961 1416 CARINI
995 1349 1233 1416 Motta
1273 1347 1674 1429 Fabbricio,
1720 1349 2031 1416 Trattato
2077 1369 2289 1437 sopra
2329 1347 2399 1416 la
2442 1358 2771 1416 struttura
2812 1347 2925 1416 de’
2975 1347 3177 1416 teatri
3221 1369 3260 1416 e
3305 1369 3542 1429 scene,
3589 1347 3722 1416 che
3767 1348 3829 1416 a’
3880 1347 4103 1416 nostri
4148 1347 4380 1437 giorni
4426 1347 4485 1416 si

708 1473 1157 1544 costumano,
1191 1462 1565 1531 Guastalla
1601 1462 1810 1544 1676,
1843 1462 1917 1530 in
1946 1462 2073 1531 fol.
2106 1462 2245 1552 pic.
2279 1462 2405 1552 fig.
2440 1463 2602 1531 Con
2630 1462 2877 1531 undici
2906 1462 3147 1531 tavole
3176 1462 3543 1552 intagliate
3572 1462 3646 1530 in
3675 1484 3891 1531 rame.

709 1574 786 1631 Se
827 1573 876 1631 si
913 1582 1226 1648 potessero
1266 1574 1343 1631 da
1379 1574 1674 1648 un’opera
1713 1573 2095 1648 somigliante
2134 1574 2445 1631 escludere
2483 1573 2526 1630 il
2563 1574 2729 1631 buon
2768 1582 2943 1648 gusto
2983 1592 3016 1631 e
3055 1574 3113 1631 la
3150 1573 3474 1641 comodità,
3516 1582 3727 1648 questa
3767 1574 4016 1631 sarebbe
4055 1574 4132 1631 da
4168 1573 4386 1631 tenersi
4424 1573 4487 1630 in

707 1669 961 1744 qualche
987 1669 1216 1744 pregio:
1249 1688 1348 1727 ma
1373 1669 1393 1726 i
1421 1669 1615 1727 difetti
1643 1670 1701 1727 la
1728 1669 1991 1727 vincono
2022 1670 2172 1727 sulle
2198 1670 2469 1727 bellezze
2497 1688 2530 1727 e
2557 1688 2679 1727 non
2708 1688 2878 1727 serve
2906 1669 3017 1727 che
3046 1688 3080 1727 a
3105 1678 3270 1727 tener
3296 1669 3589 1727 memoria
3614 1670 3775 1727 nella
3803 1669 3984 1727 storia
4010 1670 4168 1727 delle
4197 1669 4302 1727 arti
4330 1670 4490 1727 della

705 1765 969 1823 bizzaria
992 1766 1090 1823 del
1115 1774 1289 1840 gusto
1315 1765 1376 1823 di
1401 1766 1705 1840 quell’età.

478 1960 644 2029 756.
674 1961 1268 2029 CHIARAMONTE
1293 1960 1658 2050 Scipione,
1691 1960 1903 2029 Delle
1935 1982 2150 2029 scene
2180 1982 2219 2029 e
2247 1960 2471 2042 teatri,
2506 1961 2791 2029 Cesena
2827 1960 3035 2042 1670,
3068 1960 3142 2028 in
3175 1961 3238 2042 8,
3271 1960 3398 2050 fig.
3433 1982 3652 2050 opera
3678 1971 4034 2050 postuma.

707 2072 842 2129 Con
867 2072 1079 2129 alcune
1105 2071 1299 2146 figure
1324 2071 1738 2129 dimostrative
1762 2071 2068 2146 intagliate
2092 2071 2155 2128 in
2179 2072 2377 2146 legno.
2407 2072 2812 2146 Quest’opera
2833 2071 3110 2146 riguarda
3135 2072 3391 2129 soltanto
3417 2072 3475 2129 la
3496 2080 3661 2146 parte
3684 2071 4065 2146 prospettica.

474 2267 640 2336 757.
675 2269 1054 2349 DUMONT,
1088 2267 1326 2357 Projet
1355 2267 1578 2336 d’une
1611 2267 1787 2336 salle
1819 2267 1908 2336 de
1941 2267 2301 2357 spectacle
2330 2289 2513 2357 pour
2541 2267 2611 2336 la
2639 2267 2813 2336 ville
2845 2267 2934 2336 de
2965 2269 3193 2349 Brest,
3227 2267 3421 2336 Paris
3462 2268 3671 2349 1772,
3705 2267 3779 2335 in
3809 2267 3936 2336 fol.
3970 2268 4090 2336 Au
4120 2267 4288 2357 quel
4320 2289 4415 2336 on
4448 2289 4488 2336 a

698 2382 889 2472 joint
915 2382 1271 2472 plusieurs
1304 2393 1534 2451 autres
1566 2382 1849 2451 dessins
1881 2383 2134 2472 graves
2164 2404 2290 2472 par
2317 2382 2386 2451 le
2415 2383 2655 2451 meme
2687 2393 2951 2464 auteur,
2983 2384 3089 2451 M.
3124 2383 3239 2452 90.

706 2495 773 2550 In
796 2502 944 2551 tutto
970 2493 1049 2551 26
1074 2494 1274 2551 tavole
1298 2493 1669 2551 nobilmente
1693 2493 1995 2551 inventate
2020 2512 2053 2551 e
2077 2493 2268 2551 incise
2294 2493 2451 2551 assai
2474 2494 2646 2551 bene.

474 2708 640 2777 758.
675 2709 963 2777 GIORGI
985 2708 1246 2790 Felice,
1280 2708 1754 2777 Descrizione
1784 2708 2074 2777 Isterica
2102 2708 2219 2777 del
2247 2719 2471 2777 teatro
2503 2708 2575 2777 di
2605 2710 2747 2777 Tor
2775 2708 2847 2777 di
2876 2710 3110 2790 Nona,
3143 2710 3380 2777 Roma
3416 2708 3624 2790 1795,
3657 2708 3731 2776 in
3759 2709 3827 2790 4,
3860 2708 4012 2798 fig.,
4044 2710 4150 2777 M.
4185 2708 4300 2777 62.

707 2820 842 2877 Con
868 2820 904 2878 9
933 2819 1141 2894 grandi
1167 2820 1367 2877 tavole
1393 2819 1455 2876 in
1479 2838 1643 2877 rame
1669 2819 1976 2894 intagliate
2003 2820 2080 2877 da
2104 2821 2274 2877 Tom.
2304 2819 2504 2877 Piroli.
2534 2821 2601 2876 In
2627 2828 2837 2894 questa
2864 2819 3045 2877 storia
3072 2819 3121 2877 si
3147 2828 3397 2877 trovano
3424 2819 3444 2876 i
3471 2819 3707 2894 disegni
3735 2820 3830 2877 de’
3862 2819 4207 2894 precedenti
4233 2819 4401 2877 teatri
4427 2819 4489 2876 in

707 2916 846 2990 quel
876 2917 954 2990 [p.
990 2916 1126 2985 142]
1157 2916 1360 2990 luogo,
1388 2915 1620 2973 crollali
1646 2915 1843 2973 avanti
1868 2916 2102 2973 d’esser
2125 2915 2315 2990 giunti
2341 2916 2396 2973 al
2421 2916 2512 2973 lor
2535 2915 2965 2990 compimento.
2993 2915 3152 2973 Vedi
3180 2918 3482 2989 Tarquini.

474 3110 640 3180 759.
670 3112 1301 3179 KNOBELSDORFF
1323 3112 1424 3179 Le
1454 3112 1714 3192 Baron,
1747 3110 1958 3179 Plans
1990 3110 2080 3179 de
2109 3110 2179 3179 la
2209 3110 2357 3179 sale
2387 3110 2477 3179 de
2506 3110 2787 3200 l’opera
2816 3111 2856 3179 à
2884 3110 3150 3192 Berlin,
3192 3111 3400 3192 1743,
3434 3110 3508 3178 in
3537 3110 3664 3179 fol.
3698 3110 3824 3200 fig.

706 3223 773 3278 In
808 3222 874 3278 11
909 3222 1109 3279 tavole
1140 3221 1189 3279 si
1216 3222 1399 3279 rende
1428 3230 1608 3279 conto
1638 3222 1827 3279 d’uno
1857 3222 1952 3279 de’
1986 3221 2092 3296 più
2118 3221 2282 3296 begli
2311 3221 2520 3279 edifici
2549 3221 2610 3279 di
2638 3221 2903 3289 Berlino,
2934 3222 3032 3279 nel
3061 3222 3237 3296 quale
3266 3222 3522 3279 l’autore
3552 3240 3586 3279 a
3612 3240 3824 3279 norma
3851 3222 3949 3279 del
3976 3222 4181 3279 buono
4213 3221 4345 3279 stile
4374 3221 4486 3279 che

708 3336 898 3375 aveva
932 3317 995 3374 in
1028 3317 1222 3392 prima
1257 3317 1545 3392 gioventù
1581 3318 1827 3375 dedotto
1864 3318 1941 3375 da
1975 3317 2350 3375 monumenti
2384 3317 2716 3392 pubblicati
2752 3317 3122 3385 d’antichità,
3163 3317 3213 3375 si
3249 3318 3551 3375 condusse
3588 3317 3746 3375 assai
3782 3317 4008 3392 meglio
4045 3317 4157 3375 che
4193 3336 4316 3375 non
4352 3317 4486 3375 fece

705 3413 1202 3488 posteriormente
1227 3414 1385 3471 nelle
1411 3414 1554 3471 altre
1579 3432 1761 3488 opere
1786 3432 1902 3471 ove
1927 3432 2121 3471 venne
2145 3413 2494 3488 impiegato,
2520 3413 2740 3488 poiché
2766 3414 2998 3471 cedette
3022 3413 3084 3470 in
3110 3413 3344 3488 seguito
3370 3432 3508 3471 esso
3532 3432 3678 3488 pure
3704 3414 3759 3471 al
3785 3422 3960 3488 gusto
3986 3413 4143 3471 falso
4169 3432 4202 3471 e
4227 3422 4487 3471 corrotto

707 3510 805 3567 del
832 3510 1056 3567 secolo.

470 3704 636 3773 760.
673 3706 1122 3773 LANDRIANI
1147 3704 1392 3786 Paolo,
1430 3704 1946 3773 Osservazioni
1982 3704 2091 3773 sui
2125 3704 2358 3773 difetti
2390 3704 2703 3794 prodotti
2736 3704 2853 3773 nei
2885 3704 3086 3773 teatri
3120 3704 3311 3773 dalla
3342 3704 3606 3773 cattiva
3637 3704 4093 3773 costruzione
4126 3704 4243 3773 del
4274 3704 4487 3794 palco

710 3819 1001 3888 scenico
1032 3841 1071 3888 e
1103 3841 1185 3888 su
1217 3819 1471 3888 alcune
1500 3819 2007 3888 inavvertenze
2036 3819 2154 3888 nel
2184 3819 2556 3909 dipingere
2585 3819 2654 3888 le
2684 3819 3167 3901 decorazioni,
3199 3819 3484 3888 Milano
3523 3819 3731 3901 1815,
3764 3819 3838 3887 in
3866 3820 3934 3901 4,
3967 3819 4093 3909 fig.
4126 3821 4232 3888 M.
4267 3819 4382 3888 66.

707 3931 842 3988 Con
870 3939 955 3988 tre
986 3949 1130 4005 gran
1159 3931 1360 3988 tavole
1389 3930 1451 3987 in
1479 3949 1660 3988 rame.
1696 3931 1925 4002 Questo
1959 3949 2197 3988 sommo
2226 3930 2594 4005 prospettico
2624 3931 2867 3988 teatrale
2896 3939 3066 3988 tratta
3094 3931 3152 3988 la
3180 3930 3428 3988 materia
3456 3949 3574 3988 con
3604 3949 3746 3988 vera
3772 3930 4119 4005 profondità
4147 3930 4208 3988 di
4237 3930 4424 3988 teorie
4454 3949 4487 3988 e

709 4027 975 4084 secondo
1001 4027 1057 4084 le
1084 4045 1188 4084 sue
1213 4026 1422 4084 ottime
1445 4026 1729 4101 pratiche.

474 4241 640 4310 761.
681 4243 1075 4310 LAURISSO
1108 4241 1498 4331 Tragiense
1537 4242 1785 4326 (nome
1824 4241 2211 4326 arcadico),
2251 4242 2388 4310 De’
2434 4241 2580 4310 vizi
2618 4263 2657 4310 e
2694 4241 2810 4310 dei
2848 4241 3081 4310 difetti
3119 4241 3236 4310 del
3273 4241 3623 4310 moderno
3659 4252 3883 4310 teatro
3922 4263 3961 4310 e
3998 4241 4115 4310 del
4151 4241 4374 4310 modo
4413 4241 4486 4310 di

708 4356 1140 4446 correggerli
1171 4356 1261 4425 ed
1290 4356 1705 4425 emendarli.
1740 4356 2295 4446 Ragionamenti
2328 4356 2453 4438 sei,
2486 4358 2723 4425 Roma
2760 4356 2968 4438 1753,
3001 4356 3075 4424 in
3103 4357 3171 4438 4,
3204 4356 3330 4446 fig.

702 4468 965 4542 L’opera
988 4468 1021 4525 è
1046 4467 1242 4525 divisa
1264 4467 1326 4524 in
1350 4468 1466 4525 due
1489 4467 1640 4542 parti
1664 4476 1895 4525 trattata
1916 4467 2021 4542 più
2045 4468 2122 4525 da
2144 4468 2409 4542 teologo,
2437 4467 2548 4525 che
2573 4468 2650 4525 da
2674 4467 3000 4535 architetto,
3028 4486 3145 4525 con
3168 4476 3253 4525 tre
3277 4468 3477 4525 tavole
3501 4467 3809 4542 intagliate
3833 4467 3895 4524 in
3917 4486 4081 4525 rame
4107 4468 4162 4525 al
4188 4467 4330 4525 fine.

478 4663 644 4732 762.
694 4665 981 4732 LEWIS
1030 4663 1413 4745 Giacomo,
1468 4663 1773 4753 Disegni
1826 4663 2159 4753 originali
2212 4663 2748 4732 d’architettura
2796 4685 2922 4753 per
2972 4685 3138 4732 case
3190 4663 3262 4732 di
3315 4663 3484 4732 città
3534 4685 3573 4732 e
3625 4663 3697 4732 di
3750 4685 4150 4753 campagna
4200 4685 4339 4732 con
4389 4685 4486 4732 un

706 4789 1035 4868 progetto
1066 4778 1138 4847 di
1167 4800 1264 4847 un
1292 4789 1515 4847 teatro
1544 4778 1941 4868 pubblicati
1972 4778 2399 4847 dall’autore
2428 4778 2502 4846 in
2531 4778 2826 4847 italiano
2857 4800 2896 4847 e
2925 4778 2999 4846 in
3028 4778 3328 4868 inglese,
3361 4778 3435 4846 in
3464 4778 3751 4847 Londra
3778 4778 3896 4847 nel
3934 4779 4142 4860 1780,
4175 4778 4249 4846 in
4278 4778 4405 4847 fol.

708 4890 909 4964 Opera
933 4889 994 4947 di
1018 4890 1180 4947 bella
1204 4889 1565 4947 esecuzione
1591 4908 1709 4947 con
1735 4889 2096 4947 moltissime
2120 4889 2396 4964 preziose
2422 4889 2788 4947 invenzioni:
2822 4908 2972 4947 sono
2999 4890 3057 4947 la
3082 4889 3291 4964 grandi
3316 4890 3517 4947 tavole
3542 4889 3605 4946 in
3631 4889 3843 4964 foglio,
3871 4898 3958 4947 tra
3982 4890 4038 4947 le
4065 4889 4227 4964 quali
4254 4898 4485 4964 quattro

709 5004 859 5043 sono
885 4994 1232 5043 consecrate
1258 4986 1313 5043 al
1336 4994 1611 5060 progetto
1637 4986 1786 5043 d’un
1811 5004 1955 5060 gran
1978 4994 2164 5043 teatro
2188 5004 2295 5060 per
2318 4986 2552 5060 l’opera
2574 4985 2636 5042 in
2659 4986 2914 5043 Londra.

478 5180 644 5249 763.
684 5182 991 5248 MAFFEI
1028 5180 1393 5270 Scipione,
1440 5180 1579 5249 Dei
1621 5180 1822 5249 teatri
1867 5180 2132 5249 antichi
2176 5202 2215 5249 e
2257 5180 2606 5249 moderni.
2653 5182 2986 5262 Trattato,
3032 5180 3106 5248 in
3149 5180 3265 5249 cui
3308 5180 3648 5249 mettonsi
3691 5180 3765 5248 in
3808 5180 4051 5249 chiaro
4094 5180 4244 5249 vari
4286 5180 4487 5270 punti

707 5295 985 5377 morali,
1017 5295 1507 5385 rispondendo
1539 5295 1605 5364 al
1634 5297 1706 5364 P.
1741 5295 2071 5364 Concina
2099 5317 2228 5377 ec.,
2261 5297 2553 5364 Verona
2589 5295 2798 5377 1754,
2831 5295 2905 5363 in
2933 5296 3000 5364 4.

708 5407 937 5478 Questo
966 5406 1114 5464 frate
1140 5406 1201 5464 io
1229 5407 1524 5481 un’opera
1548 5407 1623 5464 de
1650 5406 2017 5480 spectaculis
2045 5406 2443 5464 theatralibus
2470 5406 2727 5464 fulmina
2754 5406 3012 5464 anatemi
3039 5425 3072 5464 e
3099 5407 3320 5464 manda
3345 5406 3521 5464 dritto
3550 5406 3896 5464 all’inferno
3923 5406 4164 5474 Maffei,
4193 5406 4487 5464 Muratori

707 5521 740 5560 e
764 5502 894 5560 tutti
920 5502 1003 5577 gli
1029 5502 1158 5560 altri
1185 5502 1438 5560 scrittori
1462 5502 1482 5559 i
1505 5502 1610 5577 più
1634 5502 1937 5560 ortodossi
1962 5521 1995 5560 e
2020 5502 2283 5560 cristiani
2307 5502 2370 5559 in
2394 5502 2642 5560 materia
2664 5503 2923 5560 teatrale.

470 5698 636 5767 764.
671 5700 990 5766 MILIZIA
1019 5700 1442 5780 Francesco,
1483 5698 1623 5767 Del
1658 5709 1903 5767 teatro:
1949 5720 1989 5767 a
2026 5720 2154 5767 sua
2189 5698 2604 5767 eccellenza
2638 5698 2690 5766 il
2729 5698 2858 5788 sig.
2899 5700 2987 5767 D.
3029 5698 3457 5767 Baldassare
3495 5698 3955 5780 Odescalchi,
3995 5700 4232 5767 Roma
4275 5699 4484 5780 1773,

707 5813 781 5881 in
814 5814 877 5895 8,
910 5813 1036 5903 fig.

713 5925 940 5996 Questa
965 5925 998 5982 e
1024 5925 1082 5982 la
1105 5924 1299 5999 prima
1323 5924 1602 5982 edizione
1628 5925 1689 5982 di
1716 5925 2206 5999 quell’opuscolo
2232 5924 2622 5982 interessante
2648 5943 2681 5982 e
2709 5924 2968 5992 curioso,
2997 5924 3108 5982 che
3134 5943 3256 5982 non
3283 5924 3348 5982 fu
3372 5943 3684 5999 permesso
3713 5925 4027 5982 all’autore
4053 5924 4114 5982 di
4138 5924 4488 5999 ristampare

709 6038 814 6077 sen
848 6021 926 6094 [p.
967 6020 1104 6089 143]
1139 6038 1211 6077 za
1238 6020 1423 6077 molte
1453 6019 1930 6087 modificazioni,
1961 6019 2285 6077 rarissimo.
2320 6019 2546 6077 Consci
2575 6020 2777 6077 tavole
2806 6019 3112 6094 intagliate
3141 6019 3204 6076 in
3231 6038 3412 6077 rame.
3445 6021 3531 6077 La
3559 6019 3836 6094 maggior
3862 6028 4027 6094 parte
4057 6020 4155 6077 del
4185 6019 4337 6077 libro
4367 6038 4489 6077 non

707 6134 880 6173 versa
910 6116 1000 6173 sul
1029 6124 1215 6173 teatro
1245 6115 1569 6183 materiale,
1601 6134 1701 6173 ma
1731 6116 1942 6190 svolge
1971 6134 2089 6173 una
2119 6115 2270 6173 serie
2299 6115 2360 6173 di
2389 6115 2525 6173 idee
2552 6115 2860 6190 politiche,
2892 6115 3138 6173 critiche
3167 6134 3200 6173 e
3230 6115 3522 6173 letterarie
3551 6115 3663 6173 che
3691 6115 3754 6172 in
3781 6115 3951 6173 Italia
3979 6115 4275 6173 facevano
4303 6134 4488 6190 paura

706 6211 768 6268 in
798 6212 938 6286 quel
968 6220 1173 6286 tempo
1205 6230 1238 6269 e
1269 6211 1381 6269 che
1412 6211 1875 6269 caratterizzano
1907 6212 2162 6269 l’autore
2193 6230 2370 6269 come
2401 6230 2482 6269 un
2510 6220 2829 6286 pensatore
2860 6211 2958 6269 dei
2987 6211 3092 6286 più
3123 6211 3262 6269 forti
3293 6230 3326 6269 e
3356 6211 3771 6286 indipendenti
3802 6211 3913 6269 che
3946 6211 4124 6269 abbia
4154 6211 4315 6269 avuti
4347 6212 4486 6286 quel

709 6308 933 6365 secolo.

2171 6657 2347 6694 WWW.
2358 6637 2734 6710 memofonte.
2748 6639 2791 6694 il
