4958 7017
1981 864 2366 922 Fondazione
2390 838 2775 922 Memofonte
2800 865 2976 922 onlus

1390 960 1600 1018 Studio
1624 979 1731 1035 per
1754 960 2226 1018 l’elaborazione
2250 960 2632 1018 informatica
2655 961 2813 1018 delle
2838 960 2991 1018 fonti
3018 960 3571 1018 storico—artistiche

481 1253 574 1341 [p.
610 1251 780 1334 335]

1971 1496 2449 1595 BIBLIE
2492 1493 3228 1597 FIGURATE

1357 1742 1580 1809 VITE
1610 1741 2142 1822 ISTORIATE,
2176 1741 2766 1809 COLLEZIONI
2795 1742 2897 1808 DI
2925 1741 3377 1808 RITRATTI
3405 1741 3840 1809 ANTICHE

1663 1857 1721 1923 E
1749 1856 2240 1924 MODERNE
2268 1857 2326 1923 E
2354 1856 2673 1923 ALTRE
2704 1856 3016 1924 OPERE
3044 1856 3534 1924 FIGURATE

2168 1972 2270 2038 DI
2298 1971 2608 2039 VARIO
2640 1971 3030 2039 GENERE

483 2316 690 2385 1978.
734 2313 1063 2384 ABREGÉ
1097 2315 1186 2384 de
1226 2315 1583 2384 l’histoire
1622 2315 1946 2384 romaine
1987 2316 2159 2384 orné
2200 2315 2289 2384 de
2328 2316 2423 2385 49
2466 2326 2825 2405 estampes
2868 2337 2957 2384 en
2996 2315 3193 2384 taille
3234 2315 3467 2384 douce
3509 2337 3684 2384 avec
3725 2315 3793 2384 le
3832 2315 3994 2405 plus
4037 2315 4259 2405 grand
4301 2315 4482 2397 soin,

712 2430 906 2499 Paris
946 2431 1154 2512 1789,
1187 2430 1261 2498 in
1289 2431 1335 2498 4
1366 2452 1463 2520 gr.

711 2542 759 2598 Il
795 2541 1051 2599 ristretto
1090 2541 1449 2599 dell’istoria
1485 2542 1518 2599 e
1556 2542 1616 2599 lo
1658 2550 1850 2599 stesso
1889 2541 2000 2599 che
2039 2542 2242 2616 quello
2281 2541 2342 2599 di
2379 2541 2587 2599 Millot
2623 2541 2736 2599 che
2773 2541 2996 2599 trovasi
3034 2542 3132 2599 nel
3170 2560 3346 2599 corso
3385 2541 3446 2599 di
3487 2541 3643 2599 studi
3679 2560 3786 2616 per
3821 2560 3932 2599 uso
3971 2542 4131 2599 della
4170 2542 4378 2599 scuola
4414 2543 4483 2599 R.

711 2637 976 2695 Militare
1017 2656 1050 2695 e
1091 2638 1147 2695 le
1187 2638 1387 2695 tavole
1428 2637 1645 2695 furono
1688 2637 2016 2712 acquistate
2057 2637 2438 2695 dall’editore
2479 2637 2540 2695 di
2581 2646 2793 2712 questo
2835 2637 2988 2695 libro
3030 2637 3192 2712 dagli
3233 2637 3396 2695 eredi
3436 2637 3497 2695 di
3537 2639 3625 2695 M.
3668 2639 3866 2695 Pretot
3905 2637 4016 2695 che
4057 2638 4113 2695 le
4155 2656 4304 2695 avea
4343 2637 4487 2695 fatte

711 2733 1022 2808 intagliare
1056 2752 1163 2808 per
1197 2734 1257 2791 lo
1294 2733 1609 2807 Spectacle
1645 2734 1720 2791 de
1758 2733 2057 2791 l’histoire
2097 2736 2382 2791 romaine.
2425 2733 2898 2808 Ricomparvero
2933 2733 3038 2808 poi
3075 2734 3192 2791 alla
3226 2734 3360 2791 luce
3396 2752 3515 2791 una
3549 2742 3726 2801 terza,
3765 2752 3915 2791 cena
3949 2742 4156 2808 quarta
4191 2734 4355 2791 volta
4388 2734 4487 2791 nel

719 2828 875 2886 1786
910 2847 943 2886 e
977 2829 1075 2886 nel
1117 2829 1266 2886 1801
1307 2829 1677 2903 coll’abregé
1711 2828 1772 2886 di
1806 2828 2013 2886 Millot
2048 2837 2341 2903 stampato
2376 2828 2793 2886 isolatamente
2828 2829 2991 2903 dopo
3027 2829 3085 2886 la
3119 2847 3225 2886 sua
3258 2837 3448 2886 morte
3483 2829 3559 2886 ed
3593 2837 3832 2886 estratto
3868 2829 3966 2886 dal
4001 2828 4181 2886 citato
4216 2847 4392 2886 corso
4427 2828 4488 2886 di

714 2924 886 2982 studi.

483 3121 690 3190 1979.
731 3121 1214 3189 AITSINGERII
1244 3120 1657 3202 Michaelis,
1698 3122 1810 3189 De
1847 3122 2093 3189 Leone
2131 3120 2458 3210 Belgico,
2501 3120 2801 3210 eiusque
2837 3120 3333 3210 topographia,
3376 3131 3587 3210 atque
3623 3120 3966 3189 historica
4002 3120 4487 3210 descriptione

712 3235 912 3317 liber,
946 3235 1302 3304 Coloniae
1330 3235 1689 3304 Ubiorum
1726 3235 1934 3317 1588,
1967 3235 2041 3303 in
2070 3235 2197 3304 fol.
2230 3257 2424 3325 parv.
2458 3235 2585 3325 fig.

713 3347 1117 3421 Quest’opera
1140 3346 1418 3404 contiene
1443 3347 1501 3404 la
1527 3346 1708 3404 storia
1732 3347 1890 3404 delle
1913 3346 2276 3404 rivoluzioni
2301 3365 2334 3404 e
2359 3347 2517 3404 delle
2543 3346 2799 3404 vicende
2824 3346 2922 3404 dei
2946 3346 3119 3404 Paesi
3143 3346 3320 3404 Bassi
3345 3347 3443 3404 dal
3475 3347 3630 3405 1309
3658 3347 3713 3404 al
3745 3346 3899 3404 1587
3927 3355 4243 3421 composta
4266 3347 4343 3404 da
4366 3347 4485 3404 208

714 3451 943 3517 stampe
981 3442 1264 3510 istoriate,
1304 3442 1611 3517 intagliate
1650 3443 1727 3500 da
1762 3444 2096 3500 Francesco
2135 3442 2565 3517 Hogenbergio
2604 3461 2637 3500 e
2675 3442 2963 3500 illustrate
3002 3443 3100 3500 col
3137 3451 3291 3500 testo
3328 3442 3598 3500 relativo.
3639 3442 3997 3500 L’edizione
4036 3442 4328 3500 anteriore
4365 3461 4487 3500 non

712 3538 934 3613 giugne
959 3538 1071 3596 che
1097 3539 1152 3596 al
1184 3538 1359 3606 1582,
1387 3538 1669 3596 cosicché
1695 3547 1905 3613 questa
1928 3539 1961 3596 è
1985 3538 2248 3596 indicata
2272 3539 2327 3596 al
2350 3539 2533 3596 basso
2559 3539 2657 3596 del
2683 3538 3076 3613 frontespizio
3096 3540 3352 3596 Aactior
3374 3550 3432 3596 et
3455 3538 3820 3612 locapletior
3840 3541 4197 3596 accessione
4223 3541 4487 3612 quinqae

711 3654 1010 3691 annoram
1044 3645 1102 3691 et
1130 3636 1464 3707 nonaginta
1497 3653 1602 3691 sex
1633 3634 1998 3701 chartarum,
2033 3635 2258 3691 Brunet
2288 3634 2448 3691 nella
2477 3633 2671 3708 prima
2703 3633 2981 3691 edizione
3014 3633 3132 3691 cita
3165 3634 3293 3691 sole
3333 3634 3447 3690 112
3480 3634 3680 3691 tavole
3712 3652 3745 3691 e
3776 3652 3883 3708 per
3914 3652 4336 3708 conseguenza
4366 3652 4488 3691 non

710 3730 832 3804 può
856 3729 1126 3787 ritenersi
1149 3748 1256 3804 per
1279 3730 1596 3804 completa.
1626 3729 2126 3801 Quest’edizione
2150 3729 2212 3786 in
2237 3729 2496 3804 foglietti
2520 3729 2597 3787 ha
2620 3730 2678 3787 la
2702 3729 2898 3787 forma
2921 3730 3019 3787 del
3043 3730 3099 3787 4.

487 3926 694 3995 1980.
752 3926 1050 3993 ALBIZII
1096 3926 1263 3994 Ant.
1321 3925 1730 4015 principum
1784 3925 2355 4007 christianorum,
2415 3926 2810 3994 Stemmata
2863 3925 3341 3994 collectacum
3392 3925 3733 3994 brevibus
3790 3925 4119 3994 eiusdem
4174 3925 4482 3994 adnotat.

713 4062 931 4130 opera
972 4051 1041 4109 et
1081 4040 1431 4130 impensis
1475 4040 1848 4109 Dominici
1892 4040 2236 4109 Custodis
2283 4040 2419 4109 seri
2462 4040 2712 4122 incisa,
2756 4041 2944 4130 Aug.
2991 4040 3207 4109 Vind.
3263 4040 3471 4122 1612,
3518 4040 3741 4109 editio
3785 4041 3829 4108 2
3872 4062 4061 4109 nunc
4106 4040 4379 4109 auctior
4420 4051 4489 4109 et

713 4155 1216 4224 emendatiors.

714 4266 943 4324 Sonovi
967 4266 1047 4324 46
1072 4267 1272 4324 tavole
1297 4267 1446 4324 oltre
1470 4266 1513 4323 il
1538 4266 1931 4341 frontespizio
1957 4266 2215 4341 figurato
2241 4285 2274 4324 e
2299 4267 2484 4324 molte
2510 4266 2791 4341 vignette.
2820 4267 2936 4324 Col
2959 4266 3183 4324 ritratto
3209 4267 3565 4324 dell’autore
3589 4266 3651 4323 in
3673 4266 3990 4341 principio.

487 4462 694 4531 1981.
727 4462 973 4530 ARIAS
999 4463 1417 4543 Montanus,
1450 4463 1562 4530 De
1592 4461 1858 4530 divinis
1889 4461 2179 4551 nuptiis,
2211 4461 2667 4551 Antuerpias,
2701 4483 2869 4530 cura
2898 4472 2967 4530 et
2996 4483 3156 4530 aere
3185 4461 3363 4530 Phil.
3398 4461 3703 4543 Gallaei,
3745 4461 3953 4543 1574,
3986 4461 4060 4529 in
4088 4462 4155 4530 4.

711 4574 795 4630 Le
833 4591 1024 4630 nozze
1065 4572 1354 4647 spirituali
1395 4581 1685 4647 stampate
1725 4573 1802 4630 da
1837 4573 2171 4630 Benedetto
2204 4574 2386 4630 Arias
2422 4575 2754 4630 Montanas
2791 4572 2854 4629 in
2892 4572 3049 4630 versi
3088 4572 3273 4640 latini,
3315 4572 3532 4630 furono
3571 4572 3673 4647 qui
3710 4581 3908 4630 recate
3945 4572 4007 4629 in
4045 4591 4163 4630 una
4198 4572 4487 4647 parafrasi

712 4668 985 4726 francese
1024 4669 1101 4726 da
1137 4668 1333 4726 Pietro
1373 4670 1580 4743 Heyns
1620 4687 1653 4726 e
1693 4687 1887 4726 venne
1925 4668 2332 4726 riconosciuta
2369 4687 2402 4726 e
2442 4677 2769 4743 approvata
2806 4669 3163 4726 dall’autore
3202 4668 3525 4743 originario
3565 4669 3663 4726 nel
3709 4668 3863 4726 1573
3906 4687 4081 4726 come
4122 4668 4171 4726 si
4211 4669 4387 4743 legge
4426 4668 4488 4725 in

710 4764 1026 4839 principio.
1057 4766 1082 4821 I
1110 4764 1346 4839 disegni
1372 4783 1484 4839 por
1515 4766 1593 4839 [p.
1627 4764 1916 4834 336]tano
1944 4765 2104 4822 nella
2128 4764 2323 4839 prima
2351 4773 2583 4839 stampa
2609 4765 2667 4822 la
2694 4783 2896 4822 marca
2921 4766 2963 4822 I.
2995 4766 3068 4822 H.
3098 4766 3192 4822 W.
3225 4764 3519 4822 Geranius
3550 4764 3919 4839 Grossiugus
3948 4764 4289 4822 delineabat
4315 4783 4348 4822 e
4379 4783 4489 4822 son

719 4861 789 4918 18
827 4860 1161 4918 bellissime
1198 4879 1231 4918 e
1268 4860 1680 4918 freschissime
1720 4869 1949 4935 stampe
1986 4869 2194 4918 contro
2232 4861 2288 4918 le
2325 4860 2487 4935 quali
2526 4869 2614 4918 sta
2649 4861 2707 4918 la
2741 4860 3030 4935 parafrasi
3066 4860 3128 4917 in
3164 4860 3437 4918 francese
3476 4869 3769 4935 stampata
3803 4860 3865 4917 in
3901 4860 4160 4935 eleganti
4197 4860 4483 4918 caratteri.

711 4956 896 5014 Unito
949 4975 983 5014 a
1032 4965 1244 5031 questo
1295 4956 1519 5014 trovasi
1569 4956 1612 5013 il
1667 4959 1829 5014 Viter
1875 4956 2326 5014 admirabiliam
2376 4959 2684 5014 actionam
2733 4977 2771 5014 a
2821 4956 2971 5014 Phil.
3032 4956 3317 5014 Galilaeo
3367 4968 3730 5030 apparatam
3777 4959 3919 5014 Ben.
3972 4958 4158 5014 Ariae
4207 4959 4489 5014 Montani

711 5052 1125 5126 singalaribas
1171 5053 1445 5110 distichis
1494 5055 1862 5120 instractam,
1912 5053 2072 5110 colla
2115 5052 2403 5127 parafrasi
2450 5071 2625 5110 come
2674 5071 2868 5127 sopra,
2917 5052 3263 5127 dissegnato
3311 5053 3473 5110 dallo
3523 5061 3714 5110 stesso
3764 5054 4119 5126 Groningae
4166 5071 4199 5110 e
4246 5071 4362 5110 con
4409 5052 4487 5110 50

710 5147 1045 5205 bellissime
1069 5148 1270 5205 tavole
1295 5166 1328 5205 e
1353 5166 1434 5205 un
1456 5148 1556 5205 bel
1582 5147 1994 5222 frontespizio,
2022 5166 2138 5205 ove
2163 5148 2196 5205 è
2221 5166 2339 5205 una
2362 5156 2513 5205 testa
2537 5148 2635 5205 del
2659 5148 2999 5205 Redentore
3024 5147 3085 5205 di
3110 5147 3383 5205 mirabile
3407 5147 3676 5222 intaglio.
3707 5148 3932 5219 Queste
3958 5148 4074 5205 due
4099 5166 4281 5222 opere
4306 5166 4486 5205 erano

714 5252 860 5301 state
883 5244 1160 5318 prodotte
1184 5244 1282 5301 nel
1314 5243 1463 5301 1571
1494 5243 1556 5300 in
1580 5243 1765 5301 latino
1791 5244 1889 5301 col
1913 5243 2085 5301 titolo
2111 5245 2424 5301 Humanae
2452 5243 2657 5301 salutis
2683 5252 3090 5301 monumenta.

487 5440 694 5509 1982.
766 5440 1563 5524 (ARMAMENTARIUM)
1633 5439 1787 5508 sive
1850 5439 2561 5529 Augustissimorum
2624 5439 3157 5529 imperatorum,
3224 5461 3477 5529 regum
3543 5450 3753 5529 atque
3819 5439 4286 5508 archiducum
4350 5450 4482 5508 etc.

714 5554 1163 5644 aliorumque
1205 5554 1475 5623 clariss.
1521 5554 1840 5623 virormn
1882 5565 2013 5623 etc.
2059 5576 2367 5644 quorum
2409 5576 2604 5623 arma
2645 5565 2764 5623 aut
2803 5554 3096 5644 integra,
3143 5565 3261 5623 aut
3299 5554 3558 5623 horum
3597 5565 3831 5644 partes
3875 5565 4006 5623 etc.
4054 5576 4094 5623 a
4135 5554 4482 5623 Sereniss.

712 5669 1041 5759 Principe
1097 5669 1548 5738 Ferdinando
1605 5669 1822 5738 Arch.
1883 5669 2218 5738 Austriae
2277 5691 2366 5738 ex
2425 5669 2762 5738 omnibus
2822 5669 3015 5738 orbis
3073 5680 3414 5738 terrarum
3469 5669 3865 5759 provinciis
3925 5669 4352 5759 conquisita,
4413 5669 4487 5737 in

713 5784 978 5853 celebri
1061 5784 1591 5853 Ambrosianae
1676 5784 1857 5853 arcis
1944 5784 2491 5853 armamentario
2576 5784 3136 5874 conspiciuntur.
3225 5785 3429 5874 Opus
3516 5806 3556 5853 a
3635 5784 3908 5853 Iacobo
3994 5784 4486 5853 Schrenckhio

714 5899 1146 5981 absolutum,
1191 5899 1585 5989 Oeniponti
1627 5899 1880 5968 excud.
1924 5901 2031 5968 Jo.
2075 5899 2441 5989 Agricola,
2494 5899 2702 5981 1601,
2747 5899 2821 5967 in
2861 5899 2988 5968 fol.
3032 5901 3139 5968 Jo.
3184 5901 3388 5989 Bapt.
3432 5901 3753 5968 Fontana
3792 5899 4007 5968 delin.
4052 5899 4485 5968 Dominicus

713 6015 979 6083 Custos
1011 6014 1321 6083 excudit.

711 6126 974 6200 L’opera
1007 6125 1328 6200 grandiosa
1361 6144 1394 6183 e
1429 6125 1761 6200 magnifica
1794 6126 1827 6183 e
1862 6134 2179 6200 composta
2212 6126 2289 6183 da
2329 6126 2441 6183 118
2477 6125 2683 6183 ritratti
2717 6144 2839 6183 non
2873 6144 3192 6200 compreso
3227 6125 3270 6182 il
3306 6125 3718 6200 frontespizio,
3756 6144 3872 6183 ove
3906 6125 3968 6182 in
4002 6144 4083 6183 un
4117 6144 4262 6200 gran
4297 6125 4486 6183 fondo

712 6221 985 6279 d’istorie
1015 6240 1048 6279 e
1078 6221 1436 6296 d’allegorie
1466 6222 1499 6279 e
1528 6221 1571 6278 il
1600 6221 1824 6279 ritratto
1855 6221 1916 6279 di
1945 6221 2342 6289 Ferdinando;
2374 6240 2496 6279 non
2526 6222 2893 6296 comprende
2922 6221 2984 6278 in
3013 6230 3162 6279 tutto
3193 6221 3304 6279 che
3342 6221 3453 6279 125
3487 6221 3657 6296 fogli,
3690 6240 3727 6279 o
3761 6221 3930 6279 siano
3961 6230 4137 6289 carte,
4170 6240 4203 6279 e
4233 6221 4423 6279 dietro
4455 6240 4489 6279 a

712 6316 958 6374 ciascun
980 6316 1204 6374 ritratto
1230 6317 1263 6374 e
1288 6317 1346 6374 la
1371 6316 1589 6374 storica
1611 6316 2019 6374 illustrazione
2042 6316 2307 6374 relativa.

2171 6657 2347 6694 WWW.
2358 6637 2734 6710 memofonte.
2748 6639 2791 6694 it
