4958 7017
1981 864 2366 922 Fondazione
2390 838 2775 922 Memofonte
2800 865 2976 922 onlus

1390 960 1600 1018 Studio
1624 979 1731 1035 per
1754 960 2226 1018 l’elaborazione
2250 960 2632 1018 informatica
2655 961 2813 1018 delle
2838 960 2991 1018 fonti
3018 960 3571 1018 storico—artistiche

476 1248 655 1306 3289.
684 1248 996 1315 OLIVIERI,
1023 1247 1473 1305 Dissertazione
1501 1266 1678 1322 sopra
1701 1248 1817 1305 due
1843 1247 2077 1305 antiche
2101 1248 2385 1305 tavolette
2410 1247 2707 1315 d’avorio,
2734 1249 2953 1305 Pesaro
2985 1248 3159 1315 1743,
3186 1247 3248 1304 in
3275 1248 3328 1315 8,
3355 1249 3443 1305 M.
3473 1247 3568 1305 35.

476 1440 655 1498 3290.
684 1440 991 1497 ORLANDI
1015 1439 1241 1507 Oratio,
1269 1441 1353 1497 Le
1377 1458 1569 1497 nozze
1594 1439 1655 1497 di
1679 1439 1889 1497 Paride
1914 1458 1947 1497 e
1972 1440 2228 1497 d’Elena
2249 1448 2690 1514 rappresentate
2714 1439 2777 1496 in
2801 1458 2881 1497 un
2906 1458 3053 1497 vaso
3080 1439 3297 1507 antico,
3324 1441 3522 1497 Roma
3552 1439 3726 1507 1775,
3753 1439 3815 1496 in
3839 1439 3901 1507 f.,
3929 1439 4034 1514 fig.

707 1536 842 1593 Con
866 1536 982 1593 due
1006 1536 1207 1593 tavole
1231 1535 1537 1610 intagliale
1561 1535 1624 1592 in
1646 1554 1828 1593 rame.
1856 1536 1904 1592 Il
1929 1554 2076 1593 vaso
2102 1554 2202 1593 era
2224 1536 2322 1593 nel
2347 1554 2560 1593 museo
2586 1536 2684 1593 del
2711 1535 2818 1610 sig.
2846 1537 3176 1593 Tommaso
3201 1535 3465 1603 Jenkins,
3492 1537 3580 1593 M.
3612 1536 3706 1593 87.

476 1727 655 1785 3291.
684 1727 991 1784 ORLANDI
1015 1726 1241 1794 Oratio,
1268 1726 1750 1801 Ragionamento
1778 1745 1955 1801 sopra
1977 1727 2188 1784 un’ara
2212 1726 2408 1784 antica
2429 1727 2757 1801 posseduta
2780 1727 2857 1784 da
2880 1726 3234 1801 monsignor
3257 1726 3479 1794 Casali,
3507 1728 3704 1784 Roma
3734 1727 3909 1794 1772,
3936 1726 3998 1783 in
4021 1727 4078 1794 4,
4106 1726 4232 1801 fig.,
4259 1728 4347 1784 M.
4383 1727 4431 1784 1.

707 1823 842 1880 Con
866 1822 1028 1880 varie
1052 1823 1253 1880 tavole
1277 1822 1630 1880 illustrative
1654 1822 1961 1897 intagliate
1986 1823 2063 1880 da
2086 1823 2266 1880 Carlo
2292 1822 2601 1880 Antonini.

476 2015 655 2073 3292.
684 2015 1177 2072 OSSERVAZIONI
1199 2014 1260 2072 di
1285 2033 1365 2072 un
1390 2014 1750 2072 frammento
1776 2014 1837 2072 di
1861 2015 2147 2072 tavoletta
2171 2014 2366 2072 antica
2389 2014 2668 2072 d’avorio
2696 2014 2931 2072 stimata
2954 2015 3288 2082 consolare,
3315 2015 3596 2089 Bologna
3626 2014 3801 2082 1775,
3829 2014 3955 2089 fig.,
3982 2016 4070 2072 M.
4101 2015 4177 2073 39
4204 2033 4237 2072 e
4262 2014 4358 2072 51.

703 2111 838 2168 Con
861 2129 980 2168 una
1002 2111 1205 2168 tavola
1227 2110 1535 2185 intagliata
1557 2110 1620 2167 in
1642 2129 1824 2168 rame.

476 2302 655 2360 3293.
684 2302 1177 2359 OSSERVAZIONI
1202 2320 1379 2376 sopra
1401 2320 1481 2359 un
1507 2301 1704 2359 antico
1728 2302 1910 2359 basso
1934 2301 2148 2359 rilievo
2174 2301 2382 2359 votivo
2408 2302 2506 2359 del
2531 2320 2743 2359 museo
2768 2301 2926 2359 Nani
2950 2301 3013 2358 in
3036 2301 3324 2369 Venezia,
3359 2301 3534 2369 1761,
3561 2301 3623 2358 in
3646 2302 3703 2369 4,
3731 2301 3857 2376 fig.,
3884 2303 3972 2359 M.
4008 2302 4098 2359 11.

476 2494 655 2552 3294.
684 2494 821 2551 OSII
843 2493 1155 2561 Theodati,
1182 2495 1276 2551 De
1302 2493 1694 2568 agriculturae
1719 2502 1777 2551 et
1801 2493 2244 2568 agrimensurae
2269 2493 2599 2561 nobilitate,
2626 2493 2965 2551 Mediolani
2997 2493 3172 2561 1639,
3199 2493 3261 2550 in
3288 2494 3340 2551 8.

476 2685 655 2744 3295.
692 2685 991 2743 Ovenabii
1023 2687 1283 2743 Joannes
1317 2685 1711 2753 Christianus,
1746 2685 2103 2743 Dissertatio
2136 2685 2422 2743 historica
2454 2685 2917 2743 architectonica
2948 2686 3023 2743 de
3056 2685 3382 2743 Artemisia
3413 2694 3471 2743 et
3502 2686 3808 2753 Mausolo,
3843 2685 4085 2760 Lipsiae
4125 2686 4300 2753 1714,
4335 2685 4397 2742 in
4432 2686 4485 2753 8,

707 2781 834 2856 fig.,
861 2783 949 2839 M.
979 2781 1075 2839 57.

476 2972 655 3031 3296.
691 2972 975 3030 Paciaudi
1008 2973 1195 3030 Paolo
1229 2972 1443 3040 Maria,
1478 2972 1928 3030 Dissertazione
1964 2991 2141 3047 sopra
2172 2991 2291 3030 una
2326 2981 2599 3030 statuetta
2631 2972 2692 3030 di
2725 2972 3031 3030 Mercurio
3066 2973 3164 3030 del
3199 2972 3504 3047 gabinetto
3539 2973 3637 3030 del
3673 2972 3780 3047 sig.
3818 2972 4226 3047 dell’Ospital,
4262 2972 4486 3047 Napoli

714 3069 889 3136 1747,
915 3068 977 3125 in
1000 3069 1057 3136 4,
1085 3068 1211 3143 fig.,
1238 3070 1326 3126 M.
1355 3068 1452 3126 26.

707 3165 842 3222 Con
865 3183 984 3222 una
1006 3165 1209 3222 tavola
1232 3164 1293 3222 di
1318 3164 1619 3239 medaglie
1643 3164 1949 3239 intagliate
1973 3164 2036 3221 in
2058 3183 2239 3222 rame.

476 3356 655 3414 3297.
698 3357 1023 3413 PACIAUDI
1061 3355 1229 3413 Pauli
1269 3357 1379 3423 M.,
1422 3357 1517 3413 De
1556 3356 1733 3413 rebus
1777 3355 2113 3413 Sebastiani
2153 3355 2344 3413 Paulii
2385 3374 2527 3413 com
2571 3357 2649 3430 [p.
2701 3356 2838 3425 122]
2884 3355 3206 3413 mentarius
3248 3355 3586 3430 epistolaris
3629 3356 3704 3413 ad
3746 3355 4098 3430 Scipionem
4135 3355 4483 3430 Maffejum,

706 3451 967 3526 Neapoli
999 3451 1173 3519 1651,
1200 3451 1262 3508 in
1289 3452 1342 3519 8,
1369 3453 1457 3509 M.
1487 3451 1582 3509 36.

476 3644 655 3702 3298.
682 3645 1023 3711 PACIAUDI,
1050 3645 1268 3701 Puteus
1296 3662 1463 3701 sacer
1488 3643 1612 3718 agri
1636 3643 2063 3711 Bononiensis,
2090 3643 2152 3700 in
2175 3644 2231 3701 4.

706 3741 961 3797 Estratto
987 3740 1064 3797 da
1086 3758 1204 3797 una
1227 3739 1565 3797 collezione
1590 3739 1955 3814 d’opuscoli.

476 3931 655 3989 3299.
687 3932 979 3988 PANTOLI
1008 3930 1313 3988 Giovanni
1345 3931 1692 3998 Gualberto,
1727 3930 2127 4005 Spiegazione
2157 3930 2535 3988 d’un’antica
2563 3930 2763 4005 lapide
2792 3939 3022 3988 trovata
3049 3930 3111 3987 in
3141 3931 3354 3988 Classe
3384 3930 3445 3988 di
3475 3932 3781 3998 Ravenna,
3813 3931 4094 4005 Bologna
4129 3931 4304 3998 1780,
4336 3930 4398 3987 in
4426 3931 4483 3998 4,

706 4028 794 4084 M.
824 4026 878 4084 6.

476 4219 655 4276 3300.
697 4220 992 4276 PASSERII
1029 4218 1275 4276 Joannis
1315 4218 1640 4293 Baptistae,
1682 4220 1776 4276 De
1816 4237 2153 4276 marmoreo
2196 4218 2513 4293 sepulcrali
2554 4218 2845 4276 cinerario
2885 4218 3164 4276 Perusiae
3204 4218 3439 4276 effosso
3481 4218 3710 4276 arcanis
3751 4218 4128 4276 ethnicorum
4168 4218 4485 4293 sculpturis

706 4314 1012 4389 insignito,
1039 4316 1271 4372 Romae
1303 4315 1478 4382 1773,
1505 4314 1567 4371 in
1590 4315 1647 4382 4,
1675 4314 1802 4389 fig.,
1829 4316 1917 4372 M.
1953 4315 1977 4371 1
2009 4333 2042 4372 e
2067 4315 2163 4372 78.

713 4411 879 4468 Oltre
904 4411 962 4468 la
984 4411 1186 4468 tavola
1209 4411 1307 4468 del
1332 4419 1725 4468 monumento
1753 4429 1903 4468 sono
1927 4410 2207 4485 parecchi
2233 4410 2362 4468 altri
2386 4410 2595 4485 intagli
2620 4410 2681 4468 di
2706 4429 2947 4485 gemme
2971 4410 3033 4467 in
3057 4410 3280 4468 diversi
3305 4410 3514 4485 luoghi
3539 4410 3629 4468 fra
3651 4410 3694 4467 il
3718 4419 3890 4468 testo.

476 4602 655 4659 3301.
698 4603 994 4659 PASSERII
1031 4601 1278 4659 Joannis
1319 4601 1644 4676 Baptistae,
1690 4601 2091 4676 Spiegazione
2132 4602 2290 4659 delle
2333 4602 2591 4659 sculture
2632 4602 2781 4659 d’un
2822 4601 3020 4659 antico
3062 4620 3399 4659 marmoreo
3443 4601 3760 4676 sarcofago
3801 4602 3899 4659 nel
3940 4610 4283 4659 monastero
4325 4601 4487 4676 degli

708 4697 1012 4755 Olivetani
1036 4697 1099 4754 in
1122 4699 1341 4755 Pesaro
1367 4697 1563 4772 giusta
1585 4697 1628 4754 il
1655 4697 2014 4755 sentimento
2040 4698 2284 4755 dell’ab.
2314 4697 2555 4755 Giovan
2578 4697 2831 4755 Battista
2853 4697 3104 4765 Passeri,
3131 4697 3384 4772 Perugia
3414 4698 3589 4765 1773,
3616 4697 3678 4754 in
3701 4698 3758 4765 4,
3785 4697 3911 4772 fig.,
3938 4699 4026 4755 M.
4055 4698 4152 4755 28.

720 4794 855 4851 Con
878 4812 997 4851 una
1019 4794 1222 4851 tavola
1245 4794 1467 4868 grande
1491 4793 1801 4868 intagliata
1823 4793 1885 4850 in
1907 4812 2088 4851 rame.

476 4986 655 5043 3302.
686 4987 982 5043 PASSERII
1009 4985 1255 5043 Joannis
1285 4985 1610 5060 Baptistae,
1642 4987 1709 5042 In
1738 4994 2129 5043 monumenta
2159 5004 2326 5043 sacra
2354 4986 2615 5043 eburnea
2644 5004 2678 5043 a
2706 4985 2931 5043 clariss.
2964 4987 3167 5043 Franc.
3202 4985 3391 5043 Gorio
3423 4986 3497 5043 ad
3526 4994 3796 5060 quartam
3823 4985 3999 5060 hujus
4030 4985 4229 5060 operis
4258 4994 4488 5060 partem

705 5089 1005 5138 reservata
1047 5080 1476 5155 expositiones.
1524 5080 1782 5138 Accedit
1824 5081 2099 5155 ejusdem
2140 5080 2398 5155 epistola
2440 5081 2515 5138 de
2558 5080 2924 5155 Artophorio
2969 5081 3232 5138 eburneo
3276 5080 3600 5148 Piaurensi,
3646 5080 3981 5138 Florentiae
4032 5080 4207 5148 1759,
4252 5080 4314 5137 in
4357 5080 4484 5148 fol.,

707 5176 983 5251 figurato.

700 5273 866 5330 Oltre
903 5273 959 5330 le
996 5272 1075 5330 26
1112 5273 1312 5330 tavole
1348 5272 1410 5329 in
1446 5272 1589 5340 fine,
1628 5272 1894 5330 trovansi
1932 5273 2075 5330 altre
2112 5274 2147 5330 7
2186 5273 2386 5330 tavole
2425 5291 2627 5347 sparse
2665 5272 2756 5330 fra
2790 5272 2833 5329 il
2869 5281 3022 5330 testo
3058 5272 3527 5347 rappresentanti
3565 5272 3764 5330 alcuni
3802 5272 4024 5330 antichi
4059 5272 4487 5347 pregiatissimi

708 5387 891 5426 avon.

476 5560 655 5617 3303.
690 5561 986 5617 PASSERII
1016 5559 1262 5617 Joannis
1295 5559 1620 5634 Baptistae,
1655 5559 1985 5617 Decisione
2018 5559 2343 5634 capitolare
2376 5578 2409 5617 e
2442 5559 2759 5617 definitiva
2790 5578 2823 5617 e
2855 5559 3283 5634 inappellabile
3315 5559 3552 5617 intorno
3587 5559 4083 5634 all’intelligenza
4114 5560 4212 5617 del
4246 5559 4486 5617 famoso

706 5655 933 5713 Dittico
960 5655 1315 5727 Quiriniano
1340 5657 1514 5723 Mss.,
1541 5657 1629 5713 M.
1658 5656 1755 5713 21.

704 5752 1221 5826 Quest’opuscolo
1261 5751 1459 5809 faceto
1498 5751 1726 5809 inedito
1766 5751 1831 5809 fu
1870 5751 2017 5809 fatto
2057 5751 2407 5809 dall’uditor
2445 5751 2686 5809 Giovan
2724 5751 2977 5809 Battista
3013 5751 3246 5809 Passeri
3283 5770 3390 5826 per
3427 5760 3672 5809 mettere
3711 5751 3773 5808 in
3809 5751 4066 5809 ridicolo
4106 5770 4139 5809 e
4177 5751 4220 5808 il
4258 5751 4485 5809 Dittico

708 5847 1062 5919 Quiriniano
1096 5866 1129 5905 e
1160 5847 1180 5904 i
1215 5847 1348 5905 suoi
1379 5847 1699 5922 interpreti.
1734 5847 1934 5905 Infatti
1966 5847 2028 5904 in
2060 5856 2269 5922 queste
2301 5856 2501 5905 nostre
2533 5847 2969 5915 dissertazioni,
3004 5848 3209 5905 lettere
3241 5866 3274 5905 e
3306 5847 3497 5905 lavori
3529 5847 3930 5922 d’antiquaria
3962 5847 4011 5905 si
4043 5856 4213 5905 trova
4243 5866 4324 5905 un
4355 5848 4486 5905 così

707 5962 851 6018 gran
889 5962 1140 6001 numero
1181 5943 1242 6001 di
1282 5943 1559 6018 opuscoli
1598 5943 1835 6001 intorno
1876 5952 2088 6018 questo
2128 5943 2374 6011 Dittico,
2417 5943 2528 6001 che
2568 5952 2910 6001 veramente
2950 5962 2987 6001 0
3028 5943 3093 6001 fu
3130 5962 3317 6018 pomo
3358 5944 3518 6001 della
3556 5943 3859 6001 discordia
3897 5944 3992 6001 de’
4039 5943 4307 6011 letterati,
4350 5962 4387 6001 o
4427 5944 4487 6001 lo

709 6040 992 6114 splendor
1030 6040 1190 6097 della
1226 6058 1487 6114 porpora
1523 6039 1866 6114 rifulgendo
1909 6040 2000 6097 sul
2039 6039 2267 6097 Dittico
2307 6039 2595 6114 impegnò
2635 6039 2766 6097 tutti
2806 6039 2890 6114 gli
2930 6039 3143 6097 eruditi
3186 6039 3323 6110 (che
3366 6058 3576 6114 spesso
3618 6040 3904 6110 adulano)
3947 6058 3981 6097 a
4019 6039 4390 6114 corteggiare
4430 6040 4486 6097 le

707 6134 980 6209 opinioni
1005 6135 1103 6192 del
1128 6135 1295 6192 dotto
1321 6134 1639 6192 cardinale.

476 6327 655 6384 3304.
682 6328 980 6384 PAULINO
1003 6328 1064 6384 P.
1094 6345 1128 6384 a
1153 6327 1210 6384 S.
1238 6326 1687 6394 Bartholomeo,
1714 6326 2208 6401 Mumiographia
2231 6326 2426 6384 musei
2452 6326 2734 6384 Obiciani
2759 6335 3013 6394 exarata,
3040 6326 3268 6384 Patavii
3300 6327 3475 6394 1799,
3502 6326 3564 6383 in
3587 6327 3644 6394 4,
3672 6326 3798 6401 fig.,
3825 6328 3913 6384 M.
3949 6327 4021 6383 12
4047 6345 4080 6384 e
4105 6327 4202 6384 78.

712 6423 847 6480 Con
871 6423 987 6480 due
1011 6423 1212 6480 tavole
1236 6422 1542 6497 intagliate
1566 6422 1629 6479 in
1651 6441 1833 6480 rame.

2171 6657 2347 6694 WWW.
2358 6637 2734 6710 memofonte.
2748 6639 2791 6694 il
