4958 7017
1981 864 2366 922 Fondazione
2390 838 2775 922 Memofonte
2800 865 2976 922 onlus

1390 960 1600 1018 Studio
1624 979 1731 1035 per
1754 960 2226 1018 l’elaborazione
2250 960 2632 1018 informatica
2655 961 2813 1018 delle
2838 960 2991 1018 fonti
3018 960 3571 1018 storico—artistiche

709 1247 1081 1315 Sassanides,
1111 1247 1267 1305 suivi
1292 1248 1367 1305 de
1392 1247 1689 1305 l’histoire
1714 1248 1789 1305 de
1814 1256 1967 1305 cette
1992 1247 2264 1322 dynastie
2288 1247 2540 1305 traduite
2565 1248 2645 1305 du
2667 1266 2883 1322 persan
2907 1248 2982 1305 de
3006 1247 3354 1315 Mirkhoud,
3381 1247 3544 1305 Paris
3577 1248 3751 1315 1793,
3778 1247 3840 1304 in
3863 1248 3920 1315 4,
3948 1247 4052 1322 fig.

714 1343 943 1401 Sonovi
972 1344 1008 1402 9
1038 1344 1238 1401 tavole
1267 1344 1564 1401 collocate
1593 1343 1683 1401 fra
1709 1343 1753 1400 il
1781 1352 1952 1401 testo.
1986 1344 2390 1418 Quest’opera
2417 1344 2450 1401 è
2479 1343 2818 1401 dottissima
2845 1344 2921 1401 ed
2948 1343 3270 1401 utilissima
3295 1362 3402 1418 per
3429 1343 3975 1418 l’interpretazione
4004 1344 4162 1401 delle
4191 1344 4487 1418 leggende

705 1439 980 1514 persiane
1004 1440 1162 1497 nelle
1187 1439 1489 1514 medaglie
1514 1458 1547 1497 e
1571 1439 1669 1497 nei
1694 1439 2087 1497 monumenti.

474 1632 655 1690 2993.
685 1632 911 1689 SAVOT
934 1631 1138 1699 Lovis,
1165 1631 1456 1689 Discours
1485 1650 1582 1689 sur
1605 1632 1692 1689 les
1718 1631 2032 1689 médailles
2059 1631 2331 1706 antiques
2357 1631 2553 1689 divise
2578 1650 2653 1689 en
2677 1640 2881 1706 quatre
2904 1631 3142 1706 parties,
3169 1631 3332 1689 Paris
3365 1631 3539 1699 1617,
3566 1631 3628 1688 in
3651 1632 3707 1689 4.

706 1726 958 1784 Trattasi
987 1745 1050 1784 se
1077 1727 1133 1784 le
1160 1726 1461 1801 medaglie
1490 1726 1725 1784 antiche
1753 1726 1989 1784 fossero
2017 1735 2276 1794 monete,
2306 1726 2367 1784 di
2394 1726 2557 1801 quali
2584 1726 2831 1784 materie
2858 1726 3093 1784 fossero
3121 1735 3455 1801 composte,
3485 1727 3583 1784 del
3610 1727 3740 1784 loro
3766 1745 3916 1801 peso
3944 1745 3977 1784 e
4004 1727 4208 1784 valore
4233 1726 4485 1784 relativo

707 1841 740 1880 e
765 1823 863 1880 del
886 1822 1096 1897 pregio
1121 1822 1183 1879 in
1207 1822 1304 1880 cui
1328 1822 1607 1897 tengonsi
1633 1823 2016 1880 attualmente
2041 1823 2097 1880 le
2120 1822 2226 1897 più
2251 1822 2503 1880 antiche.

474 2015 655 2073 2994.
699 2015 1050 2072 SCALIGERI
1085 2014 1350 2089 Josephi,
1391 2023 1449 2072 et
1485 2014 1722 2072 Freheri
1759 2014 2131 2089 Masquardi,
2172 2014 2621 2072 Commentatio
2660 2023 2718 2072 et
2754 2014 3007 2072 diatriba
3042 2014 3104 2071 in
3141 2014 3522 2072 Constantini
3559 2016 3707 2089 Imp.
3748 2014 4068 2089 Byzantini
4106 2014 4486 2072 numismatis

708 2110 970 2185 argentei
995 2110 1296 2185 expositio
1322 2111 1562 2185 duplex,
1589 2110 1652 2167 in
1675 2111 1732 2178 4,
1760 2110 1886 2185 fig.,
1921 2110 2096 2178 1504,
2123 2112 2211 2168 M.
2247 2110 2336 2168 16.

702 2207 750 2263 Il
793 2225 937 2281 gran
979 2206 1364 2281 medaglione
1407 2206 1468 2264 di
1511 2206 1867 2264 Costantino
1911 2225 1944 2264 e
1986 2206 2296 2281 intagliato
2339 2206 2402 2263 in
2444 2207 2624 2281 legno
2668 2225 2786 2264 con
2828 2207 3015 2264 molta
3056 2206 3336 2264 maestria
3377 2225 3410 2264 e
3454 2206 3678 2264 fedeltà
3719 2207 3879 2264 nella
3922 2215 4112 2264 stessa
4154 2207 4489 2281 grandezza

706 2301 996 2359 massima
1019 2301 1480 2376 dell’originale.
1510 2302 1825 2376 Opuscolo
1849 2320 1998 2359 raro.

474 2493 655 2552 2995.
686 2494 985 2551 SCHIASSI
1008 2493 1264 2568 Filippo,
1294 2494 1485 2568 Sopra
1507 2493 1852 2551 un’armilla
1875 2494 2052 2551 d’oro
2078 2494 2176 2551 del
2201 2512 2413 2551 museo
2439 2493 2918 2551 dell’università
2941 2493 3002 2551 di
3026 2494 3307 2568 Bologna
3328 2493 3802 2568 ragionamento,
3829 2494 4110 2568 Bologna
4140 2494 4315 2561 1819,
4342 2493 4404 2550 in
4427 2494 4484 2561 4,

707 2589 834 2664 fig.,
861 2591 949 2647 M.
978 2590 1075 2647 28.

701 2721 784 2725 —
809 2686 913 2743 Sul
938 2685 1146 2743 diletto
1172 2685 1335 2760 degli
1362 2685 1518 2743 studi
1544 2685 1830 2760 antiquarj
1861 2704 1894 2743 e
1921 2685 2385 2760 singolarmente
2410 2686 2570 2743 della
2593 2685 3033 2753 numismatica,
3059 2685 3533 2760 ragionamento,
3560 2686 3840 2760 Bologna
3870 2686 4045 2753 1810,
4072 2685 4134 2742 in
4157 2686 4214 2753 4,
4241 2687 4329 2743 M.
4358 2686 4454 2743 28.

474 2876 655 2935 2996.
742 2877 1130 2934 SCHLEGELII
1211 2876 1553 2944 Christiani,
1637 2878 1731 2934 De
1812 2876 2076 2934 nummis
2160 2876 2417 2951 antiquis
2502 2876 2814 2944 Gothanis,
2899 2876 3186 2951 Cygneis,
3271 2876 3784 2951 Coburgensibus,
3868 2876 4345 2944 Vinariensibus,
4431 2885 4489 2934 et

706 2972 1331 3047 Merseburgensibus,
1359 2972 1716 3040 dissertatio,
1743 2972 2114 3030 Francofurti
2146 2973 2321 3040 1717,
2348 2972 2410 3029 in
2433 2973 2471 3029 4
2495 2991 2680 3047 parv.,
2708 2972 2811 3047 fig.

703 3069 838 3126 Con
862 3077 1093 3143 quattro
1118 3069 1318 3126 tavole
1342 3068 1405 3125 in
1430 3068 1571 3126 fine.

474 3261 655 3319 2997.
691 3261 937 3318 SCHOW
963 3260 1223 3328 Nicolai,
1255 3260 1527 3335 Epistola
1554 3260 1616 3317 in
1645 3279 1764 3335 qua
1791 3279 2074 3318 nummus
2104 3260 2323 3335 Ulpiae
2352 3260 2655 3318 Pautaliae
2684 3260 2943 3318 ineditus
2975 3279 3050 3318 ex
3078 3262 3302 3318 Museo
3332 3260 3638 3335 Borgiano
3668 3260 4007 3328 illustratur,
4039 3262 4272 3318 Romae
4309 3261 4484 3328 1789,

706 3355 768 3412 in
791 3356 848 3423 4,
875 3357 963 3413 M.
999 3355 1089 3413 16.

474 3548 655 3606 2998.
701 3548 938 3605 SCOTTI
976 3547 1291 3605 Vincenzo
1332 3548 1565 3615 Natale,
1608 3549 1804 3605 Breve
1844 3548 2089 3605 metodo
2129 3566 2236 3622 per
2275 3547 2640 3622 distinguere
2681 3547 3028 3605 facilmente
3069 3548 3127 3605 la
3164 3547 3340 3605 rarità
3379 3548 3536 3605 delle
3576 3547 3877 3622 medaglie
3919 3547 4154 3605 antiche
4195 3547 4256 3605 di
4296 3547 4427 3605 tutti
4467 3547 4487 3604 i

706 3643 951 3711 metalli,
986 3644 1139 3701 1803
1167 3643 1321 3711 Pisa,
1348 3643 1410 3700 in
1437 3644 1490 3711 8,
1517 3645 1605 3701 M.
1634 3644 1729 3701 71.

711 3740 1002 3797 L’elenco
1028 3740 1186 3797 delle
1211 3739 1512 3814 medaglie
1537 3740 1570 3797 è
1595 3748 1841 3814 esposto
1867 3758 1984 3797 con
2010 3739 2239 3814 segnali
2262 3739 2630 3814 progressivi
2655 3740 2816 3797 dalla
2839 3739 3091 3797 minima
3115 3740 3232 3797 alla
3255 3739 3544 3797 massima
3567 3740 3697 3797 loro
3721 3739 3912 3797 rarità.

479 3932 557 4005 [p-
589 3931 687 4000 83]

474 4123 655 4181 2999.
687 4123 957 4180 SEGUINI
981 4122 1154 4190 Petri,
1186 4123 1422 4180 Selecta
1447 4122 1811 4180 numismata
1837 4122 2079 4197 antiqua
2104 4141 2180 4180 ex
2208 4141 2317 4180 suo
2345 4141 2614 4190 musaeo,
2644 4123 2919 4197 ejusdem
2943 4122 3466 4180 observationibus
3494 4122 3800 4190 illustrata,
3829 4122 4098 4180 Lutetiae
4124 4122 4489 4180 Parisiorum

714 4218 889 4286 1666,
915 4218 977 4275 in
1000 4219 1057 4286 4,
1085 4218 1189 4293 fig.

702 4314 995 4372 Edizione
1021 4323 1496 4372 accuratamente
1521 4314 1793 4389 eseguita
1816 4333 1932 4372 ove
1957 4315 2013 4372 le
2038 4314 2339 4389 medaglie
2366 4333 2516 4372 sono
2543 4314 2871 4372 finamente
2895 4314 3219 4389 intagliate.

476 4506 655 4563 3000.
691 4506 942 4563 SESTINI
970 4505 1332 4573 Domenico,
1364 4505 1778 4563 Illustrazione
1808 4505 2186 4563 d’un’antica
2214 4505 2519 4580 medaglia
2547 4505 2608 4563 di
2636 4505 2888 4580 piombo
2920 4514 3341 4580 appartenente
3372 4524 3406 4563 a
3434 4505 3704 4573 Velletri,
3736 4507 3934 4563 Roma
3969 4505 4144 4573 1796,
4176 4505 4238 4562 in
4267 4506 4324 4573 4,
4357 4505 4484 4580 fig.,

706 4603 794 4659 M.
824 4601 899 4659 65
928 4620 961 4659 e
992 4602 1082 4659 10.

702 4697 861 4755 Vedi
887 4697 1075 4755 anche
1104 4700 1370 4755 Visconti
1391 4700 1630 4755 Lettera
1658 4698 1813 4755 sullo
1841 4706 2033 4755 stesso
2060 4706 2428 4772 argomento.

476 4890 655 4947 3001.
685 4890 937 4947 SESTINI
959 4889 1321 4957 Domenico,
1348 4889 1530 4964 Degli
1557 4889 1754 4947 stateri
1780 4889 2001 4947 antichi
2025 4889 2300 4947 illustrati
2325 4890 2483 4947 colle
2508 4889 2827 4964 medaglie,
2854 4889 3101 4947 Firenze
3133 4890 3308 4957 1817,
3335 4889 3397 4946 in
3420 4890 3477 4957 4,
3505 4889 3631 4964 fig.,
3658 4891 3746 4947 M.
3782 4889 3914 4947 106.

707 4985 1153 5060 Copiosissima
1180 4986 1213 5043 e
1241 4986 1299 5043 la
1328 4985 1479 5043 serie
1507 4985 1568 5043 di
1597 4985 1792 5060 questi
1823 4985 2020 5043 stateri
2049 4985 2271 5043 antichi
2299 4986 2397 5043 nel
2427 4985 2751 5043 Gabinetto
2780 4985 2841 5043 di
2868 4987 3137 5043 Monaco
3166 5004 3282 5043 ove
3313 5004 3376 5043 se
3404 5004 3479 5043 ne
3507 4994 3758 5043 trovano
3794 4986 3905 5043 113
3936 4985 3998 5042 in
4025 5004 4132 5043 oro
4161 5004 4194 5043 e
4223 4994 4485 5060 appunto

707 5089 917 5155 questa
940 5081 973 5138 e
998 5081 1056 5138 la
1081 5080 1232 5138 serie
1257 5080 1368 5138 che
1393 5081 1649 5138 l’autore
1673 5080 1751 5138 ha
1773 5080 2065 5138 illustrato
2091 5081 2167 5138 ed
2191 5089 2434 5155 esposta
2456 5080 2518 5137 in
2542 5081 2578 5139 9
2604 5081 2805 5138 tavole
2829 5080 2891 5137 in
2913 5099 3094 5138 rame.

476 5273 655 5330 3002.
685 5273 1032 5330 SYGILLUM
1058 5272 1478 5347 Garfagnanae
1504 5272 1804 5330 Clementi
1828 5274 1973 5330 XIV
1999 5291 2033 5330 a
2058 5272 2361 5347 Stephano
2386 5272 2612 5347 Borgia
2635 5273 2797 5330 dono
2823 5273 3044 5340 datum,
3071 5274 3159 5330 M.
3191 5273 3285 5330 82.

704 5369 933 5440 Questo
959 5369 992 5426 e
1016 5387 1097 5426 un
1123 5368 1413 5443 semplice
1439 5368 1716 5443 foglietto
1742 5368 1803 5426 di
1830 5377 2076 5443 stampa.

476 5560 655 5617 3003.
687 5560 946 5617 SIMONE
973 5559 1264 5617 Gabrielli
1291 5559 1633 5627 fiorentino,
1662 5559 2075 5617 Illustrazione
2102 5559 2264 5634 degli
2291 5559 2547 5634 epitaffj,
2577 5568 2635 5617 et
2659 5559 2959 5634 medaglie
2987 5559 3245 5634 antique,
3275 5559 3483 5627 Lione,
3512 5578 3619 5634 per
3645 5559 3782 5617 Gio.
3812 5559 3873 5617 di
3898 5561 4186 5627 Tournes,
4223 5559 4398 5627 1558,
4426 5559 4488 5616 in

706 5656 744 5712 4
768 5674 847 5730 p.,
875 5655 979 5730 fig.

711 5751 995 5809 Prezioso
1025 5751 1260 5809 libretto
1288 5770 1394 5826 per
1421 5752 1479 5809 la
1506 5751 1771 5826 quantità
1798 5751 1896 5809 dei
1924 5751 2299 5809 monumenti
2328 5770 2361 5809 e
2390 5751 2691 5826 medaglie
2719 5751 3025 5826 intagliate
3053 5751 3116 5808 in
3144 5752 3324 5826 legno
3354 5770 3471 5809 con
3499 5752 3721 5826 grande
3751 5752 4054 5826 eleganza.
4086 5751 4383 5809 Dedicato
4414 5752 4489 5809 ad

706 5847 970 5905 Alfonso
1009 5848 1217 5905 d’Este
1255 5848 1353 5905 col
1389 5847 1613 5905 ritratto
1652 5847 1713 5905 di
1751 5847 1945 5905 fronte
1984 5848 2101 5905 alla
2137 5847 2368 5905 dedica.
2409 5848 2457 5904 Il
2494 5856 2647 5905 testo
2686 5848 2719 5905 e
2757 5847 2818 5905 di
2863 5848 2977 5905 174
3013 5866 3070 5922 p.
3112 5866 3145 5905 e
3183 5848 3239 5905 le
3276 5848 3476 5905 tavole
3516 5856 3805 5922 stampate
3844 5847 3899 5905 ai
3937 5847 4145 5922 luoghi
4182 5847 4245 5904 in
4282 5848 4485 5922 quello

706 5943 969 6001 indicati.

476 6135 655 6192 3004.
685 6135 888 6192 SIRIES
915 6134 1119 6202 Louis,
1147 6135 1481 6209 Catalogue
1507 6135 1613 6192 des
1637 6134 1861 6209 pierres
1887 6135 2135 6209 gravées
2159 6153 2266 6209 par
2289 6134 2621 6202 lui—meme,
2648 6135 2936 6192 Florence
2968 6134 3143 6202 1757,
3170 6134 3232 6191 in
3255 6135 3312 6202 4,
3340 6134 3444 6209 fig.

703 6231 896 6288 Cento
930 6239 1199 6288 sessanta
1228 6239 1353 6288 otto
1383 6230 1571 6305 pietre
1601 6230 1791 6288 incise
1822 6231 1899 6288 da
1928 6239 2140 6305 questo
2171 6230 2547 6305 intagliatore
2580 6249 2730 6288 sono
2762 6230 3040 6288 descritte
3071 6249 3104 6288 e
3135 6231 3191 6288 le
3224 6230 3310 6288 sei
3341 6230 3549 6305 grandi
3579 6231 3780 6288 tavole
3812 6231 3867 6288 al
3898 6230 4022 6288 fine
4053 6231 4151 6288 del
4182 6230 4335 6288 libro
4366 6249 4488 6288 non

705 6335 1062 6401 presentano
1088 6326 1199 6384 che
1224 6327 1282 6384 la
1306 6326 1470 6384 varia
1493 6327 1829 6401 grandezza
1852 6345 1885 6384 e
1909 6345 2031 6384 non
2054 6326 2097 6383 il
2122 6326 2376 6401 disegno
2402 6326 2500 6384 dei
2527 6326 2785 6401 soggetti
2810 6326 3091 6384 descritti.

2171 6657 2347 6694 WWW.
2358 6637 2734 6710 memofonte.
2748 6639 2791 6694 it
