4958 7017
1981 864 2366 922 Fondazione
2390 838 2775 922 Memofonte
2800 865 2976 922 onlus

1390 960 1600 1018 Studio
1624 979 1731 1035 per
1754 960 2226 1018 l’elaborazione
2250 960 2632 1018 informatica
2655 961 2813 1018 delle
2838 960 2991 1018 fonti
3018 960 3571 1018 storico—artistiche

709 1247 966 1305 storiche
991 1266 1024 1305 e
1049 1247 1311 1305 critiche.
1339 1248 1624 1305 Tradotto
1649 1248 1746 1305 dal
1771 1247 2062 1315 francese,
2089 1247 2360 1305 Venezia
2390 1247 2565 1315 1755,
2593 1248 2630 1304 2
2656 1248 2796 1315 vol.,
2823 1247 2885 1304 in
2916 1248 3007 1315 12,
3035 1247 3139 1322 fig.

708 1344 1112 1418 Quest’opera
1135 1343 1201 1401 fu
1227 1343 1427 1401 scritta
1450 1344 1548 1401 dal
1571 1362 1628 1418 p.
1656 1344 1917 1411 Joubert,
1946 1344 2063 1401 alla
2086 1344 2262 1418 quale
2286 1343 2329 1400 il
2352 1344 2577 1401 barone
2601 1343 2878 1401 Brimard
2902 1343 3036 1401 fece
3061 1362 3180 1401 una
3205 1343 3356 1401 serie
3381 1343 3442 1401 di
3468 1343 3852 1401 annotazioni
3879 1343 4137 1401 storiche
4162 1362 4195 1401 e
4220 1343 4483 1401 critiche.

706 1440 754 1496 Il
796 1440 980 1514 padre
1022 1439 1186 1497 Berti
1229 1440 1498 1497 tradusse
1541 1439 1584 1496 il
1627 1448 1776 1497 tutto
1821 1458 1854 1497 e
1896 1439 2185 1514 pubblicò
2229 1439 2249 1496 i
2293 1440 2409 1497 due
2453 1439 2767 1497 volumetti
2811 1440 2969 1497 colle
3011 1439 3318 1514 rispettive
3362 1439 3680 1514 medaglie.
3730 1440 3959 1511 Questo
4004 1440 4037 1497 e
4080 1458 4161 1497 un
4204 1458 4380 1497 corso
4425 1439 4486 1497 di

706 1535 1130 1593 numismatica
1153 1536 1531 1593 elementare.

474 1727 655 1784 2771.
693 1728 1031 1784 BERTOLDI
1065 1727 1400 1801 Leopoldo,
1437 1728 1647 1784 Parere
1685 1745 1862 1801 sopra
1895 1745 1975 1784 un
2008 1727 2190 1784 basso
2225 1726 2439 1784 rilievo
2476 1726 2537 1784 di
2573 1726 2730 1784 ferro
2767 1726 2904 1784 fuso
2941 1726 3224 1784 esistente
3259 1727 3357 1784 nel
3392 1728 3615 1784 Museo
3651 1726 4096 1784 Numismatico
4133 1726 4194 1784 di
4229 1728 4485 1794 Ferrara,

706 1824 946 1880 Ferrara
976 1822 1150 1890 1715,
1178 1822 1304 1897 fig.,
1331 1822 1393 1879 in
1420 1823 1473 1890 8,
1500 1824 1588 1880 M.
1619 1822 1714 1880 35.

474 2015 655 2072 2772.
685 2016 779 2072 De
805 2016 920 2071 BIB
945 2016 1219 2089 Jacques,
1249 2016 1335 2072 La
1360 2016 1583 2072 France
1610 2014 1976 2089 métallique,
2006 2023 2328 2072 contenant
2353 2015 2440 2072 les
2471 2014 2700 2072 actions
2728 2015 2996 2072 célebres
3025 2015 3131 2072 des
3158 2014 3326 2082 Rois,
3356 2023 3414 2072 et
3439 2015 3546 2072 des
3573 2014 3814 2082 Reines,
3837 2015 4088 2089 jusqu’à
4113 2014 4298 2072 Lovis
4325 2016 4484 2082 XIII,

706 2111 742 2167 2
773 2110 884 2168 vol.
921 2110 1031 2184 leg.
1069 2113 1127 2168 in
1157 2131 1296 2178 uno,
1325 2110 1488 2168 Paris
1524 2110 1699 2178 1636,
1730 2129 1876 2168 avec
1905 2129 1985 2168 un
2012 2110 2319 2168 troisieme
2348 2111 2610 2168 volume.
2642 2112 2758 2168 Les
2787 2110 3050 2168 familles
3079 2111 3154 2168 de
3183 2111 3241 2168 la
3266 2112 3490 2168 France
3517 2110 3833 2178 illustrées,
3863 2110 4026 2168 Paris
4062 2110 4237 2178 1636,
4267 2110 4329 2167 in
4356 2110 4483 2178 fol.,

707 2206 812 2281 fig.

706 2302 832 2359 Può
862 2310 1074 2376 questo
1104 2301 1257 2359 libro
1285 2301 1573 2376 piuttosto
1601 2301 1871 2359 ritenersi
1901 2301 1991 2359 fra
2018 2301 2101 2376 gli
2130 2301 2436 2369 emblemi,
2468 2301 2579 2359 che
2609 2301 2699 2359 fra
2727 2302 2783 2359 le
2812 2320 2994 2376 opere
3023 2301 3084 2359 di
3112 2301 3550 2359 numismatica.
3582 2303 3649 2358 In
3677 2302 4064 2376 quell’epoca
4090 2310 4238 2359 tutto
4268 2301 4488 2359 veniva

707 2406 1197 2472 contrassegnato
1227 2398 1385 2455 colle
1413 2398 1650 2455 dévises
1679 2416 1712 2455 e
1741 2397 1784 2454 il
1813 2397 1993 2472 genio
2023 2416 2056 2455 e
2085 2398 2145 2455 lo
2178 2397 2375 2455 studio
2407 2406 2733 2472 sopratutto
2764 2397 2825 2455 di
2854 2398 2929 2455 de
2957 2397 3088 2465 Bie,
3120 2397 3180 2455 vi
3209 2397 3524 2465 contribuì,
3556 2416 3593 2455 o
3625 2416 3810 2472 seppe
3839 2397 4065 2472 meglio
4095 2397 4308 2472 d’ogni
4338 2398 4486 2455 altro

708 2493 985 2551 adattarsi
1029 2494 1084 2551 al
1127 2502 1302 2568 gusto
1346 2494 1594 2551 dell’età
1638 2512 1760 2551 sua.
1814 2494 1928 2551 132
1971 2494 2171 2551 tavole
2216 2512 2366 2551 sono
2409 2494 2507 2551 nel
2548 2493 2745 2568 primo
2789 2494 3054 2561 volume;
3100 2512 3200 2551 ma
3240 2494 3339 2551 nel
3382 2494 3628 2551 volume
3671 2494 3829 2551 delle
3871 2493 4164 2568 Famiglie
4206 2493 4486 2551 Francesi

706 2589 994 2647 illustrate
1019 2590 1075 2647 le
1100 2589 1295 2664 figure
1322 2608 1472 2647 sono
1497 2589 1740 2647 inserite
1765 2589 1855 2647 fra
1877 2589 1920 2646 il
1944 2598 2115 2647 testo.

472 2800 529 2856 p.
557 2782 635 2839 47

474 2973 655 3030 2773.
682 2974 776 3030 De
800 2974 932 3040 BIB,
959 2972 1342 3030 Numismata
1366 2991 1544 3030 aurea
1566 2972 1995 3047 imperatorum
2015 2991 2404 3030 romanorum
2428 2991 2462 3030 a
2485 2972 2643 3030 Julio
2669 2973 2891 3030 Cesare
2917 2973 2992 3030 ad
3016 2972 3365 3030 Heraclium
3387 2991 3595 3047 usque.

705 3104 788 3108 —
810 3068 1083 3126 Accedit:
1113 3068 1415 3143 Ludolphi
1442 3068 1643 3126 Smids
1669 3070 2084 3126 Romanorum
2106 3070 2540 3143 Imperatorum
2562 3068 2980 3136 Pinacotheca,
3007 3068 3452 3126 Amstelodami
3484 3069 3659 3136 1738,
3686 3068 3748 3125 in
3771 3069 3828 3136 4,
3856 3068 3960 3143 fig.

708 3164 1206 3236 Quest’edizione
1242 3165 1275 3222 e
1308 3164 1590 3239 preferita
1624 3165 1741 3222 alle
1774 3164 1879 3239 più
1914 3164 2150 3222 antiche
2183 3183 2290 3239 per
2323 3165 2656 3222 l’aumento
2692 3165 2850 3222 delle
2884 3164 3278 3222 illustrazioni
3313 3183 3346 3222 e
3382 3165 3540 3222 delle
3574 3165 3793 3222 tavole.
3832 3164 4146 3222 Contiensi
4181 3164 4243 3221 in
4278 3173 4488 3239 questa

706 3269 854 3318 tutto
889 3260 986 3318 ciò
1021 3260 1132 3318 che
1167 3260 1448 3318 abbiamo
1482 3260 1748 3318 indicato
1784 3260 2143 3318 all’articolo
2178 3261 2373 3318 Smids
2407 3279 2524 3318 con
2558 3260 2636 3318 64
2670 3261 2870 3318 tavole
2904 3260 2965 3318 di
2997 3260 3119 3335 più,
3156 3261 3305 3318 oltre
3339 3261 3395 3318 le
3429 3261 3508 3317 24
3543 3260 3641 3318 dei
3675 3260 3883 3318 Cesari
3916 3260 4190 3335 Equestri
4224 3260 4322 3318 coi
4356 3261 4486 3318 loro

706 3355 1077 3430 medaglioni
1107 3355 1404 3430 disegnati
1434 3356 1511 3413 da
1540 3355 1677 3413 Gio.
1713 3356 2002 3413 Stradano
2033 3374 2066 3413 e
2095 3355 2387 3430 intagliati
2417 3356 2494 3413 da
2523 3355 2805 3430 Crispino
2836 3356 2934 3413 del
2963 3357 3167 3413 Passo.
3200 3356 3248 3412 Il
3278 3355 3670 3430 frontespizio
3701 3356 3734 3413 e
3765 3355 4023 3430 figurato
4054 3374 4087 3413 e
4119 3355 4335 3413 sonovi
4372 3355 4486 3413 186

705 3451 924 3526 pagine
949 3451 1010 3509 di
1034 3460 1205 3509 testo.

474 3644 655 3701 2774.
682 3645 903 3711 BIZOT,
931 3643 1195 3701 Histoire
1220 3643 1568 3718 métallique
1593 3644 1668 3701 de
1693 3644 1751 3701 la
1772 3643 2126 3718 république
2151 3644 2540 3711 d’Hollande,
2567 3643 2730 3701 Paris
2763 3643 2937 3711 1687,
2964 3643 3026 3700 in
3050 3643 3177 3711 fol.,
3205 3643 3309 3718 fig.

717 3740 918 3814 Opera
944 3739 1322 3797 ricchissima
1348 3758 1455 3814 per
1483 3740 1539 3797 le
1568 3740 1768 3797 tavole
1797 3739 2122 3814 interposte
2153 3740 2208 3797 al
2237 3748 2390 3797 testo
2421 3758 2454 3797 e
2485 3748 2960 3797 accuratamente
2989 3739 3295 3814 intagliate
3328 3758 3396 3797 su
3425 3739 3662 3814 disegni
3692 3739 3982 3814 diligenti.
4015 3740 4063 3796 Il
4093 3739 4486 3814 frontespizio

707 3835 772 3893 fu
805 3835 1120 3910 disegnato
1154 3836 1231 3893 da
1264 3836 1400 3893 Seb.
1437 3837 1521 3893 Le
1555 3836 1750 3903 Clerc,
1786 3835 1897 3893 che
1931 3836 2072 3893 avrà
2101 3835 2581 3910 probabilmente
2614 3835 2975 3893 contribuito
3011 3836 3130 3893 allo
3166 3836 3485 3910 splendore
3518 3835 3949 3893 dell’edizione
3983 3835 4172 3893 anche
4205 3835 4267 3892 in
4300 3836 4486 3893 molte

708 3931 851 3988 altre
875 3931 1092 3988 tavole.

474 4122 655 4180 2775.
686 4124 947 4180 BOCCHI
972 4124 1306 4180 Francesco
1337 4122 1669 4190 Girolamo,
1700 4122 2150 4180 Dissertazione
2181 4141 2358 4197 sopra
2384 4141 2464 4180 un
2493 4122 2690 4180 antico
2722 4122 2923 4197 sigillo
2953 4122 3014 4180 di
3042 4122 3230 4180 Adria
3257 4122 3540 4180 esistente
3568 4123 3666 4180 nel
3694 4124 3916 4180 Museo
3945 4122 4270 4197 Borgiano,
4301 4122 4489 4180 Adria

714 4219 889 4286 1799,
915 4218 977 4275 in
1000 4219 1057 4286 4,
1085 4218 1211 4293 fig.,
1238 4220 1326 4276 M.
1362 4219 1452 4276 11.

474 4410 655 4468 2776.
684 4412 913 4468 BOECE
938 4411 1229 4468 Anselme
1257 4411 1332 4468 de
1358 4412 1536 4478 Boot,
1565 4412 1649 4468 Le
1674 4410 1892 4485 parfait
1916 4410 2200 4478 Joaillier,
2230 4429 2310 4468 ou
2336 4410 2584 4468 histoire
2611 4411 2717 4468 des
2743 4410 3074 4485 pierreries,
3104 4411 3179 4468 de
3205 4429 3485 4468 nouveau
3511 4410 3738 4468 enrichi
3766 4411 3841 4468 de
3866 4411 4057 4468 belles
4087 4410 4484 4478 annotations,

706 4505 937 4563 indices
963 4514 1021 4563 et
1045 4505 1270 4580 figures
1294 4524 1401 4580 par
1424 4506 1628 4563 André
1652 4506 1806 4573 Toll,
1833 4505 1987 4563 Lion
2018 4505 2193 4573 1644,
2220 4505 2282 4562 in
2309 4506 2362 4573 8,
2390 4505 2494 4580 fig.
2522 4505 2898 4563 Traduzione
2923 4506 3021 4563 dal
3046 4505 3248 4563 latino.

704 4602 905 4676 Opera
937 4601 1175 4659 curiosa
1207 4620 1240 4659 e
1272 4601 1558 4659 ricercata
1588 4620 1695 4676 per
1725 4602 1781 4659 le
1815 4602 2000 4659 molte
2033 4601 2256 4659 notizie
2290 4601 2401 4659 che
2435 4601 2731 4659 contiene:
2770 4601 2790 4658 i
2822 4601 3171 4676 bibliografi
3205 4601 3463 4659 francesi
3497 4602 3923 4676 l’apprezzano
3956 4601 4061 4676 più
4094 4602 4254 4659 della
4286 4601 4484 4669 latina,

707 4697 869 4755 forse
902 4697 1122 4772 perché
1157 4698 1215 4755 la
1248 4697 1526 4755 versione
1560 4698 1721 4755 nella
1755 4697 1960 4772 lingua
1993 4697 2195 4755 nativa
2226 4716 2333 4772 per
2366 4698 2527 4755 l’uso
2563 4697 2674 4755 che
2709 4716 2784 4755 ne
2818 4697 3018 4755 hanno
3054 4697 3201 4755 fatto
3237 4697 3584 4755 facilmente
3620 4697 3703 4772 gli
3740 4697 3942 4765 artisti,
3979 4697 4056 4755 ha
4089 4697 4408 4755 diminuito
4443 4697 4486 4754 il

706 4812 956 4851 numero
982 4793 1144 4868 degli
1169 4793 1506 4868 esemplari.

474 4986 655 5043 2777.
693 4987 979 5043 BOETIUS
1017 4986 1345 5043 Anselmus
1381 4987 1475 5043 De
1511 4987 1689 5053 Boot,
1729 4986 2137 5053 Gemmarum,
2176 4994 2234 5043 et
2268 4985 2539 5060 lapidum
2572 4985 2821 5043 historia
2855 5004 2996 5043 cum
3030 4985 3478 5043 commentariis
3515 4985 3765 5043 Adriani
3800 4985 4001 5053 Tollii,
4040 4985 4137 5043 cui
4174 4986 4483 5053 accedunt,

706 5082 873 5138 Joan.
903 5081 978 5138 de
1003 5082 1149 5138 Laet
1173 5081 1248 5138 de
1274 5080 1551 5155 gemmis,
1580 5089 1638 5138 et
1662 5080 1963 5155 lapidibus
1990 5080 2125 5138 libri
2151 5081 2290 5148 duo,
2319 5089 2377 5138 et
2400 5080 2753 5155 Teophrasti
2779 5080 2930 5138 liber
2954 5081 3029 5138 de
3055 5080 3374 5155 lapidibus,
3403 5099 3596 5155 graec.
3626 5089 3684 5138 et
3708 5081 3804 5138 Iat.
3834 5099 3975 5138 cum
3996 5080 4280 5138 brevibus
4307 5080 4483 5148 notis,

706 5176 984 5251 Lugduni
1008 5178 1378 5234 Batavorum
1407 5176 1582 5244 1647,
1609 5176 1671 5233 in
1698 5177 1751 5244 8,
1779 5176 1883 5251 fig.

711 5272 1004 5330 Edizione
1040 5272 1223 5330 latina
1257 5273 1315 5330 la
1347 5272 1453 5347 più
1488 5273 1792 5347 completa
1826 5272 1887 5330 di
1923 5273 2325 5347 quest’opera.
2364 5274 2448 5330 Le
2483 5273 2684 5330 tavole
2719 5272 2782 5329 in
2817 5273 2997 5347 legno
3037 5291 3239 5347 sparse
3275 5272 3365 5330 fra
3398 5272 3442 5329 il
3477 5281 3631 5330 testo
3668 5273 4004 5347 dell’opera
4036 5281 4394 5347 presentano
4431 5273 4487 5330 le

705 5368 893 5443 pietre
918 5368 979 5426 di
1004 5368 1168 5426 varia
1191 5368 1336 5426 fatta
1358 5369 1520 5426 nello
1548 5377 1699 5426 stato
1725 5369 1855 5426 loro
1880 5369 2161 5426 naturale.

474 5560 655 5617 2778.
689 5561 1006 5617 BOHMERI
1034 5559 1183 5617 Justi
1215 5559 1579 5634 Christoph,
1613 5561 2060 5634 Programmata
2089 5561 2170 5616 III
2201 5559 2555 5634 Auspicalia
2585 5559 2845 5617 docendi
2876 5559 2938 5616 in
2968 5559 3304 5617 Academia
3333 5559 3506 5627 Julia,
3541 5560 3616 5617 de
3645 5559 4024 5634 providentia
4053 5560 4483 5634 Augustorum,

707 5656 782 5713 de
806 5655 1081 5730 Principe
1107 5656 1374 5723 Oratore,
1402 5656 1477 5713 de
1501 5655 1830 5713 Divinitate
1857 5655 2193 5730 Scripturae
2220 5656 2454 5723 Sacrae,
2482 5655 2844 5713 Helmstadii
2876 5656 3050 5723 1717,
3077 5655 3139 5712 in
3162 5656 3219 5723 4,
3246 5657 3334 5713 M.
3364 5655 3459 5713 57.

707 5752 842 5809 Con
865 5770 984 5809 una
1006 5752 1209 5809 tavola
1232 5751 1293 5809 di
1318 5751 1688 5826 medaglioni
1713 5751 2028 5809 illustranti
2052 5751 2096 5808 il
2119 5751 2315 5826 primo
2339 5770 2738 5826 programma.

479 5945 557 6018 [p.
585 5944 687 6013 48]

474 6135 655 6193 2779.
684 6136 1000 6192 BONANNI
1023 6134 1303 6209 Philippi,
1332 6134 1714 6192 Numismata
1738 6134 2108 6192 Pontificum
2130 6153 2382 6192 romano
2408 6153 2557 6202 rum,
2587 6153 2740 6209 quae
2768 6153 2802 6192 a
2826 6143 3096 6209 tempore
3122 6134 3369 6192 Martini
3397 6134 3604 6206 Quinti
3630 6153 3821 6209 usque
3849 6135 3924 6192 ad
3951 6153 4174 6192 annum
4206 6134 4361 6193 1699
4390 6135 4487 6192 vel

708 6230 1054 6288 auctoritate
1077 6230 1338 6305 publica,
1366 6231 1463 6288 vel
1486 6230 1720 6305 privato
1746 6230 1925 6305 genio
1950 6230 2013 6287 in
2037 6231 2238 6288 lucem
2259 6230 2554 6305 prodiere,
2581 6232 2813 6288 Romae
2845 6230 3019 6298 1699,
3047 6231 3084 6287 2
3110 6231 3251 6298 vol.,
3278 6230 3340 6287 in
3364 6230 3491 6298 fol.,
3519 6230 3623 6305 fig.

474 6423 655 6480 2780.
684 6424 1000 6480 BONANNI
1024 6422 1304 6497 Philippi,
1333 6422 1715 6480 Numismata
1743 6441 2118 6480 summorum
2142 6422 2512 6480 Pontificum
2536 6422 2774 6497 Templi
2800 6422 3079 6480 Vaticani
3107 6422 3401 6480 fabricam
3425 6422 3768 6490 indicantia,
3798 6424 4031 6480 Romae
4065 6422 4240 6490 1696,
4269 6422 4331 6479 in
4357 6422 4485 6490 fol.,

2171 6657 2347 6694 WWW.
2358 6637 2734 6710 memofonte.
2748 6639 2791 6694 il
