4958 7017
1981 864 2366 922 Fondazione
2390 838 2775 922 Memofonte
2800 865 2976 922 onlus

1390 960 1600 1018 Studio
1624 979 1731 1035 per
1754 960 2226 1018 l’elaborazione
2250 960 2632 1018 informatica
2655 961 2813 1018 delle
2838 960 2991 1018 fonti
3018 960 3571 1018 storico—artistiche

473 1251 640 1320 462.
678 1252 952 1320 CAPRA
977 1251 1423 1320 Alessandro
1459 1251 1829 1320 architetto
1863 1273 1902 1320 e
1936 1251 2280 1320 cittadino
2315 1273 2758 1333 cremonese,
2794 1253 2897 1320 La
2931 1262 3159 1320 stessa
3191 1251 3427 1320 divisa
3458 1251 3532 1319 in
3565 1252 3609 1319 2
3641 1251 3842 1320 tomi.
3878 1251 4346 1341 Aggiuntavi:
4385 1253 4489 1320 La

707 1388 949 1435 nuova
978 1366 1429 1435 architettura
1456 1366 1784 1448 militare,
1818 1367 2181 1435 Cremona
2217 1367 2425 1448 1717,
2458 1366 2532 1434 in
2560 1367 2628 1448 4,
2661 1366 2788 1456 fig.

702 1477 995 1535 Edizione
1047 1478 1311 1535 seconda
1359 1496 1477 1535 con
1526 1477 1803 1552 maggior
1850 1496 2100 1535 numero
2151 1477 2212 1535 di
2262 1478 2377 1535 lav.
2430 1477 2493 1534 in
2543 1478 2742 1552 legno.
2798 1477 2861 1535 Si
2911 1478 3157 1535 estende
3208 1478 3397 1535 molto
3448 1478 3836 1552 quest’opera
3886 1478 4037 1535 sulle
4087 1477 4402 1535 macchine
4453 1496 4486 1535 e

706 1573 1095 1631 meccaniche
1120 1574 1196 1631 ed
1219 1573 1313 1631 usi
1338 1573 1658 1631 domestici
1683 1574 1841 1631 delle
1867 1573 1990 1631 arti.

469 1788 636 1857 463.
672 1789 1126 1857 CARAMUEL
1148 1790 1236 1857 D.
1270 1790 1472 1870 Juan,
1505 1788 2002 1857 Architectura
2031 1788 2225 1870 civil,
2258 1799 2450 1857 recta
2478 1811 2524 1878 y
2555 1788 2871 1878 obliqua,
2906 1788 3380 1857 considerada
3408 1811 3454 1878 y
3485 1788 3849 1857 dibuxada
3878 1810 3967 1857 en
3998 1788 4065 1857 el
4094 1788 4368 1878 tempio
4399 1788 4488 1857 de

706 1903 1124 1985 Jerusalem,
1158 1925 1247 1972 en
1276 1905 1671 1993 Vegeeven
1710 1903 1918 1985 1678,
1951 1903 2095 1972 vol.
2131 1904 2196 1985 3,
2229 1903 2303 1971 in
2332 1903 2459 1972 fol.
2493 1903 2619 1993 fig.

708 2015 909 2089 Opera
937 2014 1309 2089 farraginosa
1337 2033 1454 2072 con
1483 2033 1564 2072 un
1594 2015 1839 2072 volume
1869 2014 2060 2072 intero
2091 2014 2152 2072 di
2181 2015 2381 2072 tavole
2418 2014 2551 2082 161,
2583 2014 2890 2089 intagliate
2920 2014 2982 2071 in
3010 2033 3192 2082 rame,
3225 2033 3342 2072 ove
3374 2014 3423 2072 si
3452 2015 3619 2089 parla
3647 2033 3680 2072 e
3713 2014 3762 2072 si
3790 2023 4068 2089 presenta
4095 2014 4138 2071 il
4168 2014 4395 2089 tempio
4426 2014 4487 2072 di

709 2111 1040 2168 Solomone
1087 2129 1120 2168 e
1169 2111 1312 2168 altre
1362 2119 1554 2168 strane
1602 2129 1747 2168 cose
1794 2110 1970 2168 miste
2018 2111 2134 2168 alle
2179 2111 2398 2168 buone.
2448 2111 2574 2168 Può
2620 2110 2980 2185 riguardarsi
3027 2129 3203 2168 come
3250 2129 3331 2168 un
3377 2110 3734 2185 magazzino
3781 2110 4082 2185 indigesto
4130 2110 4191 2168 di
4238 2119 4383 2168 tutte
4430 2111 4486 2168 le

707 2206 1054 2281 cognizioni
1077 2206 1440 2281 riguardanti
1465 2206 1909 2264 l’architettura.

469 2420 636 2489 464.
671 2421 1063 2489 CARLETTI
1085 2420 1375 2502 Nicolo,
1409 2420 1810 2489 Istituzioni
1841 2420 2375 2489 d’architettura
2403 2420 2642 2502 civile,
2675 2420 2819 2489 vol.
2854 2421 2920 2502 2,
2952 2420 3220 2510 Napoli
3259 2421 3467 2502 1772,
3500 2420 3574 2488 in
3602 2421 3670 2502 4,
3703 2420 3829 2510 fig.

709 2536 908 2604 Sono
942 2535 1016 2603 in
1049 2536 1512 2625 quest’opera
1544 2536 1630 2603 21
1671 2535 1911 2604 tavole
1945 2535 2100 2604 cosi
2134 2535 2280 2604 mal
2313 2535 2680 2625 intagliate
2714 2535 2847 2604 che
2880 2557 3026 2604 non
3058 2557 3382 2625 possono
3417 2535 3711 2625 guidare
3746 2535 3879 2604 che
3913 2557 4052 2604 con
4085 2535 4488 2604 incertezza

707 2650 777 2719 la
806 2650 1151 2740 gioventù
1181 2650 1204 2718 i
1234 2650 1530 2740 precetti
1564 2672 1745 2719 sono
1779 2650 1932 2719 sani
1962 2672 2088 2740 per
2116 2650 2344 2732 l’arte,
2379 2650 2546 2719 falsi
2576 2650 2695 2740 pel
2727 2661 2937 2740 gusto
2969 2672 3008 2719 e
3041 2650 3140 2740 gli
3172 2650 3449 2740 esempi
3480 2672 3626 2719 non
3658 2650 3780 2719 atti
3813 2650 3902 2719 ad
3933 2650 4189 2719 alcuna
4216 2650 4488 2740 pratica

707 2765 994 2834 lineare.

469 2995 636 3064 465.
687 2996 1072 3064 CATANEO
1113 2995 1369 3077 Pietro,
1420 2997 1449 3063 I
1494 3006 1772 3085 quattro
1817 2995 2030 3085 primi
2076 2995 2238 3064 libri
2285 2995 2839 3077 d’architettura,
2888 2995 3233 3077 Venezia,
3282 2995 3356 3063 in
3402 3017 3571 3064 casa
3615 2995 3729 3064 de’
3783 2995 4101 3085 figliuoli
4148 2995 4220 3064 di
4265 2995 4483 3077 Aldo,

716 3110 924 3192 1554,
957 3110 1031 3178 in
1060 3110 1109 3179 f.
1143 3110 1269 3200 fig.

473 3321 640 3390 466.
685 3322 1070 3390 CATANEO
1105 3321 1361 3403 Pietro,
1403 3321 1877 3411 Aggiuntovi:
1923 3321 2245 3390 Verantii
2284 3321 2526 3390 Fausti
2569 3321 2794 3390 siceni
2834 3321 3212 3390 machinae
3251 3343 3485 3390 novae
3524 3343 3683 3390 rum
3722 3321 4205 3390 declaratione
4244 3321 4483 3403 latina,

707 3436 968 3518 italica,
1019 3436 1414 3526 hispanica,
1468 3436 1731 3526 gallica
1778 3447 1847 3505 et
1894 3436 2326 3526 germanica,
2378 3436 2729 3518 Venetiis,
2782 3458 2950 3505 cum
2996 3436 3419 3526 privilegiis,
3474 3436 3628 3505 sine
3678 3458 3866 3505 anno
3916 3447 3985 3505 et
4031 3436 4486 3526 impressoris

707 3551 1023 3620 nomine.

709 3663 873 3720 Sono
898 3663 977 3721 49
1003 3663 1223 3730 tavole;
1252 3662 1602 3737 aggiuntovi
1628 3663 1773 3720 altre
1797 3662 2112 3720 macchine
2137 3681 2170 3720 e
2195 3662 2431 3737 disegni
2457 3662 2599 3720 vari.

473 3877 640 3946 467.
696 3878 1081 3946 CATANEO
1127 3877 1383 3959 Pietro,
1436 3879 1542 3946 Lo
1596 3877 1833 3946 studio
1885 3877 2420 3946 d’architettura
2470 3877 2687 3946 civile
2740 3899 2951 3967 sopra
3000 3877 3099 3967 gli
3151 3877 3551 3946 ornamenti
3603 3877 3675 3946 di
3725 3888 3927 3967 porte
3978 3899 4017 3946 e
4067 3877 4362 3946 finestre
4414 3877 4486 3946 di

707 3992 1118 4061 Domenico
1149 3992 1262 4061 de’
1300 3992 1540 4074 Rossi,
1573 3992 1868 4061 italiano
1899 4014 1938 4061 e
1966 3992 2283 4061 tedesco.
2316 3993 2657 4082 Auspurg
2689 3993 3109 4074 senz’anno,
3142 3992 3216 4060 in
3245 3992 3372 4061 fol.
3406 3992 3532 4082 fig.
3565 3992 3808 4061 tavole
3838 3992 3953 4061 53.

706 4104 754 4160 Il
791 4103 1092 4161 Veranzio
1130 4122 1252 4161 non
1289 4104 1679 4161 debb’essere
1717 4103 1778 4161 di
1816 4104 2005 4161 molto
2045 4103 2240 4161 antica
2275 4103 2675 4178 impressione
2718 4105 2796 4178 [p.
2841 4104 2939 4173 83]
2981 4103 3200 4178 poiché
3238 4103 3527 4161 dimostra
3563 4104 3619 4161 le
3656 4122 3856 4161 nuove
3893 4103 4233 4161 Procuratie
4270 4103 4332 4160 in
4369 4122 4488 4161 una

706 4200 908 4257 tavola
934 4200 1094 4257 della
1120 4199 1337 4257 Piazza
1365 4200 1422 4257 S.
1453 4201 1667 4257 Marco
1697 4199 1758 4257 di
1785 4199 2056 4257 Venezia
2083 4199 2366 4257 edificate
2394 4200 2492 4257 col
2520 4208 2683 4257 terzo
2710 4199 2892 4274 piano
2921 4218 3004 4257 ec.
3040 4218 3073 4257 e
3101 4199 3273 4274 quasi
3300 4200 3591 4274 potrebbe
3619 4199 4031 4257 determinarsi
4059 4200 4319 4274 l’epoca,
4352 4218 4415 4257 se
4443 4199 4486 4256 il

707 4295 961 4370 disegno
997 4296 1030 4353 e
1066 4296 1429 4353 abbastanza
1463 4295 1680 4363 fedele,
1719 4295 1968 4370 giacché
2004 4314 2126 4353 non
2161 4295 2369 4353 vedesi
2405 4296 2463 4353 la
2497 4295 2787 4370 loggietta
2821 4296 2938 4353 alla
2971 4304 3143 4353 torre.
3184 4295 3497 4370 Singolare
3532 4296 3565 4353 e
3598 4296 3744 4370 però
3779 4295 3822 4352 il
3855 4295 4020 4370 porsi
4056 4296 4241 4370 lungo
4277 4304 4488 4370 questa

706 4390 923 4448 Piazza
952 4399 1037 4448 tre
1069 4390 1331 4458 fontane,
1366 4390 1477 4448 che
1509 4390 1629 4465 egli
1659 4391 2025 4465 pretendeva
2053 4399 2260 4465 potere
2292 4390 2382 4448 far
2414 4409 2653 4465 sorgere
2685 4391 2945 4465 d’acqua
2975 4391 3152 4448 dolce
3184 4409 3301 4448 con
3330 4409 3490 4465 poco
3522 4390 3859 4465 dispendio.
3894 4392 3978 4448 Le
4009 4391 4209 4448 tavole
4243 4409 4393 4448 sono
4426 4390 4487 4448 di

706 4486 1021 4544 meschino
1046 4486 1296 4561 intaglio
1322 4505 1355 4544 e
1380 4487 1436 4544 le
1460 4486 1706 4544 nozioni
1731 4505 1853 4544 non
1876 4495 2091 4561 troppo
2117 4486 2316 4544 chiare
2341 4505 2374 4544 e
2397 4486 2649 4561 precise,
2676 4505 2798 4544 non
2824 4505 3004 4544 senza
3025 4487 3171 4561 però
3197 4486 3451 4561 qualche
3477 4486 3715 4544 finezza
3738 4486 3799 4544 di
3825 4486 4290 4561 accorgimento.

469 4682 636 4751 468.
681 4683 1088 4764 CATANEO,
1126 4684 1155 4750 I
1193 4693 1471 4772 quattro
1511 4682 1724 4772 primi
1764 4682 1925 4751 libri
1966 4682 2519 4764 d’architettura,
2562 4682 2906 4764 Venezia,
2949 4682 3023 4750 in
3063 4704 3231 4751 casa
3269 4682 3385 4751 dei
3425 4682 3742 4772 figliuoli
3783 4682 3855 4751 di
3894 4682 4112 4764 Aldo,
4163 4682 4371 4764 1554,
4414 4682 4487 4750 in

707 4797 834 4866 fol.
868 4797 994 4887 fig.

465 5008 632 5078 469.
695 5009 1080 5077 CATANEO
1133 5008 1389 5090 Pietro,
1449 5008 2016 5090 L’architettura,
2079 5008 2219 5077 alla
2274 5008 2487 5098 quale
2545 5008 2723 5077 oltre
2782 5008 3111 5077 all’esser
3169 5008 3328 5077 stati
3387 5008 3581 5077 dallo
3642 5019 3873 5077 stesso
3933 5019 4176 5077 autore
4232 5008 4484 5090 rivisti,

708 5123 1035 5205 ordinati,
1074 5145 1113 5192 e
1149 5123 1502 5192 arricchiti
1537 5123 1560 5191 i
1594 5123 1807 5213 primi
1842 5134 2120 5213 quattro
2155 5123 2317 5192 libri
2350 5145 2476 5213 per
2508 5123 2891 5192 l’addietro
2929 5123 3282 5213 stampati,
3323 5123 3571 5192 sonosi
3608 5123 3927 5213 aggiunti
3963 5123 4035 5192 di
4069 5123 4194 5213 più
4228 5123 4279 5191 il
4314 5123 4380 5205 5,
4418 5123 4484 5205 6,

707 5240 750 5307 7
783 5238 873 5307 ed
905 5239 943 5307 8
976 5238 1182 5320 libro,
1215 5238 1559 5320 Venezia,
1591 5238 1810 5320 Aldo,
1852 5238 2060 5320 1567,
2093 5238 2167 5306 in
2196 5238 2323 5307 fol.
2357 5238 2483 5328 fig.

708 5350 909 5424 Opera
938 5350 1093 5407 bene
1126 5349 1443 5424 concepita
1474 5368 1507 5407 e
1541 5349 1602 5407 di
1633 5350 1795 5407 bella
1826 5349 2187 5407 esecuzione
2221 5350 2379 5407 colle
2411 5350 2612 5407 tavole
2645 5349 2706 5407 di
2738 5358 2989 5424 purgato
3023 5349 3297 5424 disegno,
3332 5349 3639 5424 intagliate
3671 5349 3734 5406 in
3766 5350 3947 5424 legno
3981 5368 4014 5407 e
4046 5349 4288 5407 inserite
4322 5349 4412 5407 fra
4443 5349 4486 5406 il

706 5453 877 5502 testo.
905 5446 991 5502 La
1012 5444 1206 5519 prima
1229 5444 1507 5502 edizione
1533 5444 1599 5502 fu
1622 5444 1917 5502 intitolata
1941 5445 2016 5502 ad
2039 5446 2204 5502 Enea
2226 5444 2643 5512 Piccolomini,
2671 5445 2729 5502 la
2755 5445 3019 5502 seconda
3043 5463 3077 5502 a
3099 5446 3432 5502 Francesco
3458 5444 3556 5502 dei
3580 5444 3830 5502 Medici.

477 5641 644 5709 470.
699 5641 1023 5709 CERATO
1068 5640 1479 5709 Domenico
1530 5640 1941 5722 Vicentino,
1993 5642 2261 5709 Nuovo
2311 5640 2606 5709 metodo
2655 5662 2781 5730 per
2828 5640 3207 5730 insegnare
3256 5640 3307 5708 li
3358 5640 3619 5730 cinque
3669 5640 3902 5709 ordini
3953 5640 4488 5709 d’architettura

708 5755 925 5824 civile
970 5755 1347 5824 conforme
1391 5755 1460 5824 le
1503 5755 1750 5845 regole
1795 5755 1867 5824 di
1912 5755 2235 5824 Palladio
2281 5777 2320 5824 e
2365 5755 2437 5824 di
2484 5755 2867 5824 Scamozzi
2913 5755 3003 5824 ed
3048 5755 3302 5824 alcune
3345 5755 3591 5845 regole
3636 5755 3708 5824 di
3755 5755 4151 5845 geometria
4192 5755 4482 5845 pratica,

707 5870 999 5939 Padova
1035 5871 1243 5952 1784,
1276 5870 1350 5938 in
1378 5871 1424 5938 4
1454 5870 1598 5939 vol.
1633 5871 1699 5952 2,
1732 5870 1949 5960 legati
1979 5870 2053 5938 in
2081 5892 2248 5939 uno.

708 5982 937 6053 Questo
967 5981 1120 6039 libro
1152 5981 1201 6039 si
1231 5981 1528 6039 annuncia
1553 5981 2074 6056 particolarmente
2103 6000 2268 6039 esser
2295 5981 2442 6039 fatto
2473 6000 2507 6039 a
2532 5981 2840 6039 beneficio
2870 5982 3028 6039 delle
3058 5981 3164 6039 arti
3192 5981 3580 6039 meccaniche
3609 5982 3705 6039 de’
3740 5981 4110 6056 marangoni,
4142 5981 4425 6039 muratori
4454 6000 4487 6039 e

706 6077 1122 6152 taglia-pietra.

473 6293 640 6361 471.
675 6294 793 6361 Du
824 6293 1204 6361 CERCEAU
1227 6292 1479 6361 Jacobi
1509 6292 1960 6374 Andronetii,
1994 6294 2107 6361 De
2140 6292 2607 6361 architectura
2636 6314 2818 6382 opus
2852 6314 2981 6374 ec.,
3016 6292 3339 6361 Lutetiae
3370 6292 3807 6361 Parisiorum
3845 6292 4053 6374 1559,
4087 6292 4161 6360 in
4191 6292 4318 6361 fol.
4354 6292 4481 6382 fig.

707 6407 944 6476 Prima
972 6407 1326 6476 edizione.

2171 6657 2347 6694 WWW.
2358 6637 2734 6710 memofonte.
2748 6639 2791 6694 il
