<?xml version="1.0" encoding="UTF-8"?>
<!DOCTYPE html PUBLIC "-//W3C//DTD XHTML 1.0 Transitional//EN" "http://www.w3.org/TR/xhtml1/DTD/xhtml1-transitional.dtd">
<html xmlns="http://www.w3.org/1999/xhtml" xml:lang="en" lang="en">
  <head>
    <title>
</title>
    <meta http-equiv="Content-Type" content="text/html;charset=utf-8" />
    <meta name="ocr-system" content="tesseract 3.04.00" />
    <meta name="ocr-capabilities" content="ocr_page ocr_carea ocr_par ocr_line ocrx_word" />
  </head>
  <body>
    <div class="ocr_page" id="page_1" title="image &quot;tess/page344.tif&quot;; bbox 0 0 4958 7017; ppageno 0">
      <div class="ocr_carea" id="block_1_1" title="bbox 2188 398 2776 754">
        <p class="ocr_par" dir="ltr" id="par_1_1" title="bbox 2188 398 2776 754">
          <span class="ocr_line" id="line_1_1" title="bbox 2188 398 2776 754; baseline 0 6263">
            <span class="ocrx_word" id="word_1_1" title="bbox 2188 398 2776 754; x_wconf 95" lang="ita" dir="ltr" xml:lang="ita"> </span>
          </span>
        </p>
      </div>
      <div class="ocr_carea" id="block_1_2" title="bbox 1390 864 3571 1035">
        <p class="ocr_par" dir="ltr" id="par_1_2" title="bbox 1390 864 3571 1035">
          <span class="ocr_line" id="line_1_2" title="bbox 1981 864 2976 922; baseline 0.001 -1">
            <span class="ocrx_word" id="word_1_2" title="bbox 1981 864 2366 922; x_wconf 80" lang="ita" dir="ltr" xml:lang="ita">Fondazione</span>
            <span class="ocrx_word" id="word_1_3" title="bbox 2390 864 2775 922; x_wconf 93" lang="ita" dir="ltr" xml:lang="ita">Memofonte</span>
            <span class="ocrx_word" id="word_1_4" title="bbox 2800 865 2976 922; x_wconf 86" lang="ita" dir="ltr" xml:lang="ita">onlus</span>
          </span>
          <span class="ocr_line" id="line_1_3" title="bbox 1390 960 3571 1035; baseline 0 -17">
            <span class="ocrx_word" id="word_1_5" title="bbox 1390 960 1600 1018; x_wconf 89" lang="ita" dir="ltr" xml:lang="ita">Studio</span>
            <span class="ocrx_word" id="word_1_6" title="bbox 1624 979 1731 1035; x_wconf 99" lang="ita" dir="ltr" xml:lang="ita">per</span>
            <span class="ocrx_word" id="word_1_7" title="bbox 1754 960 2226 1018; x_wconf 98" lang="ita" dir="ltr" xml:lang="ita">l’elaborazione</span>
            <span class="ocrx_word" id="word_1_8" title="bbox 2250 960 2632 1018; x_wconf 97" lang="ita" dir="ltr" xml:lang="ita">informatica</span>
            <span class="ocrx_word" id="word_1_9" title="bbox 2655 961 2813 1018; x_wconf 98" lang="ita" dir="ltr" xml:lang="ita">delle</span>
            <span class="ocrx_word" id="word_1_10" title="bbox 2838 960 2991 1018; x_wconf 99" lang="ita" dir="ltr" xml:lang="ita">fonti</span>
            <span class="ocrx_word" id="word_1_11" title="bbox 3018 960 3571 1018; x_wconf 97" lang="ita" dir="ltr" xml:lang="ita">storico—artistiche</span>
          </span>
        </p>
      </div>
      <div class="ocr_carea" id="block_1_3" title="bbox 472 1119 4264 1123">
        <p class="ocr_par" dir="ltr" id="par_1_3" title="bbox 472 1119 4264 1123">
          <span class="ocr_line" id="line_1_4" title="bbox 472 1119 4264 1123; baseline 0 0">
            <span class="ocrx_word" id="word_1_12" title="bbox 472 1119 4264 1123; x_wconf 95" lang="ita" dir="ltr" xml:lang="ita"> </span>
          </span>
        </p>
      </div>
      <div class="ocr_carea" id="block_1_4" title="bbox 707 1247 1820 1401">
        <p class="ocr_par" dir="ltr" id="par_1_4" title="bbox 707 1247 1820 1401">
          <span class="ocr_line" id="line_1_5" title="bbox 707 1247 1820 1322; baseline 0.001 -18">
            <span class="ocrx_word" id="word_1_13" title="bbox 707 1248 763 1315; x_wconf 89" lang="ita" xml:lang="ita">2,</span>
            <span class="ocrx_word" id="word_1_14" title="bbox 790 1247 852 1304; x_wconf 98" lang="ita" dir="ltr" xml:lang="ita">in</span>
            <span class="ocrx_word" id="word_1_15" title="bbox 876 1247 1003 1315; x_wconf 99" lang="ita" dir="ltr" xml:lang="ita">fol.,</span>
            <span class="ocrx_word" id="word_1_16" title="bbox 1031 1247 1158 1322; x_wconf 98" lang="ita" dir="ltr" xml:lang="ita">fig.,</span>
            <span class="ocrx_word" id="word_1_17" title="bbox 1186 1248 1300 1322; x_wconf 99" lang="ita" dir="ltr" xml:lang="ita">leg.</span>
            <span class="ocrx_word" id="word_1_18" title="bbox 1328 1247 1390 1304; x_wconf 98" lang="ita" dir="ltr" xml:lang="ita">in</span>
            <span class="ocrx_word" id="word_1_19" title="bbox 1414 1266 1495 1305; x_wconf 99" lang="ita" dir="ltr" xml:lang="ita">un</span>
            <span class="ocrx_word" id="word_1_20" title="bbox 1519 1248 1638 1305; x_wconf 99" lang="ita" dir="ltr" xml:lang="ita">vol.</span>
            <span class="ocrx_word" id="word_1_21" title="bbox 1669 1248 1820 1305; x_wconf 98" lang="ita" dir="ltr" xml:lang="ita">solo.</span>
          </span>
          <span class="ocr_line" id="line_1_6" title="bbox 715 1343 1794 1401; baseline 0 0">
            <span class="ocrx_word" id="word_1_22" title="bbox 715 1345 799 1401; x_wconf 97" lang="ita" dir="ltr" xml:lang="ita">Le</span>
            <span class="ocrx_word" id="word_1_23" title="bbox 823 1344 1024 1401; x_wconf 97" lang="ita" dir="ltr" xml:lang="ita">tavole</span>
            <span class="ocrx_word" id="word_1_24" title="bbox 1051 1362 1201 1401; x_wconf 98" lang="ita" dir="ltr" xml:lang="ita">sono</span>
            <span class="ocrx_word" id="word_1_25" title="bbox 1226 1343 1417 1401; x_wconf 98" lang="ita" dir="ltr" xml:lang="ita">incise</span>
            <span class="ocrx_word" id="word_1_26" title="bbox 1442 1343 1532 1401; x_wconf 98" lang="ita" dir="ltr" xml:lang="ita">fra</span>
            <span class="ocrx_word" id="word_1_27" title="bbox 1554 1343 1597 1400; x_wconf 99" lang="ita" dir="ltr" xml:lang="ita">il</span>
            <span class="ocrx_word" id="word_1_28" title="bbox 1621 1352 1794 1401; x_wconf 98" lang="ita" dir="ltr" xml:lang="ita">testo.</span>
          </span>
        </p>
      </div>
      <div class="ocr_carea" id="block_1_5" title="bbox 476 1535 4488 1801">
        <p class="ocr_par" dir="ltr" id="par_1_5" title="bbox 476 1535 4488 1801">
          <span class="ocr_line" id="line_1_7" title="bbox 476 1535 4488 1610; baseline 0 -17">
            <span class="ocrx_word" id="word_1_29" title="bbox 476 1536 655 1593; x_wconf 99" lang="ita" xml:lang="ita">3033.</span>
            <span class="ocrx_word" id="word_1_30" title="bbox 696 1537 1042 1593; x_wconf 85" lang="ita" dir="ltr" xml:lang="ita">VAILLANT</span>
            <span class="ocrx_word" id="word_1_31" title="bbox 1077 1535 1323 1593; x_wconf 84" lang="ita" dir="ltr" xml:lang="ita">Joannis</span>
            <span class="ocrx_word" id="word_1_32" title="bbox 1361 1536 1488 1610; x_wconf 87" lang="ita" dir="ltr" xml:lang="ita">Foj,</span>
            <span class="ocrx_word" id="word_1_33" title="bbox 1528 1535 1910 1593; x_wconf 93" lang="ita" dir="ltr" xml:lang="ita">Numismata</span>
            <span class="ocrx_word" id="word_1_34" title="bbox 1945 1535 2375 1610; x_wconf 98" lang="ita" dir="ltr" xml:lang="ita">imperatorum</span>
            <span class="ocrx_word" id="word_1_35" title="bbox 2411 1536 2821 1610; x_wconf 97" lang="ita" dir="ltr" xml:lang="ita">Augustarum</span>
            <span class="ocrx_word" id="word_1_36" title="bbox 2857 1544 2915 1593; x_wconf 99" lang="ita" dir="ltr" xml:lang="ita">et</span>
            <span class="ocrx_word" id="word_1_37" title="bbox 2952 1536 3283 1593; x_wconf 90" lang="ita" dir="ltr" xml:lang="ita">Caesarum</span>
            <span class="ocrx_word" id="word_1_38" title="bbox 3320 1554 3354 1593; x_wconf 97" lang="ita" dir="ltr" xml:lang="ita">a</span>
            <span class="ocrx_word" id="word_1_39" title="bbox 3388 1535 3630 1610; x_wconf 99" lang="ita" dir="ltr" xml:lang="ita">populis</span>
            <span class="ocrx_word" id="word_1_40" title="bbox 3667 1554 3952 1593; x_wconf 98" lang="ita" dir="ltr" xml:lang="ita">romanae</span>
            <span class="ocrx_word" id="word_1_41" title="bbox 3990 1535 4235 1593; x_wconf 99" lang="ita" dir="ltr" xml:lang="ita">ditionis</span>
            <span class="ocrx_word" id="word_1_42" title="bbox 4275 1554 4488 1610; x_wconf 97" lang="ita" dir="ltr" xml:lang="ita">graece</span>
          </span>
          <span class="ocr_line" id="line_1_8" title="bbox 707 1631 1841 1706; baseline -0.001 -17">
            <span class="ocrx_word" id="word_1_43" title="bbox 707 1631 1109 1706; x_wconf 98" lang="ita" dir="ltr" xml:lang="ita">loquentibus,</span>
            <span class="ocrx_word" id="word_1_44" title="bbox 1137 1632 1330 1689; x_wconf 97" lang="ita" dir="ltr" xml:lang="ita">Amst.</span>
            <span class="ocrx_word" id="word_1_45" title="bbox 1366 1632 1541 1699; x_wconf 89" lang="ita" xml:lang="ita">1700,</span>
            <span class="ocrx_word" id="word_1_46" title="bbox 1568 1631 1630 1688; x_wconf 98" lang="ita" dir="ltr" xml:lang="ita">in</span>
            <span class="ocrx_word" id="word_1_47" title="bbox 1653 1632 1710 1699; x_wconf 90" lang="ita" xml:lang="ita">4,</span>
            <span class="ocrx_word" id="word_1_48" title="bbox 1737 1631 1841 1706; x_wconf 99" lang="ita" dir="ltr" xml:lang="ita">fig.</span>
          </span>
          <span class="ocr_line" id="line_1_9" title="bbox 713 1726 4217 1801; baseline 0 -17">
            <span class="ocrx_word" id="word_1_49" title="bbox 713 1727 879 1784; x_wconf 80" lang="ita" dir="ltr" xml:lang="ita">Oltre</span>
            <span class="ocrx_word" id="word_1_50" title="bbox 904 1727 960 1784; x_wconf 99" lang="ita" dir="ltr" xml:lang="ita">le</span>
            <span class="ocrx_word" id="word_1_51" title="bbox 985 1726 1179 1801; x_wconf 99" lang="ita" dir="ltr" xml:lang="ita">figure</span>
            <span class="ocrx_word" id="word_1_52" title="bbox 1203 1726 1510 1801; x_wconf 97" lang="ita" dir="ltr" xml:lang="ita">intagliate</span>
            <span class="ocrx_word" id="word_1_53" title="bbox 1535 1745 1568 1784; x_wconf 99" lang="ita" dir="ltr" xml:lang="ita">e</span>
            <span class="ocrx_word" id="word_1_54" title="bbox 1595 1735 1885 1801; x_wconf 97" lang="ita" dir="ltr" xml:lang="ita">stampate</span>
            <span class="ocrx_word" id="word_1_55" title="bbox 1910 1726 2000 1784; x_wconf 98" lang="ita" dir="ltr" xml:lang="ita">fra</span>
            <span class="ocrx_word" id="word_1_56" title="bbox 2022 1726 2065 1783; x_wconf 99" lang="ita" dir="ltr" xml:lang="ita">il</span>
            <span class="ocrx_word" id="word_1_57" title="bbox 2089 1735 2262 1794; x_wconf 97" lang="ita" dir="ltr" xml:lang="ita">testo,</span>
            <span class="ocrx_word" id="word_1_58" title="bbox 2291 1726 2428 1784; x_wconf 97" lang="ita" dir="ltr" xml:lang="ita">avvi</span>
            <span class="ocrx_word" id="word_1_59" title="bbox 2454 1727 2509 1784; x_wconf 98" lang="ita" dir="ltr" xml:lang="ita">al</span>
            <span class="ocrx_word" id="word_1_60" title="bbox 2535 1726 2660 1784; x_wconf 99" lang="ita" dir="ltr" xml:lang="ita">fine</span>
            <span class="ocrx_word" id="word_1_61" title="bbox 2685 1726 3130 1801; x_wconf 98" lang="ita" dir="ltr" xml:lang="ita">un’appendice</span>
            <span class="ocrx_word" id="word_1_62" title="bbox 3155 1726 3216 1784; x_wconf 99" lang="ita" dir="ltr" xml:lang="ita">di</span>
            <span class="ocrx_word" id="word_1_63" title="bbox 3248 1727 3314 1783; x_wconf 97" lang="ita" xml:lang="ita">11</span>
            <span class="ocrx_word" id="word_1_64" title="bbox 3346 1726 3498 1801; x_wconf 99" lang="ita" dir="ltr" xml:lang="ita">fogli</span>
            <span class="ocrx_word" id="word_1_65" title="bbox 3523 1726 3584 1784; x_wconf 99" lang="ita" dir="ltr" xml:lang="ita">di</span>
            <span class="ocrx_word" id="word_1_66" title="bbox 3608 1727 3809 1784; x_wconf 97" lang="ita" dir="ltr" xml:lang="ita">tavole</span>
            <span class="ocrx_word" id="word_1_67" title="bbox 3835 1726 4217 1784; x_wconf 98" lang="ita" dir="ltr" xml:lang="ita">addizionali.</span>
          </span>
        </p>
      </div>
      <div class="ocr_carea" id="block_1_6" title="bbox 476 1918 4486 2281">
        <p class="ocr_par" dir="ltr" id="par_1_6" title="bbox 476 1918 4486 2281">
          <span class="ocr_line" id="line_1_10" title="bbox 476 1918 4484 1993; baseline 0 -18">
            <span class="ocrx_word" id="word_1_68" title="bbox 476 1919 655 1976; x_wconf 92" lang="ita" xml:lang="ita">3034.</span>
            <span class="ocrx_word" id="word_1_69" title="bbox 698 1920 1044 1976; x_wconf 85" lang="ita" dir="ltr" xml:lang="ita">VAILLANT</span>
            <span class="ocrx_word" id="word_1_70" title="bbox 1081 1918 1327 1976; x_wconf 84" lang="ita" dir="ltr" xml:lang="ita">Joannis</span>
            <span class="ocrx_word" id="word_1_71" title="bbox 1368 1919 1495 1993; x_wconf 87" lang="ita" dir="ltr" xml:lang="ita">Foj,</span>
            <span class="ocrx_word" id="word_1_72" title="bbox 1537 1918 1788 1976; x_wconf 93" lang="ita" dir="ltr" xml:lang="ita">Nummi</span>
            <span class="ocrx_word" id="word_1_73" title="bbox 1829 1918 2056 1993; x_wconf 86" lang="ita" dir="ltr" xml:lang="ita">antiqui</span>
            <span class="ocrx_word" id="word_1_74" title="bbox 2097 1918 2465 1976; x_wconf 98" lang="ita" dir="ltr" xml:lang="ita">familiarum</span>
            <span class="ocrx_word" id="word_1_75" title="bbox 2502 1937 2885 1976; x_wconf 97" lang="ita" dir="ltr" xml:lang="ita">romanarum</span>
            <span class="ocrx_word" id="word_1_76" title="bbox 2921 1918 3224 1993; x_wconf 98" lang="ita" dir="ltr" xml:lang="ita">perpetuis</span>
            <span class="ocrx_word" id="word_1_77" title="bbox 3265 1918 3849 1993; x_wconf 98" lang="ita" dir="ltr" xml:lang="ita">interpretationibus</span>
            <span class="ocrx_word" id="word_1_78" title="bbox 3889 1918 4182 1986; x_wconf 80" lang="ita" dir="ltr" xml:lang="ita">illustrati,</span>
            <span class="ocrx_word" id="word_1_79" title="bbox 4225 1919 4484 1976; x_wconf 97" lang="ita" dir="ltr" xml:lang="ita">Amster.</span>
          </span>
          <span class="ocr_line" id="line_1_11" title="bbox 714 2014 1662 2089; baseline 0.001 -18">
            <span class="ocrx_word" id="word_1_80" title="bbox 714 2015 889 2082; x_wconf 89" lang="ita" xml:lang="ita">1703,</span>
            <span class="ocrx_word" id="word_1_81" title="bbox 1063 2014 1125 2071; x_wconf 98" lang="ita" dir="ltr" xml:lang="ita">in</span>
            <span class="ocrx_word" id="word_1_82" title="bbox 1149 2014 1276 2082; x_wconf 99" lang="ita" dir="ltr" xml:lang="ita">fol.,</span>
            <span class="ocrx_word" id="word_1_83" title="bbox 1304 2014 1431 2089; x_wconf 99" lang="ita" dir="ltr" xml:lang="ita">fig.,</span>
            <span class="ocrx_word" id="word_1_84" title="bbox 1459 2015 1578 2072; x_wconf 99" lang="ita" dir="ltr" xml:lang="ita">vol.</span>
            <span class="ocrx_word" id="word_1_85" title="bbox 1607 2015 1662 2072; x_wconf 89" lang="ita" xml:lang="ita">2.</span>
          </span>
          <span class="ocr_line" id="line_1_12" title="bbox 708 2110 4486 2185; baseline 0 -17">
            <span class="ocrx_word" id="word_1_86" title="bbox 708 2111 935 2182; x_wconf 89" lang="ita" dir="ltr" xml:lang="ita">Questa</span>
            <span class="ocrx_word" id="word_1_87" title="bbox 959 2111 992 2168; x_wconf 87" lang="ita" dir="ltr" xml:lang="ita">e</span>
            <span class="ocrx_word" id="word_1_88" title="bbox 1018 2129 1136 2168; x_wconf 98" lang="ita" dir="ltr" xml:lang="ita">una</span>
            <span class="ocrx_word" id="word_1_89" title="bbox 1160 2111 1318 2168; x_wconf 98" lang="ita" dir="ltr" xml:lang="ita">delle</span>
            <span class="ocrx_word" id="word_1_90" title="bbox 1342 2110 1659 2185; x_wconf 97" lang="ita" dir="ltr" xml:lang="ita">principali</span>
            <span class="ocrx_word" id="word_1_91" title="bbox 1685 2129 1868 2185; x_wconf 99" lang="ita" dir="ltr" xml:lang="ita">opere</span>
            <span class="ocrx_word" id="word_1_92" title="bbox 1894 2110 1955 2168; x_wconf 99" lang="ita" dir="ltr" xml:lang="ita">di</span>
            <span class="ocrx_word" id="word_1_93" title="bbox 1980 2110 2261 2168; x_wconf 91" lang="ita" dir="ltr" xml:lang="ita">Vaillant.</span>
            <span class="ocrx_word" id="word_1_94" title="bbox 2290 2111 2407 2168; x_wconf 93" lang="ita" dir="ltr" xml:lang="ita">Nel</span>
            <span class="ocrx_word" id="word_1_95" title="bbox 2431 2110 2627 2185; x_wconf 98" lang="ita" dir="ltr" xml:lang="ita">primo</span>
            <span class="ocrx_word" id="word_1_96" title="bbox 2654 2111 2899 2168; x_wconf 86" lang="ita" dir="ltr" xml:lang="ita">volume</span>
            <span class="ocrx_word" id="word_1_97" title="bbox 2924 2110 2967 2167; x_wconf 99" lang="ita" dir="ltr" xml:lang="ita">il</span>
            <span class="ocrx_word" id="word_1_98" title="bbox 2992 2119 3145 2168; x_wconf 98" lang="ita" dir="ltr" xml:lang="ita">testo</span>
            <span class="ocrx_word" id="word_1_99" title="bbox 3172 2111 3205 2168; x_wconf 86" lang="ita" dir="ltr" xml:lang="ita">è</span>
            <span class="ocrx_word" id="word_1_100" title="bbox 3229 2111 3555 2185; x_wconf 98" lang="ita" dir="ltr" xml:lang="ita">preceduto</span>
            <span class="ocrx_word" id="word_1_101" title="bbox 3582 2111 3659 2168; x_wconf 98" lang="ita" dir="ltr" xml:lang="ita">da</span>
            <span class="ocrx_word" id="word_1_102" title="bbox 3690 2110 3803 2168; x_wconf 88" lang="ita" xml:lang="ita">152</span>
            <span class="ocrx_word" id="word_1_103" title="bbox 3829 2119 3944 2168; x_wconf 98" lang="ita" dir="ltr" xml:lang="ita">tav.</span>
            <span class="ocrx_word" id="word_1_104" title="bbox 3974 2110 4399 2185; x_wconf 99" lang="ita" dir="ltr" xml:lang="ita">copiosissime</span>
            <span class="ocrx_word" id="word_1_105" title="bbox 4425 2110 4486 2168; x_wconf 99" lang="ita" dir="ltr" xml:lang="ita">di</span>
          </span>
          <span class="ocr_line" id="line_1_13" title="bbox 706 2206 1990 2281; baseline 0.001 -18">
            <span class="ocrx_word" id="word_1_106" title="bbox 706 2206 1025 2281; x_wconf 82" lang="ita" dir="ltr" xml:lang="ita">medaglie,</span>
            <span class="ocrx_word" id="word_1_107" title="bbox 1053 2207 1202 2264; x_wconf 99" lang="ita" dir="ltr" xml:lang="ita">oltre</span>
            <span class="ocrx_word" id="word_1_108" title="bbox 1226 2206 1269 2263; x_wconf 99" lang="ita" dir="ltr" xml:lang="ita">il</span>
            <span class="ocrx_word" id="word_1_109" title="bbox 1295 2206 1687 2281; x_wconf 84" lang="ita" dir="ltr" xml:lang="ita">frontespizio</span>
            <span class="ocrx_word" id="word_1_110" title="bbox 1714 2206 1990 2281; x_wconf 98" lang="ita" dir="ltr" xml:lang="ita">figurato.</span>
          </span>
        </p>
      </div>
      <div class="ocr_carea" id="block_1_7" title="bbox 476 2397 4488 2664">
        <p class="ocr_par" dir="ltr" id="par_1_7" title="bbox 476 2397 4488 2664">
          <span class="ocr_line" id="line_1_14" title="bbox 476 2397 4488 2472; baseline -0 -17">
            <span class="ocrx_word" id="word_1_111" title="bbox 476 2397 655 2455; x_wconf 89" lang="ita" xml:lang="ita">3035.</span>
            <span class="ocrx_word" id="word_1_112" title="bbox 685 2399 1031 2455; x_wconf 90" lang="ita" dir="ltr" xml:lang="ita">VAILLANT</span>
            <span class="ocrx_word" id="word_1_113" title="bbox 1055 2397 1301 2455; x_wconf 84" lang="ita" dir="ltr" xml:lang="ita">Joannis</span>
            <span class="ocrx_word" id="word_1_114" title="bbox 1329 2398 1456 2472; x_wconf 87" lang="ita" dir="ltr" xml:lang="ita">Foj,</span>
            <span class="ocrx_word" id="word_1_115" title="bbox 1486 2397 1752 2455; x_wconf 96" lang="ita" dir="ltr" xml:lang="ita">Historia</span>
            <span class="ocrx_word" id="word_1_116" title="bbox 1776 2398 2261 2455; x_wconf 91" lang="ita" dir="ltr" xml:lang="ita">Ptolemaeorum</span>
            <span class="ocrx_word" id="word_1_117" title="bbox 2285 2397 2506 2472; x_wconf 88" lang="ita" dir="ltr" xml:lang="ita">Egypti</span>
            <span class="ocrx_word" id="word_1_118" title="bbox 2531 2416 2744 2472; x_wconf 99" lang="ita" dir="ltr" xml:lang="ita">regum</span>
            <span class="ocrx_word" id="word_1_119" title="bbox 2770 2398 2845 2455; x_wconf 97" lang="ita" dir="ltr" xml:lang="ita">ad</span>
            <span class="ocrx_word" id="word_1_120" title="bbox 2872 2397 3064 2455; x_wconf 98" lang="ita" dir="ltr" xml:lang="ita">fidem</span>
            <span class="ocrx_word" id="word_1_121" title="bbox 3089 2397 3522 2455; x_wconf 98" lang="ita" dir="ltr" xml:lang="ita">numismatum</span>
            <span class="ocrx_word" id="word_1_122" title="bbox 3548 2398 3959 2465; x_wconf 98" lang="ita" dir="ltr" xml:lang="ita">accomodata,</span>
            <span class="ocrx_word" id="word_1_123" title="bbox 3990 2398 4183 2455; x_wconf 97" lang="ita" dir="ltr" xml:lang="ita">Amst.</span>
            <span class="ocrx_word" id="word_1_124" title="bbox 4221 2398 4396 2465; x_wconf 90" lang="ita" xml:lang="ita">1791,</span>
            <span class="ocrx_word" id="word_1_125" title="bbox 4425 2397 4488 2454; x_wconf 99" lang="ita" dir="ltr" xml:lang="ita">in</span>
          </span>
          <span class="ocr_line" id="line_1_15" title="bbox 707 2493 967 2568; baseline 0.004 -18">
            <span class="ocrx_word" id="word_1_126" title="bbox 707 2493 834 2561; x_wconf 96" lang="ita" dir="ltr" xml:lang="ita">fol.,</span>
            <span class="ocrx_word" id="word_1_127" title="bbox 862 2493 967 2568; x_wconf 97" lang="ita" dir="ltr" xml:lang="ita">fig.</span>
          </span>
          <span class="ocr_line" id="line_1_16" title="bbox 702 2589 1882 2664; baseline 0 -17">
            <span class="ocrx_word" id="word_1_128" title="bbox 702 2591 786 2647; x_wconf 97" lang="ita" dir="ltr" xml:lang="ita">Le</span>
            <span class="ocrx_word" id="word_1_129" title="bbox 810 2590 1011 2647; x_wconf 97" lang="ita" dir="ltr" xml:lang="ita">tavole</span>
            <span class="ocrx_word" id="word_1_130" title="bbox 1038 2608 1188 2647; x_wconf 98" lang="ita" dir="ltr" xml:lang="ita">sono</span>
            <span class="ocrx_word" id="word_1_131" title="bbox 1216 2598 1506 2664; x_wconf 97" lang="ita" dir="ltr" xml:lang="ita">stampate</span>
            <span class="ocrx_word" id="word_1_132" title="bbox 1531 2589 1621 2647; x_wconf 98" lang="ita" dir="ltr" xml:lang="ita">fra</span>
            <span class="ocrx_word" id="word_1_133" title="bbox 1643 2589 1686 2646; x_wconf 99" lang="ita" dir="ltr" xml:lang="ita">il</span>
            <span class="ocrx_word" id="word_1_134" title="bbox 1711 2598 1882 2647; x_wconf 98" lang="ita" dir="ltr" xml:lang="ita">testo.</span>
          </span>
        </p>
      </div>
      <div class="ocr_carea" id="block_1_8" title="bbox 476 2781 4489 3239">
        <p class="ocr_par" dir="ltr" id="par_1_8" title="bbox 476 2781 4489 3143">
          <span class="ocr_line" id="line_1_17" title="bbox 476 2781 4488 2856; baseline -0 -17">
            <span class="ocrx_word" id="word_1_135" title="bbox 476 2781 655 2839; x_wconf 91" lang="ita" xml:lang="ita">3036.</span>
            <span class="ocrx_word" id="word_1_136" title="bbox 717 2783 1063 2839; x_wconf 98" lang="ita" dir="ltr" xml:lang="ita">VAILLANT</span>
            <span class="ocrx_word" id="word_1_137" title="bbox 1120 2781 1366 2839; x_wconf 98" lang="ita" dir="ltr" xml:lang="ita">Joannis</span>
            <span class="ocrx_word" id="word_1_138" title="bbox 1426 2782 1553 2856; x_wconf 87" lang="ita" dir="ltr" xml:lang="ita">Foj,</span>
            <span class="ocrx_word" id="word_1_139" title="bbox 1614 2781 2042 2839; x_wconf 97" lang="ita" dir="ltr" xml:lang="ita">Arsacidarum</span>
            <span class="ocrx_word" id="word_1_140" title="bbox 2098 2781 2437 2856; x_wconf 87" lang="ita" dir="ltr" xml:lang="ita">imperium,</span>
            <span class="ocrx_word" id="word_1_141" title="bbox 2503 2781 2630 2839; x_wconf 85" lang="ita" dir="ltr" xml:lang="ita">sive</span>
            <span class="ocrx_word" id="word_1_142" title="bbox 2688 2800 2900 2856; x_wconf 99" lang="ita" dir="ltr" xml:lang="ita">regum</span>
            <span class="ocrx_word" id="word_1_143" title="bbox 2957 2781 3308 2839; x_wconf 91" lang="ita" dir="ltr" xml:lang="ita">Parthorum</span>
            <span class="ocrx_word" id="word_1_144" title="bbox 3365 2781 3614 2839; x_wconf 96" lang="ita" dir="ltr" xml:lang="ita">historia</span>
            <span class="ocrx_word" id="word_1_145" title="bbox 3673 2782 3748 2839; x_wconf 98" lang="ita" dir="ltr" xml:lang="ita">ad</span>
            <span class="ocrx_word" id="word_1_146" title="bbox 3806 2781 3998 2839; x_wconf 98" lang="ita" dir="ltr" xml:lang="ita">fidem</span>
            <span class="ocrx_word" id="word_1_147" title="bbox 4054 2781 4488 2839; x_wconf 98" lang="ita" dir="ltr" xml:lang="ita">numismatum</span>
          </span>
          <span class="ocr_line" id="line_1_18" title="bbox 708 2876 4489 2951; baseline -0 -17">
            <span class="ocrx_word" id="word_1_148" title="bbox 708 2877 1117 2934; x_wconf 97" lang="ita" dir="ltr" xml:lang="ita">accomodata.</span>
            <span class="ocrx_word" id="word_1_149" title="bbox 1174 2878 1326 2934; x_wconf 90" lang="ita" dir="ltr" xml:lang="ita">Item</span>
            <span class="ocrx_word" id="word_1_150" title="bbox 1378 2876 1969 2934; x_wconf 97" lang="ita" dir="ltr" xml:lang="ita">Achaemenidarum</span>
            <span class="ocrx_word" id="word_1_151" title="bbox 2020 2876 2359 2951; x_wconf 99" lang="ita" dir="ltr" xml:lang="ita">imperium,</span>
            <span class="ocrx_word" id="word_1_152" title="bbox 2419 2876 2546 2934; x_wconf 85" lang="ita" dir="ltr" xml:lang="ita">sive</span>
            <span class="ocrx_word" id="word_1_153" title="bbox 2601 2877 2878 2951; x_wconf 88" lang="ita" dir="ltr" xml:lang="ita">ejusdem</span>
            <span class="ocrx_word" id="word_1_154" title="bbox 2930 2876 3188 2934; x_wconf 98" lang="ita" dir="ltr" xml:lang="ita">auctoris</span>
            <span class="ocrx_word" id="word_1_155" title="bbox 3243 2876 3492 2934; x_wconf 96" lang="ita" dir="ltr" xml:lang="ita">historia</span>
            <span class="ocrx_word" id="word_1_156" title="bbox 3542 2895 3755 2951; x_wconf 99" lang="ita" dir="ltr" xml:lang="ita">regum</span>
            <span class="ocrx_word" id="word_1_157" title="bbox 3806 2876 3997 2944; x_wconf 91" lang="ita" dir="ltr" xml:lang="ita">Ponti,</span>
            <span class="ocrx_word" id="word_1_158" title="bbox 4053 2876 4374 2951; x_wconf 90" lang="ita" dir="ltr" xml:lang="ita">Bosphori,</span>
            <span class="ocrx_word" id="word_1_159" title="bbox 4431 2885 4489 2934; x_wconf 99" lang="ita" dir="ltr" xml:lang="ita">et</span>
          </span>
          <span class="ocr_line" id="line_1_19" title="bbox 706 2972 4484 3047; baseline 0 -17">
            <span class="ocrx_word" id="word_1_160" title="bbox 706 2972 1044 3047; x_wconf 88" lang="ita" dir="ltr" xml:lang="ita">Bithyniae,</span>
            <span class="ocrx_word" id="word_1_161" title="bbox 1086 2973 1161 3030; x_wconf 97" lang="ita" dir="ltr" xml:lang="ita">ad</span>
            <span class="ocrx_word" id="word_1_162" title="bbox 1199 2972 1391 3030; x_wconf 98" lang="ita" dir="ltr" xml:lang="ita">fidem</span>
            <span class="ocrx_word" id="word_1_163" title="bbox 1427 2972 1861 3030; x_wconf 97" lang="ita" dir="ltr" xml:lang="ita">numismatum</span>
            <span class="ocrx_word" id="word_1_164" title="bbox 1898 2973 2311 3040; x_wconf 90" lang="ita" dir="ltr" xml:lang="ita">accomodata;</span>
            <span class="ocrx_word" id="word_1_165" title="bbox 2353 2991 2428 3030; x_wconf 75" lang="ita" dir="ltr" xml:lang="ita">ex</span>
            <span class="ocrx_word" id="word_1_166" title="bbox 2466 2972 2731 3030; x_wconf 98" lang="ita" dir="ltr" xml:lang="ita">editione</span>
            <span class="ocrx_word" id="word_1_167" title="bbox 2769 2981 2827 3030; x_wconf 99" lang="ita" dir="ltr" xml:lang="ita">et</span>
            <span class="ocrx_word" id="word_1_168" title="bbox 2863 2991 3005 3030; x_wconf 99" lang="ita" dir="ltr" xml:lang="ita">cum</span>
            <span class="ocrx_word" id="word_1_169" title="bbox 3039 2972 3412 3047; x_wconf 97" lang="ita" dir="ltr" xml:lang="ita">praefatione</span>
            <span class="ocrx_word" id="word_1_170" title="bbox 3451 2972 3655 3030; x_wconf 90" lang="ita" dir="ltr" xml:lang="ita">Caroli</span>
            <span class="ocrx_word" id="word_1_171" title="bbox 3694 2973 3769 3030; x_wconf 99" lang="ita" dir="ltr" xml:lang="ita">de</span>
            <span class="ocrx_word" id="word_1_172" title="bbox 3806 2972 4019 3030; x_wconf 97" lang="ita" dir="ltr" xml:lang="ita">Valois</span>
            <span class="ocrx_word" id="word_1_173" title="bbox 4058 2973 4133 3030; x_wconf 99" lang="ita" dir="ltr" xml:lang="ita">de</span>
            <span class="ocrx_word" id="word_1_174" title="bbox 4171 2973 4229 3030; x_wconf 98" lang="ita" dir="ltr" xml:lang="ita">la</span>
            <span class="ocrx_word" id="word_1_175" title="bbox 4265 2974 4484 3040; x_wconf 93" lang="ita" dir="ltr" xml:lang="ita">Marre,</span>
          </span>
          <span class="ocr_line" id="line_1_20" title="bbox 706 3068 1687 3143; baseline 0 -18">
            <span class="ocrx_word" id="word_1_176" title="bbox 706 3068 947 3126; x_wconf 91" lang="ita" dir="ltr" xml:lang="ita">Parisiis</span>
            <span class="ocrx_word" id="word_1_177" title="bbox 980 3068 1155 3136; x_wconf 88" lang="ita" xml:lang="ita">1725,</span>
            <span class="ocrx_word" id="word_1_178" title="bbox 1182 3069 1219 3125; x_wconf 88" lang="ita" xml:lang="ita">2</span>
            <span class="ocrx_word" id="word_1_179" title="bbox 1245 3069 1386 3136; x_wconf 99" lang="ita" dir="ltr" xml:lang="ita">vol.,</span>
            <span class="ocrx_word" id="word_1_180" title="bbox 1413 3068 1475 3125; x_wconf 99" lang="ita" dir="ltr" xml:lang="ita">in</span>
            <span class="ocrx_word" id="word_1_181" title="bbox 1498 3069 1555 3136; x_wconf 92" lang="ita" xml:lang="ita">4,</span>
            <span class="ocrx_word" id="word_1_182" title="bbox 1583 3068 1687 3143; x_wconf 99" lang="ita" dir="ltr" xml:lang="ita">fig.</span>
          </span>
        </p>
        <p class="ocr_par" dir="ltr" id="par_1_9" title="bbox 711 3164 2250 3239">
          <span class="ocr_line" id="line_1_21" title="bbox 711 3164 2250 3239; baseline 0 -17">
            <span class="ocrx_word" id="word_1_183" title="bbox 711 3166 795 3222; x_wconf 97" lang="ita" dir="ltr" xml:lang="ita">Le</span>
            <span class="ocrx_word" id="word_1_184" title="bbox 819 3165 1020 3222; x_wconf 97" lang="ita" dir="ltr" xml:lang="ita">tavole</span>
            <span class="ocrx_word" id="word_1_185" title="bbox 1047 3183 1197 3222; x_wconf 98" lang="ita" dir="ltr" xml:lang="ita">sono</span>
            <span class="ocrx_word" id="word_1_186" title="bbox 1225 3173 1515 3239; x_wconf 97" lang="ita" dir="ltr" xml:lang="ita">stampate</span>
            <span class="ocrx_word" id="word_1_187" title="bbox 1540 3164 1630 3222; x_wconf 98" lang="ita" dir="ltr" xml:lang="ita">fra</span>
            <span class="ocrx_word" id="word_1_188" title="bbox 1652 3164 1695 3221; x_wconf 99" lang="ita" dir="ltr" xml:lang="ita">il</span>
            <span class="ocrx_word" id="word_1_189" title="bbox 1720 3173 1873 3222; x_wconf 98" lang="ita" dir="ltr" xml:lang="ita">testo</span>
            <span class="ocrx_word" id="word_1_190" title="bbox 1899 3165 2250 3239; x_wconf 92" lang="ita" dir="ltr" xml:lang="ita">dell’opera.</span>
          </span>
        </p>
      </div>
      <div class="ocr_carea" id="block_1_9" title="bbox 476 3355 4489 3622">
        <p class="ocr_par" dir="ltr" id="par_1_10" title="bbox 476 3355 4489 3622">
          <span class="ocr_line" id="line_1_22" title="bbox 476 3355 4489 3430; baseline 0 -17">
            <span class="ocrx_word" id="word_1_191" title="bbox 476 3356 655 3413; x_wconf 99" lang="ita" xml:lang="ita">3037.</span>
            <span class="ocrx_word" id="word_1_192" title="bbox 692 3357 1038 3413; x_wconf 98" lang="ita" dir="ltr" xml:lang="ita">VAILLANT</span>
            <span class="ocrx_word" id="word_1_193" title="bbox 1070 3355 1316 3413; x_wconf 98" lang="ita" dir="ltr" xml:lang="ita">Joannis</span>
            <span class="ocrx_word" id="word_1_194" title="bbox 1351 3356 1478 3430; x_wconf 87" lang="ita" dir="ltr" xml:lang="ita">Foj,</span>
            <span class="ocrx_word" id="word_1_195" title="bbox 1518 3355 1971 3413; x_wconf 89" lang="ita" dir="ltr" xml:lang="ita">Seleucidarum</span>
            <span class="ocrx_word" id="word_1_196" title="bbox 2003 3355 2326 3430; x_wconf 98" lang="ita" dir="ltr" xml:lang="ita">imperium</span>
            <span class="ocrx_word" id="word_1_197" title="bbox 2361 3355 2489 3413; x_wconf 99" lang="ita" dir="ltr" xml:lang="ita">sive</span>
            <span class="ocrx_word" id="word_1_198" title="bbox 2524 3355 2772 3413; x_wconf 96" lang="ita" dir="ltr" xml:lang="ita">historia</span>
            <span class="ocrx_word" id="word_1_199" title="bbox 2803 3374 3016 3430; x_wconf 99" lang="ita" dir="ltr" xml:lang="ita">regum</span>
            <span class="ocrx_word" id="word_1_200" title="bbox 3051 3355 3257 3430; x_wconf 87" lang="ita" dir="ltr" xml:lang="ita">Syriae</span>
            <span class="ocrx_word" id="word_1_201" title="bbox 3293 3356 3368 3413; x_wconf 97" lang="ita" dir="ltr" xml:lang="ita">ad</span>
            <span class="ocrx_word" id="word_1_202" title="bbox 3402 3355 3595 3413; x_wconf 98" lang="ita" dir="ltr" xml:lang="ita">fidem</span>
            <span class="ocrx_word" id="word_1_203" title="bbox 3626 3355 4060 3413; x_wconf 98" lang="ita" dir="ltr" xml:lang="ita">numismatum</span>
            <span class="ocrx_word" id="word_1_204" title="bbox 4094 3356 4489 3413; x_wconf 97" lang="ita" dir="ltr" xml:lang="ita">accomodata</span>
          </span>
          <span class="ocr_line" id="line_1_23" title="bbox 707 3451 2358 3526; baseline -0.001 -17">
            <span class="ocrx_word" id="word_1_205" title="bbox 707 3470 848 3509; x_wconf 99" lang="ita" dir="ltr" xml:lang="ita">cum</span>
            <span class="ocrx_word" id="word_1_206" title="bbox 869 3451 1167 3519; x_wconf 98" lang="ita" dir="ltr" xml:lang="ita">iconibus,</span>
            <span class="ocrx_word" id="word_1_207" title="bbox 1194 3452 1463 3509; x_wconf 87" lang="ita" dir="ltr" xml:lang="ita">Lutetìae</span>
            <span class="ocrx_word" id="word_1_208" title="bbox 1487 3451 1853 3509; x_wconf 91" lang="ita" dir="ltr" xml:lang="ita">Parisiorum</span>
            <span class="ocrx_word" id="word_1_209" title="bbox 1882 3451 2057 3519; x_wconf 87" lang="ita" xml:lang="ita">1681,</span>
            <span class="ocrx_word" id="word_1_210" title="bbox 2084 3451 2146 3508; x_wconf 98" lang="ita" dir="ltr" xml:lang="ita">in</span>
            <span class="ocrx_word" id="word_1_211" title="bbox 2169 3452 2226 3519; x_wconf 92" lang="ita" xml:lang="ita">4,</span>
            <span class="ocrx_word" id="word_1_212" title="bbox 2254 3451 2358 3526; x_wconf 99" lang="ita" dir="ltr" xml:lang="ita">fig.</span>
          </span>
          <span class="ocr_line" id="line_1_24" title="bbox 711 3547 2331 3622; baseline 0.001 -18">
            <span class="ocrx_word" id="word_1_213" title="bbox 711 3547 908 3605; x_wconf 91" lang="ita" dir="ltr" xml:lang="ita">Prima</span>
            <span class="ocrx_word" id="word_1_214" title="bbox 931 3547 1227 3615; x_wconf 97" lang="ita" dir="ltr" xml:lang="ita">edizione,</span>
            <span class="ocrx_word" id="word_1_215" title="bbox 1255 3548 1413 3605; x_wconf 99" lang="ita" dir="ltr" xml:lang="ita">colle</span>
            <span class="ocrx_word" id="word_1_216" title="bbox 1437 3548 1637 3605; x_wconf 98" lang="ita" dir="ltr" xml:lang="ita">tavole</span>
            <span class="ocrx_word" id="word_1_217" title="bbox 1665 3556 1955 3622; x_wconf 98" lang="ita" dir="ltr" xml:lang="ita">stampate</span>
            <span class="ocrx_word" id="word_1_218" title="bbox 1980 3547 2070 3605; x_wconf 98" lang="ita" dir="ltr" xml:lang="ita">fra</span>
            <span class="ocrx_word" id="word_1_219" title="bbox 2092 3547 2135 3604; x_wconf 99" lang="ita" dir="ltr" xml:lang="ita">il</span>
            <span class="ocrx_word" id="word_1_220" title="bbox 2159 3556 2331 3605; x_wconf 98" lang="ita" dir="ltr" xml:lang="ita">testo.</span>
          </span>
        </p>
      </div>
      <div class="ocr_carea" id="block_1_10" title="bbox 479 3740 687 3814">
        <p class="ocr_par" dir="ltr" id="par_1_11" title="bbox 479 3740 687 3814">
          <span class="ocr_line" id="line_1_25" title="bbox 479 3740 687 3814; baseline -0.01 -3">
            <span class="ocrx_word" id="word_1_221" title="bbox 479 3741 557 3814; x_wconf 62" lang="ita" xml:lang="ita">111</span>
            <span class="ocrx_word" id="word_1_222" title="bbox 586 3740 687 3809; x_wconf 88" lang="ita" xml:lang="ita">90]</span>
          </span>
        </p>
      </div>
      <div class="ocr_carea" id="block_1_11" title="bbox 476 3930 4486 4197">
        <p class="ocr_par" dir="ltr" id="par_1_12" title="bbox 476 3930 4486 4197">
          <span class="ocr_line" id="line_1_26" title="bbox 476 3930 4280 4005; baseline 0 -17">
            <span class="ocrx_word" id="word_1_223" title="bbox 476 3931 655 3988; x_wconf 87" lang="ita" xml:lang="ita">3038.</span>
            <span class="ocrx_word" id="word_1_224" title="bbox 682 3932 1044 3998; x_wconf 97" lang="ita" dir="ltr" xml:lang="ita">VAILLANT,</span>
            <span class="ocrx_word" id="word_1_225" title="bbox 1074 3930 1528 3988; x_wconf 89" lang="ita" dir="ltr" xml:lang="ita">Seleucidarum</span>
            <span class="ocrx_word" id="word_1_226" title="bbox 1551 3939 1661 3988; x_wconf 99" lang="ita" dir="ltr" xml:lang="ita">etc.</span>
            <span class="ocrx_word" id="word_1_227" title="bbox 1689 3930 1889 3988; x_wconf 94" lang="ita" dir="ltr" xml:lang="ita">Editio</span>
            <span class="ocrx_word" id="word_1_228" title="bbox 1917 3931 2181 3988; x_wconf 98" lang="ita" dir="ltr" xml:lang="ita">secunda</span>
            <span class="ocrx_word" id="word_1_229" title="bbox 2203 3930 2447 3988; x_wconf 98" lang="ita" dir="ltr" xml:lang="ita">nitidior</span>
            <span class="ocrx_word" id="word_1_230" title="bbox 2470 3939 2528 3988; x_wconf 99" lang="ita" dir="ltr" xml:lang="ita">et</span>
            <span class="ocrx_word" id="word_1_231" title="bbox 2551 3930 2939 3998; x_wconf 98" lang="ita" dir="ltr" xml:lang="ita">emendatior,</span>
            <span class="ocrx_word" id="word_1_232" title="bbox 2967 3932 3175 4005; x_wconf 96" lang="ita" dir="ltr" xml:lang="ita">Hagae</span>
            <span class="ocrx_word" id="word_1_233" title="bbox 3201 3930 3513 3988; x_wconf 90" lang="ita" dir="ltr" xml:lang="ita">Comitum</span>
            <span class="ocrx_word" id="word_1_234" title="bbox 3543 3931 3718 3998; x_wconf 98" lang="ita" xml:lang="ita">1732,</span>
            <span class="ocrx_word" id="word_1_235" title="bbox 3745 3930 3807 3987; x_wconf 98" lang="ita" dir="ltr" xml:lang="ita">in</span>
            <span class="ocrx_word" id="word_1_236" title="bbox 3831 3930 3936 3988; x_wconf 99" lang="ita" dir="ltr" xml:lang="ita">fol.</span>
            <span class="ocrx_word" id="word_1_237" title="bbox 3963 3949 4148 4005; x_wconf 97" lang="ita" dir="ltr" xml:lang="ita">parv.,</span>
            <span class="ocrx_word" id="word_1_238" title="bbox 4176 3930 4280 4005; x_wconf 99" lang="ita" dir="ltr" xml:lang="ita">fig.</span>
          </span>
          <span class="ocr_line" id="line_1_27" title="bbox 712 4026 4486 4101; baseline -0 -17">
            <span class="ocrx_word" id="word_1_239" title="bbox 712 4027 847 4084; x_wconf 90" lang="ita" dir="ltr" xml:lang="ita">Con</span>
            <span class="ocrx_word" id="word_1_240" title="bbox 883 4035 1028 4084; x_wconf 99" lang="ita" dir="ltr" xml:lang="ita">tutte</span>
            <span class="ocrx_word" id="word_1_241" title="bbox 1066 4027 1122 4084; x_wconf 99" lang="ita" dir="ltr" xml:lang="ita">le</span>
            <span class="ocrx_word" id="word_1_242" title="bbox 1160 4027 1415 4084; x_wconf 98" lang="ita" dir="ltr" xml:lang="ita">emende</span>
            <span class="ocrx_word" id="word_1_243" title="bbox 1453 4045 1486 4084; x_wconf 99" lang="ita" dir="ltr" xml:lang="ita">e</span>
            <span class="ocrx_word" id="word_1_244" title="bbox 1524 4027 1580 4084; x_wconf 99" lang="ita" dir="ltr" xml:lang="ita">le</span>
            <span class="ocrx_word" id="word_1_245" title="bbox 1618 4026 2016 4084; x_wconf 97" lang="ita" dir="ltr" xml:lang="ita">ostentazioni</span>
            <span class="ocrx_word" id="word_1_246" title="bbox 2054 4026 2115 4084; x_wconf 99" lang="ita" dir="ltr" xml:lang="ita">di</span>
            <span class="ocrx_word" id="word_1_247" title="bbox 2153 4035 2366 4101; x_wconf 98" lang="ita" dir="ltr" xml:lang="ita">questo</span>
            <span class="ocrx_word" id="word_1_248" title="bbox 2405 4026 2651 4094; x_wconf 98" lang="ita" dir="ltr" xml:lang="ita">editore,</span>
            <span class="ocrx_word" id="word_1_249" title="bbox 2691 4026 2867 4084; x_wconf 99" lang="ita" dir="ltr" xml:lang="ita">tiensi</span>
            <span class="ocrx_word" id="word_1_250" title="bbox 2904 4026 2967 4083; x_wconf 99" lang="ita" dir="ltr" xml:lang="ita">in</span>
            <span class="ocrx_word" id="word_1_251" title="bbox 3004 4026 3280 4101; x_wconf 82" lang="ita" dir="ltr" xml:lang="ita">maggior</span>
            <span class="ocrx_word" id="word_1_252" title="bbox 3314 4026 3524 4101; x_wconf 98" lang="ita" dir="ltr" xml:lang="ita">pregio</span>
            <span class="ocrx_word" id="word_1_253" title="bbox 3563 4027 3621 4084; x_wconf 98" lang="ita" dir="ltr" xml:lang="ita">la</span>
            <span class="ocrx_word" id="word_1_254" title="bbox 3655 4026 3849 4101; x_wconf 98" lang="ita" dir="ltr" xml:lang="ita">prima</span>
            <span class="ocrx_word" id="word_1_255" title="bbox 3885 4026 4181 4094; x_wconf 97" lang="ita" dir="ltr" xml:lang="ita">edizione,</span>
            <span class="ocrx_word" id="word_1_256" title="bbox 4223 4035 4486 4101; x_wconf 99" lang="ita" dir="ltr" xml:lang="ita">appunto</span>
          </span>
          <span class="ocr_line" id="line_1_28" title="bbox 705 4122 1817 4197; baseline 0.001 -18">
            <span class="ocrx_word" id="word_1_257" title="bbox 705 4122 925 4197; x_wconf 88" lang="ita" dir="ltr" xml:lang="ita">perché</span>
            <span class="ocrx_word" id="word_1_258" title="bbox 948 4122 1053 4197; x_wconf 88" lang="ita" dir="ltr" xml:lang="ita">più</span>
            <span class="ocrx_word" id="word_1_259" title="bbox 1077 4131 1330 4180; x_wconf 98" lang="ita" dir="ltr" xml:lang="ita">corretta</span>
            <span class="ocrx_word" id="word_1_260" title="bbox 1353 4123 1513 4180; x_wconf 98" lang="ita" dir="ltr" xml:lang="ita">della</span>
            <span class="ocrx_word" id="word_1_261" title="bbox 1538 4123 1817 4180; x_wconf 97" lang="ita" dir="ltr" xml:lang="ita">seconda.</span>
          </span>
        </p>
      </div>
      <div class="ocr_carea" id="block_1_12" title="bbox 476 4314 4488 4868">
        <p class="ocr_par" dir="ltr" id="par_1_13" title="bbox 476 4314 4488 4868">
          <span class="ocr_line" id="line_1_29" title="bbox 476 4314 4485 4389; baseline 0 -17">
            <span class="ocrx_word" id="word_1_262" title="bbox 476 4315 655 4373; x_wconf 89" lang="ita" xml:lang="ita">3039.</span>
            <span class="ocrx_word" id="word_1_263" title="bbox 685 4316 1031 4372; x_wconf 98" lang="ita" dir="ltr" xml:lang="ita">VAILLANT</span>
            <span class="ocrx_word" id="word_1_264" title="bbox 1055 4314 1301 4372; x_wconf 98" lang="ita" dir="ltr" xml:lang="ita">Joannis</span>
            <span class="ocrx_word" id="word_1_265" title="bbox 1329 4315 1456 4389; x_wconf 87" lang="ita" dir="ltr" xml:lang="ita">Foj,</span>
            <span class="ocrx_word" id="word_1_266" title="bbox 1488 4314 1817 4372; x_wconf 90" lang="ita" dir="ltr" xml:lang="ita">Selectiora</span>
            <span class="ocrx_word" id="word_1_267" title="bbox 1841 4314 2205 4372; x_wconf 98" lang="ita" dir="ltr" xml:lang="ita">numismata</span>
            <span class="ocrx_word" id="word_1_268" title="bbox 2230 4314 2292 4371; x_wconf 98" lang="ita" dir="ltr" xml:lang="ita">in</span>
            <span class="ocrx_word" id="word_1_269" title="bbox 2320 4333 2454 4372; x_wconf 98" lang="ita" dir="ltr" xml:lang="ita">aere</span>
            <span class="ocrx_word" id="word_1_270" title="bbox 2481 4314 2732 4372; x_wconf 76" lang="ita" dir="ltr" xml:lang="ita">maximi</span>
            <span class="ocrx_word" id="word_1_271" title="bbox 2759 4314 2991 4372; x_wconf 99" lang="ita" dir="ltr" xml:lang="ita">moduli</span>
            <span class="ocrx_word" id="word_1_272" title="bbox 3018 4333 3051 4372; x_wconf 99" lang="ita" dir="ltr" xml:lang="ita">e</span>
            <span class="ocrx_word" id="word_1_273" title="bbox 3078 4316 3301 4372; x_wconf 93" lang="ita" dir="ltr" xml:lang="ita">Museo</span>
            <span class="ocrx_word" id="word_1_274" title="bbox 3328 4314 3630 4372; x_wconf 91" lang="ita" dir="ltr" xml:lang="ita">Francisci</span>
            <span class="ocrx_word" id="word_1_275" title="bbox 3657 4315 3732 4372; x_wconf 99" lang="ita" dir="ltr" xml:lang="ita">de</span>
            <span class="ocrx_word" id="word_1_276" title="bbox 3760 4315 4004 4389; x_wconf 91" lang="ita" dir="ltr" xml:lang="ita">Camps,</span>
            <span class="ocrx_word" id="word_1_277" title="bbox 4034 4314 4275 4372; x_wconf 91" lang="ita" dir="ltr" xml:lang="ita">Parisiis</span>
            <span class="ocrx_word" id="word_1_278" title="bbox 4310 4314 4485 4382; x_wconf 89" lang="ita" xml:lang="ita">1695,</span>
          </span>
          <span class="ocr_line" id="line_1_30" title="bbox 706 4410 1152 4485; baseline 0.002 -18">
            <span class="ocrx_word" id="word_1_279" title="bbox 706 4410 768 4467; x_wconf 98" lang="ita" dir="ltr" xml:lang="ita">in</span>
            <span class="ocrx_word" id="word_1_280" title="bbox 791 4411 848 4478; x_wconf 99" lang="ita" xml:lang="ita">4,</span>
            <span class="ocrx_word" id="word_1_281" title="bbox 876 4410 1152 4485; x_wconf 98" lang="ita" dir="ltr" xml:lang="ita">figurato.</span>
          </span>
          <span class="ocr_line" id="line_1_31" title="bbox 703 4505 4486 4580; baseline 0 -17">
            <span class="ocrx_word" id="word_1_282" title="bbox 703 4506 838 4563; x_wconf 90" lang="ita" dir="ltr" xml:lang="ita">Con</span>
            <span class="ocrx_word" id="word_1_283" title="bbox 865 4505 943 4563; x_wconf 99" lang="ita" xml:lang="ita">54</span>
            <span class="ocrx_word" id="word_1_284" title="bbox 970 4506 1171 4563; x_wconf 97" lang="ita" dir="ltr" xml:lang="ita">tavole</span>
            <span class="ocrx_word" id="word_1_285" title="bbox 1197 4505 1504 4580; x_wconf 97" lang="ita" dir="ltr" xml:lang="ita">intagliate</span>
            <span class="ocrx_word" id="word_1_286" title="bbox 1532 4506 1609 4563; x_wconf 98" lang="ita" dir="ltr" xml:lang="ita">da</span>
            <span class="ocrx_word" id="word_1_287" title="bbox 1634 4505 1903 4563; x_wconf 97" lang="ita" dir="ltr" xml:lang="ita">Adriano</span>
            <span class="ocrx_word" id="word_1_288" title="bbox 1933 4505 2388 4563; x_wconf 86" lang="ita" dir="ltr" xml:lang="ita">Schoonebeek.</span>
            <span class="ocrx_word" id="word_1_289" title="bbox 2418 4507 2485 4562; x_wconf 90" lang="ita" dir="ltr" xml:lang="ita">In</span>
            <span class="ocrx_word" id="word_1_290" title="bbox 2512 4514 2726 4580; x_wconf 98" lang="ita" dir="ltr" xml:lang="ita">questo</span>
            <span class="ocrx_word" id="word_1_291" title="bbox 2754 4506 2938 4580; x_wconf 99" lang="ita" dir="ltr" xml:lang="ita">luogo</span>
            <span class="ocrx_word" id="word_1_292" title="bbox 2964 4505 3276 4580; x_wconf 97" lang="ita" dir="ltr" xml:lang="ita">possiamo</span>
            <span class="ocrx_word" id="word_1_293" title="bbox 3305 4524 3616 4563; x_wconf 97" lang="ita" dir="ltr" xml:lang="ita">osservare</span>
            <span class="ocrx_word" id="word_1_294" title="bbox 3643 4514 3864 4580; x_wconf 97" lang="ita" dir="ltr" xml:lang="ita">quanto</span>
            <span class="ocrx_word" id="word_1_295" title="bbox 3892 4505 4222 4580; x_wconf 98" lang="ita" dir="ltr" xml:lang="ita">improprio</span>
            <span class="ocrx_word" id="word_1_296" title="bbox 4250 4505 4417 4563; x_wconf 98" lang="ita" dir="ltr" xml:lang="ita">fosse</span>
            <span class="ocrx_word" id="word_1_297" title="bbox 4443 4505 4486 4562; x_wconf 99" lang="ita" dir="ltr" xml:lang="ita">il</span>
          </span>
          <span class="ocr_line" id="line_1_32" title="bbox 709 4601 4488 4676; baseline 0 -17">
            <span class="ocrx_word" id="word_1_298" title="bbox 709 4601 947 4659; x_wconf 98" lang="ita" dir="ltr" xml:lang="ita">servirsi</span>
            <span class="ocrx_word" id="word_1_299" title="bbox 975 4601 1036 4659; x_wconf 99" lang="ita" dir="ltr" xml:lang="ita">di</span>
            <span class="ocrx_word" id="word_1_300" title="bbox 1063 4610 1276 4676; x_wconf 98" lang="ita" dir="ltr" xml:lang="ita">questo</span>
            <span class="ocrx_word" id="word_1_301" title="bbox 1303 4601 1680 4676; x_wconf 97" lang="ita" dir="ltr" xml:lang="ita">intagliatore</span>
            <span class="ocrx_word" id="word_1_302" title="bbox 1706 4620 1813 4676; x_wconf 99" lang="ita" dir="ltr" xml:lang="ita">per</span>
            <span class="ocrx_word" id="word_1_303" title="bbox 1838 4602 1894 4659; x_wconf 99" lang="ita" dir="ltr" xml:lang="ita">le</span>
            <span class="ocrx_word" id="word_1_304" title="bbox 1921 4620 2103 4676; x_wconf 99" lang="ita" dir="ltr" xml:lang="ita">opere</span>
            <span class="ocrx_word" id="word_1_305" title="bbox 2130 4601 2191 4659; x_wconf 99" lang="ita" dir="ltr" xml:lang="ita">di</span>
            <span class="ocrx_word" id="word_1_306" title="bbox 2217 4601 2641 4659; x_wconf 97" lang="ita" dir="ltr" xml:lang="ita">numismatica</span>
            <span class="ocrx_word" id="word_1_307" title="bbox 2667 4620 2700 4659; x_wconf 99" lang="ita" dir="ltr" xml:lang="ita">e</span>
            <span class="ocrx_word" id="word_1_308" title="bbox 2728 4601 2789 4659; x_wconf 99" lang="ita" dir="ltr" xml:lang="ita">di</span>
            <span class="ocrx_word" id="word_1_309" title="bbox 2817 4601 3115 4659; x_wconf 82" lang="ita" dir="ltr" xml:lang="ita">antichità.</span>
            <span class="ocrx_word" id="word_1_310" title="bbox 3145 4601 3448 4669; x_wconf 91" lang="ita" dir="ltr" xml:lang="ita">Bizzarro,</span>
            <span class="ocrx_word" id="word_1_311" title="bbox 3477 4601 3752 4669; x_wconf 97" lang="ita" dir="ltr" xml:lang="ita">inesatto,</span>
            <span class="ocrx_word" id="word_1_312" title="bbox 3781 4601 4069 4676; x_wconf 97" lang="ita" dir="ltr" xml:lang="ita">incapace</span>
            <span class="ocrx_word" id="word_1_313" title="bbox 4096 4601 4157 4659; x_wconf 99" lang="ita" dir="ltr" xml:lang="ita">di</span>
            <span class="ocrx_word" id="word_1_314" title="bbox 4187 4601 4403 4659; x_wconf 98" lang="ita" dir="ltr" xml:lang="ita">sentire</span>
            <span class="ocrx_word" id="word_1_315" title="bbox 4430 4602 4488 4659; x_wconf 98" lang="ita" dir="ltr" xml:lang="ita">la</span>
          </span>
          <span class="ocr_line" id="line_1_33" title="bbox 707 4697 4486 4772; baseline 0 -17">
            <span class="ocrx_word" id="word_1_316" title="bbox 707 4697 945 4755; x_wconf 84" lang="ita" dir="ltr" xml:lang="ita">finezza</span>
            <span class="ocrx_word" id="word_1_317" title="bbox 973 4697 1344 4765; x_wconf 97" lang="ita" dir="ltr" xml:lang="ita">dell’antico,</span>
            <span class="ocrx_word" id="word_1_318" title="bbox 1376 4697 1715 4755; x_wconf 98" lang="ita" dir="ltr" xml:lang="ita">introdusse</span>
            <span class="ocrx_word" id="word_1_319" title="bbox 1745 4697 1807 4754; x_wconf 98" lang="ita" dir="ltr" xml:lang="ita">in</span>
            <span class="ocrx_word" id="word_1_320" title="bbox 1836 4706 1985 4755; x_wconf 99" lang="ita" dir="ltr" xml:lang="ita">tutto</span>
            <span class="ocrx_word" id="word_1_321" title="bbox 2015 4697 2058 4754; x_wconf 99" lang="ita" dir="ltr" xml:lang="ita">il</span>
            <span class="ocrx_word" id="word_1_322" title="bbox 2091 4716 2199 4755; x_wconf 98" lang="ita" dir="ltr" xml:lang="ita">suo</span>
            <span class="ocrx_word" id="word_1_323" title="bbox 2230 4706 2513 4755; x_wconf 98" lang="ita" dir="ltr" xml:lang="ita">carattere</span>
            <span class="ocrx_word" id="word_1_324" title="bbox 2544 4697 2734 4755; x_wconf 98" lang="ita" dir="ltr" xml:lang="ita">libero</span>
            <span class="ocrx_word" id="word_1_325" title="bbox 2765 4716 2798 4755; x_wconf 99" lang="ita" dir="ltr" xml:lang="ita">e</span>
            <span class="ocrx_word" id="word_1_326" title="bbox 2828 4706 3078 4772; x_wconf 99" lang="ita" dir="ltr" xml:lang="ita">gustoso</span>
            <span class="ocrx_word" id="word_1_327" title="bbox 3108 4697 3171 4754; x_wconf 99" lang="ita" dir="ltr" xml:lang="ita">in</span>
            <span class="ocrx_word" id="word_1_328" title="bbox 3200 4697 3344 4772; x_wconf 99" lang="ita" dir="ltr" xml:lang="ita">ogni</span>
            <span class="ocrx_word" id="word_1_329" title="bbox 3375 4698 3521 4755; x_wconf 97" lang="ita" dir="ltr" xml:lang="ita">altra</span>
            <span class="ocrx_word" id="word_1_330" title="bbox 3549 4716 3695 4755; x_wconf 98" lang="ita" dir="ltr" xml:lang="ita">cosa</span>
            <span class="ocrx_word" id="word_1_331" title="bbox 3724 4697 3882 4755; x_wconf 99" lang="ita" dir="ltr" xml:lang="ita">fuori</span>
            <span class="ocrx_word" id="word_1_332" title="bbox 3912 4697 4023 4755; x_wconf 99" lang="ita" dir="ltr" xml:lang="ita">che</span>
            <span class="ocrx_word" id="word_1_333" title="bbox 4053 4697 4115 4754; x_wconf 98" lang="ita" dir="ltr" xml:lang="ita">in</span>
            <span class="ocrx_word" id="word_1_334" title="bbox 4145 4698 4346 4772; x_wconf 98" lang="ita" dir="ltr" xml:lang="ita">quella</span>
            <span class="ocrx_word" id="word_1_335" title="bbox 4375 4697 4486 4755; x_wconf 99" lang="ita" dir="ltr" xml:lang="ita">che</span>
          </span>
          <span class="ocr_line" id="line_1_34" title="bbox 707 4793 1724 4868; baseline 0 -17">
            <span class="ocrx_word" id="word_1_336" title="bbox 707 4793 873 4868; x_wconf 98" lang="ita" dir="ltr" xml:lang="ita">esige</span>
            <span class="ocrx_word" id="word_1_337" title="bbox 898 4794 956 4851; x_wconf 98" lang="ita" dir="ltr" xml:lang="ita">la</span>
            <span class="ocrx_word" id="word_1_338" title="bbox 980 4793 1204 4851; x_wconf 82" lang="ita" dir="ltr" xml:lang="ita">fedeltà</span>
            <span class="ocrx_word" id="word_1_339" title="bbox 1225 4793 1330 4868; x_wconf 88" lang="ita" dir="ltr" xml:lang="ita">più</span>
            <span class="ocrx_word" id="word_1_340" title="bbox 1356 4794 1724 4868; x_wconf 98" lang="ita" dir="ltr" xml:lang="ita">scrupolosa.</span>
          </span>
        </p>
      </div>
      <div class="ocr_carea" id="block_1_13" title="bbox 476 4985 4362 5060">
        <p class="ocr_par" dir="ltr" id="par_1_14" title="bbox 476 4985 4362 5060">
          <span class="ocr_line" id="line_1_35" title="bbox 476 4985 4362 5060; baseline 0 -18">
            <span class="ocrx_word" id="word_1_341" title="bbox 476 4986 655 5043; x_wconf 99" lang="ita" xml:lang="ita">3040.</span>
            <span class="ocrx_word" id="word_1_342" title="bbox 682 4987 1028 5043; x_wconf 98" lang="ita" dir="ltr" xml:lang="ita">VAILLANT</span>
            <span class="ocrx_word" id="word_1_343" title="bbox 1050 4985 1296 5043; x_wconf 98" lang="ita" dir="ltr" xml:lang="ita">Joannis</span>
            <span class="ocrx_word" id="word_1_344" title="bbox 1321 4986 1448 5060; x_wconf 87" lang="ita" dir="ltr" xml:lang="ita">Foj,</span>
            <span class="ocrx_word" id="word_1_345" title="bbox 1478 4985 1674 5043; x_wconf 90" lang="ita" dir="ltr" xml:lang="ita">Series</span>
            <span class="ocrx_word" id="word_1_346" title="bbox 1699 5004 2087 5043; x_wconf 99" lang="ita" dir="ltr" xml:lang="ita">nummorum</span>
            <span class="ocrx_word" id="word_1_347" title="bbox 2110 4985 2492 5060; x_wconf 98" lang="ita" dir="ltr" xml:lang="ita">antiquorum</span>
            <span class="ocrx_word" id="word_1_348" title="bbox 2515 4985 2882 5043; x_wconf 97" lang="ita" dir="ltr" xml:lang="ita">familiarum</span>
            <span class="ocrx_word" id="word_1_349" title="bbox 2906 5004 2974 5043; x_wconf 97" lang="ita" dir="ltr" xml:lang="ita">ac</span>
            <span class="ocrx_word" id="word_1_350" title="bbox 2999 4985 3444 5060; x_wconf 97" lang="ita" dir="ltr" xml:lang="ita">imperatorum,</span>
            <span class="ocrx_word" id="word_1_351" title="bbox 3472 4985 3745 5043; x_wconf 99" lang="ita" dir="ltr" xml:lang="ita">Venetiis</span>
            <span class="ocrx_word" id="word_1_352" title="bbox 3778 4985 3953 5053; x_wconf 88" lang="ita" xml:lang="ita">1768,</span>
            <span class="ocrx_word" id="word_1_353" title="bbox 3980 4985 4042 5042; x_wconf 98" lang="ita" dir="ltr" xml:lang="ita">in</span>
            <span class="ocrx_word" id="word_1_354" title="bbox 4069 4986 4122 5053; x_wconf 87" lang="ita" xml:lang="ita">8,</span>
            <span class="ocrx_word" id="word_1_355" title="bbox 4149 4987 4237 5043; x_wconf 93" lang="ita" dir="ltr" xml:lang="ita">M.</span>
            <span class="ocrx_word" id="word_1_356" title="bbox 4265 4986 4362 5043; x_wconf 98" lang="ita" xml:lang="ita">74.</span>
          </span>
        </p>
      </div>
      <div class="ocr_carea" id="block_1_14" title="bbox 476 5176 4487 5443">
        <p class="ocr_par" dir="ltr" id="par_1_15" title="bbox 476 5176 4487 5443">
          <span class="ocr_line" id="line_1_36" title="bbox 476 5176 4487 5251; baseline 0 -18">
            <span class="ocrx_word" id="word_1_357" title="bbox 476 5177 655 5234; x_wconf 98" lang="ita" xml:lang="ita">3041.</span>
            <span class="ocrx_word" id="word_1_358" title="bbox 685 5178 1125 5244; x_wconf 90" lang="ita" dir="ltr" xml:lang="ita">VALLEMONT,</span>
            <span class="ocrx_word" id="word_1_359" title="bbox 1154 5176 1555 5234; x_wconf 87" lang="ita" dir="ltr" xml:lang="ita">Dissértation</span>
            <span class="ocrx_word" id="word_1_360" title="bbox 1583 5195 1681 5234; x_wconf 99" lang="ita" dir="ltr" xml:lang="ita">sur</span>
            <span class="ocrx_word" id="word_1_361" title="bbox 1705 5195 1822 5234; x_wconf 99" lang="ita" dir="ltr" xml:lang="ita">une</span>
            <span class="ocrx_word" id="word_1_362" title="bbox 1849 5176 2132 5234; x_wconf 87" lang="ita" dir="ltr" xml:lang="ita">médaille</span>
            <span class="ocrx_word" id="word_1_363" title="bbox 2162 5176 2484 5251; x_wconf 88" lang="ita" dir="ltr" xml:lang="ita">singuliére</span>
            <span class="ocrx_word" id="word_1_364" title="bbox 2512 5177 2924 5234; x_wconf 76" lang="ita" dir="ltr" xml:lang="ita">d’Alexandre</span>
            <span class="ocrx_word" id="word_1_365" title="bbox 2951 5177 3007 5234; x_wconf 99" lang="ita" dir="ltr" xml:lang="ita">le</span>
            <span class="ocrx_word" id="word_1_366" title="bbox 3035 5177 3257 5244; x_wconf 92" lang="ita" dir="ltr" xml:lang="ita">Grand,</span>
            <span class="ocrx_word" id="word_1_367" title="bbox 3285 5195 3392 5251; x_wconf 97" lang="ita" dir="ltr" xml:lang="ita">par</span>
            <span class="ocrx_word" id="word_1_368" title="bbox 3417 5177 3475 5234; x_wconf 98" lang="ita" dir="ltr" xml:lang="ita">la</span>
            <span class="ocrx_word" id="word_1_369" title="bbox 3501 5177 3700 5251; x_wconf 99" lang="ita" dir="ltr" xml:lang="ita">quelle</span>
            <span class="ocrx_word" id="word_1_370" title="bbox 3727 5195 3807 5234; x_wconf 99" lang="ita" dir="ltr" xml:lang="ita">on</span>
            <span class="ocrx_word" id="word_1_371" title="bbox 3825 5176 4061 5251; x_wconf 87" lang="ita" dir="ltr" xml:lang="ita">justifie</span>
            <span class="ocrx_word" id="word_1_372" title="bbox 4088 5176 4385 5234; x_wconf 99" lang="ita" dir="ltr" xml:lang="ita">l’histoire</span>
            <span class="ocrx_word" id="word_1_373" title="bbox 4412 5177 4487 5234; x_wconf 99" lang="ita" dir="ltr" xml:lang="ita">de</span>
          </span>
          <span class="ocr_line" id="line_1_37" title="bbox 708 5272 1743 5344; baseline -0.001 -14">
            <span class="ocrx_word" id="word_1_374" title="bbox 708 5272 1137 5344; x_wconf 88" lang="ita" dir="ltr" xml:lang="ita">Quint—Curce,</span>
            <span class="ocrx_word" id="word_1_375" title="bbox 1164 5272 1327 5330; x_wconf 91" lang="ita" dir="ltr" xml:lang="ita">Paris</span>
            <span class="ocrx_word" id="word_1_376" title="bbox 1360 5272 1534 5340; x_wconf 99" lang="ita" xml:lang="ita">1603,</span>
            <span class="ocrx_word" id="word_1_377" title="bbox 1561 5272 1623 5329; x_wconf 98" lang="ita" dir="ltr" xml:lang="ita">in</span>
            <span class="ocrx_word" id="word_1_378" title="bbox 1654 5273 1743 5330; x_wconf 99" lang="ita" xml:lang="ita">12.</span>
          </span>
          <span class="ocr_line" id="line_1_38" title="bbox 717 5368 2338 5443; baseline 0 -17">
            <span class="ocrx_word" id="word_1_379" title="bbox 717 5369 946 5440; x_wconf 88" lang="ita" dir="ltr" xml:lang="ita">Questo</span>
            <span class="ocrx_word" id="word_1_380" title="bbox 972 5387 1094 5426; x_wconf 99" lang="ita" dir="ltr" xml:lang="ita">non</span>
            <span class="ocrx_word" id="word_1_381" title="bbox 1118 5369 1151 5426; x_wconf 87" lang="ita" dir="ltr" xml:lang="ita">e</span>
            <span class="ocrx_word" id="word_1_382" title="bbox 1176 5368 1287 5426; x_wconf 99" lang="ita" dir="ltr" xml:lang="ita">che</span>
            <span class="ocrx_word" id="word_1_383" title="bbox 1312 5387 1392 5426; x_wconf 99" lang="ita" dir="ltr" xml:lang="ita">un</span>
            <span class="ocrx_word" id="word_1_384" title="bbox 1416 5369 1629 5426; x_wconf 99" lang="ita" dir="ltr" xml:lang="ita">elenco</span>
            <span class="ocrx_word" id="word_1_385" title="bbox 1656 5387 1690 5426; x_wconf 97" lang="ita" dir="ltr" xml:lang="ita">a</span>
            <span class="ocrx_word" id="word_1_386" title="bbox 1713 5368 1886 5443; x_wconf 98" lang="ita" dir="ltr" xml:lang="ita">guisa</span>
            <span class="ocrx_word" id="word_1_387" title="bbox 1909 5368 1970 5426; x_wconf 99" lang="ita" dir="ltr" xml:lang="ita">di</span>
            <span class="ocrx_word" id="word_1_388" title="bbox 1993 5368 2338 5443; x_wconf 98" lang="ita" dir="ltr" xml:lang="ita">repertorio.</span>
          </span>
        </p>
      </div>
      <div class="ocr_carea" id="block_1_15" title="bbox 476 5559 4488 5826">
        <p class="ocr_par" dir="ltr" id="par_1_16" title="bbox 476 5559 4488 5826">
          <span class="ocr_line" id="line_1_39" title="bbox 476 5559 4488 5634; baseline 0 -17">
            <span class="ocrx_word" id="word_1_389" title="bbox 476 5560 655 5617; x_wconf 99" lang="ita" xml:lang="ita">3042.</span>
            <span class="ocrx_word" id="word_1_390" title="bbox 695 5561 1135 5627; x_wconf 90" lang="ita" dir="ltr" xml:lang="ita">VALLEMONT,</span>
            <span class="ocrx_word" id="word_1_391" title="bbox 1175 5561 1458 5634; x_wconf 92" lang="ita" dir="ltr" xml:lang="ita">Reponse</span>
            <span class="ocrx_word" id="word_1_392" title="bbox 1497 5560 1531 5617; x_wconf 99" lang="ita" dir="ltr" xml:lang="ita">à</span>
            <span class="ocrx_word" id="word_1_393" title="bbox 1565 5561 1653 5617; x_wconf 93" lang="ita" dir="ltr" xml:lang="ita">M.</span>
            <span class="ocrx_word" id="word_1_394" title="bbox 1693 5560 2009 5627; x_wconf 91" lang="ita" dir="ltr" xml:lang="ita">Baudelot,</span>
            <span class="ocrx_word" id="word_1_395" title="bbox 2049 5560 2129 5617; x_wconf 88" lang="ita" dir="ltr" xml:lang="ita">où</span>
            <span class="ocrx_word" id="word_1_396" title="bbox 2168 5578 2231 5617; x_wconf 99" lang="ita" dir="ltr" xml:lang="ita">se</span>
            <span class="ocrx_word" id="word_1_397" title="bbox 2268 5568 2477 5617; x_wconf 98" lang="ita" dir="ltr" xml:lang="ita">trouve</span>
            <span class="ocrx_word" id="word_1_398" title="bbox 2516 5559 2731 5617; x_wconf 98" lang="ita" dir="ltr" xml:lang="ita">detruit</span>
            <span class="ocrx_word" id="word_1_399" title="bbox 2765 5568 2894 5617; x_wconf 99" lang="ita" dir="ltr" xml:lang="ita">tout</span>
            <span class="ocrx_word" id="word_1_400" title="bbox 2929 5578 2999 5617; x_wconf 99" lang="ita" dir="ltr" xml:lang="ita">ce</span>
            <span class="ocrx_word" id="word_1_401" title="bbox 3036 5560 3136 5634; x_wconf 99" lang="ita" dir="ltr" xml:lang="ita">qu’</span>
            <span class="ocrx_word" id="word_1_402" title="bbox 3180 5559 3223 5616; x_wconf 99" lang="ita" dir="ltr" xml:lang="ita">il</span>
            <span class="ocrx_word" id="word_1_403" title="bbox 3262 5578 3296 5617; x_wconf 97" lang="ita" dir="ltr" xml:lang="ita">a</span>
            <span class="ocrx_word" id="word_1_404" title="bbox 3332 5560 3559 5617; x_wconf 87" lang="ita" dir="ltr" xml:lang="ita">avance</span>
            <span class="ocrx_word" id="word_1_405" title="bbox 3596 5568 3802 5617; x_wconf 97" lang="ita" dir="ltr" xml:lang="ita">contra</span>
            <span class="ocrx_word" id="word_1_406" title="bbox 3837 5560 3895 5617; x_wconf 98" lang="ita" dir="ltr" xml:lang="ita">la</span>
            <span class="ocrx_word" id="word_1_407" title="bbox 3931 5559 4052 5617; x_wconf 98" lang="ita" dir="ltr" xml:lang="ita">dite</span>
            <span class="ocrx_word" id="word_1_408" title="bbox 4089 5559 4390 5627; x_wconf 88" lang="ita" dir="ltr" xml:lang="ita">médaille,</span>
            <span class="ocrx_word" id="word_1_409" title="bbox 4430 5568 4488 5617; x_wconf 99" lang="ita" dir="ltr" xml:lang="ita">et</span>
          </span>
          <span class="ocr_line" id="line_1_40" title="bbox 707 5655 1616 5723; baseline 0 -10">
            <span class="ocrx_word" id="word_1_410" title="bbox 707 5655 1104 5723; x_wconf 87" lang="ita" dir="ltr" xml:lang="ita">dissértation,</span>
            <span class="ocrx_word" id="word_1_411" title="bbox 1131 5657 1411 5713; x_wconf 76" lang="ita" dir="ltr" xml:lang="ita">Trevoux</span>
            <span class="ocrx_word" id="word_1_412" title="bbox 1442 5655 1616 5713; x_wconf 98" lang="ita" xml:lang="ita">1606.</span>
          </span>
          <span class="ocr_line" id="line_1_41" title="bbox 711 5751 4381 5826; baseline 0 -17">
            <span class="ocrx_word" id="word_1_413" title="bbox 711 5753 852 5809; x_wconf 93" lang="ita" dir="ltr" xml:lang="ita">Non</span>
            <span class="ocrx_word" id="word_1_414" title="bbox 874 5752 996 5826; x_wconf 91" lang="ita" dir="ltr" xml:lang="ita">può</span>
            <span class="ocrx_word" id="word_1_415" title="bbox 1022 5751 1281 5826; x_wconf 98" lang="ita" dir="ltr" xml:lang="ita">leggersi</span>
            <span class="ocrx_word" id="word_1_416" title="bbox 1306 5752 1471 5809; x_wconf 97" lang="ita" dir="ltr" xml:lang="ita">nulla</span>
            <span class="ocrx_word" id="word_1_417" title="bbox 1494 5751 1555 5809; x_wconf 99" lang="ita" dir="ltr" xml:lang="ita">di</span>
            <span class="ocrx_word" id="word_1_418" title="bbox 1578 5751 1683 5826; x_wconf 88" lang="ita" dir="ltr" xml:lang="ita">più</span>
            <span class="ocrx_word" id="word_1_419" title="bbox 1708 5770 1910 5809; x_wconf 97" lang="ita" dir="ltr" xml:lang="ita">amaro</span>
            <span class="ocrx_word" id="word_1_420" title="bbox 1936 5770 1969 5809; x_wconf 99" lang="ita" dir="ltr" xml:lang="ita">e</span>
            <span class="ocrx_word" id="word_1_421" title="bbox 1994 5751 2055 5809; x_wconf 99" lang="ita" dir="ltr" xml:lang="ita">di</span>
            <span class="ocrx_word" id="word_1_422" title="bbox 2078 5751 2183 5826; x_wconf 88" lang="ita" dir="ltr" xml:lang="ita">più</span>
            <span class="ocrx_word" id="word_1_423" title="bbox 2208 5770 2342 5809; x_wconf 98" lang="ita" dir="ltr" xml:lang="ita">acre</span>
            <span class="ocrx_word" id="word_1_424" title="bbox 2367 5760 2588 5826; x_wconf 97" lang="ita" dir="ltr" xml:lang="ita">quanto</span>
            <span class="ocrx_word" id="word_1_425" title="bbox 2614 5752 2670 5809; x_wconf 99" lang="ita" dir="ltr" xml:lang="ita">le</span>
            <span class="ocrx_word" id="word_1_426" title="bbox 2695 5751 2946 5809; x_wconf 91" lang="ita" dir="ltr" xml:lang="ita">diatribe</span>
            <span class="ocrx_word" id="word_1_427" title="bbox 2971 5751 3032 5809; x_wconf 99" lang="ita" dir="ltr" xml:lang="ita">di</span>
            <span class="ocrx_word" id="word_1_428" title="bbox 3057 5751 3251 5826; x_wconf 92" lang="ita" dir="ltr" xml:lang="ita">questi</span>
            <span class="ocrx_word" id="word_1_429" title="bbox 3276 5752 3392 5809; x_wconf 98" lang="ita" dir="ltr" xml:lang="ita">due</span>
            <span class="ocrx_word" id="word_1_430" title="bbox 3418 5751 3607 5809; x_wconf 97" lang="ita" dir="ltr" xml:lang="ita">autori</span>
            <span class="ocrx_word" id="word_1_431" title="bbox 3632 5752 3802 5809; x_wconf 99" lang="ita" dir="ltr" xml:lang="ita">l’uno</span>
            <span class="ocrx_word" id="word_1_432" title="bbox 3828 5760 4036 5809; x_wconf 99" lang="ita" dir="ltr" xml:lang="ita">contro</span>
            <span class="ocrx_word" id="word_1_433" title="bbox 4062 5752 4381 5809; x_wconf 98" lang="ita" dir="ltr" xml:lang="ita">dell’altro.</span>
          </span>
        </p>
      </div>
      <div class="ocr_carea" id="block_1_16" title="bbox 476 5943 4488 6305">
        <p class="ocr_par" dir="ltr" id="par_1_17" title="bbox 476 5943 4488 6305">
          <span class="ocr_line" id="line_1_42" title="bbox 476 5943 4488 6018; baseline -0 -17">
            <span class="ocrx_word" id="word_1_434" title="bbox 476 5944 655 6001; x_wconf 99" lang="ita" xml:lang="ita">3043.</span>
            <span class="ocrx_word" id="word_1_435" title="bbox 691 5945 974 6001; x_wconf 90" lang="ita" dir="ltr" xml:lang="ita">VENUTO</span>
            <span class="ocrx_word" id="word_1_436" title="bbox 1002 5943 1391 6018; x_wconf 93" lang="ita" dir="ltr" xml:lang="ita">Rudolphino</span>
            <span class="ocrx_word" id="word_1_437" title="bbox 1426 5943 1787 6011; x_wconf 98" lang="ita" dir="ltr" xml:lang="ita">cortonensi,</span>
            <span class="ocrx_word" id="word_1_438" title="bbox 1824 5943 2090 6018; x_wconf 84" lang="ita" dir="ltr" xml:lang="ita">Antiqua</span>
            <span class="ocrx_word" id="word_1_439" title="bbox 2122 5943 2487 6001; x_wconf 97" lang="ita" dir="ltr" xml:lang="ita">numismata</span>
            <span class="ocrx_word" id="word_1_440" title="bbox 2519 5943 2768 6001; x_wconf 75" lang="ita" dir="ltr" xml:lang="ita">maximi</span>
            <span class="ocrx_word" id="word_1_441" title="bbox 2802 5943 3035 6001; x_wconf 99" lang="ita" dir="ltr" xml:lang="ita">moduli</span>
            <span class="ocrx_word" id="word_1_442" title="bbox 3069 5962 3144 6001; x_wconf 75" lang="ita" dir="ltr" xml:lang="ita">ex</span>
            <span class="ocrx_word" id="word_1_443" title="bbox 3176 5945 3399 6001; x_wconf 93" lang="ita" dir="ltr" xml:lang="ita">Museo</span>
            <span class="ocrx_word" id="word_1_444" title="bbox 3435 5943 3772 6001; x_wconf 91" lang="ita" dir="ltr" xml:lang="ita">Cardinalis</span>
            <span class="ocrx_word" id="word_1_445" title="bbox 3807 5943 4136 6001; x_wconf 75" lang="ita" dir="ltr" xml:lang="ita">Alexandri</span>
            <span class="ocrx_word" id="word_1_446" title="bbox 4170 5943 4392 6001; x_wconf 85" lang="ita" dir="ltr" xml:lang="ita">Albani</span>
            <span class="ocrx_word" id="word_1_447" title="bbox 4425 5943 4488 6000; x_wconf 99" lang="ita" dir="ltr" xml:lang="ita">in</span>
          </span>
          <span class="ocr_line" id="line_1_43" title="bbox 706 6039 3277 6107; baseline -0 -10">
            <span class="ocrx_word" id="word_1_448" title="bbox 706 6039 1065 6097; x_wconf 97" lang="ita" dir="ltr" xml:lang="ita">Vaticanam</span>
            <span class="ocrx_word" id="word_1_449" title="bbox 1087 6039 1535 6097; x_wconf 91" lang="ita" dir="ltr" xml:lang="ita">Bibliothecam</span>
            <span class="ocrx_word" id="word_1_450" title="bbox 1559 6058 1593 6097; x_wconf 97" lang="ita" dir="ltr" xml:lang="ita">a</span>
            <span class="ocrx_word" id="word_1_451" title="bbox 1616 6040 1931 6097; x_wconf 90" lang="ita" dir="ltr" xml:lang="ita">Clemente</span>
            <span class="ocrx_word" id="word_1_452" title="bbox 1955 6041 2068 6096; x_wconf 89" lang="ita" dir="ltr" xml:lang="ita">XII</span>
            <span class="ocrx_word" id="word_1_453" title="bbox 2092 6040 2388 6107; x_wconf 98" lang="ita" dir="ltr" xml:lang="ita">translata,</span>
            <span class="ocrx_word" id="word_1_454" title="bbox 2416 6041 2648 6097; x_wconf 92" lang="ita" dir="ltr" xml:lang="ita">Romae</span>
            <span class="ocrx_word" id="word_1_455" title="bbox 2680 6040 2836 6098; x_wconf 90" lang="ita" xml:lang="ita">1739</span>
            <span class="ocrx_word" id="word_1_456" title="bbox 2863 6048 2921 6097; x_wconf 99" lang="ita" dir="ltr" xml:lang="ita">et</span>
            <span class="ocrx_word" id="word_1_457" title="bbox 2950 6040 3124 6107; x_wconf 98" lang="ita" xml:lang="ita">1744,</span>
            <span class="ocrx_word" id="word_1_458" title="bbox 3151 6039 3213 6096; x_wconf 98" lang="ita" dir="ltr" xml:lang="ita">in</span>
            <span class="ocrx_word" id="word_1_459" title="bbox 3237 6039 3277 6097; x_wconf 99" lang="ita" dir="ltr" xml:lang="ita">f.</span>
          </span>
          <span class="ocr_line" id="line_1_44" title="bbox 711 6134 4487 6209; baseline 0 -17">
            <span class="ocrx_word" id="word_1_460" title="bbox 711 6134 1004 6192; x_wconf 94" lang="ita" dir="ltr" xml:lang="ita">Edizione</span>
            <span class="ocrx_word" id="word_1_461" title="bbox 1046 6134 1361 6209; x_wconf 98" lang="ita" dir="ltr" xml:lang="ita">splendida</span>
            <span class="ocrx_word" id="word_1_462" title="bbox 1399 6153 1516 6192; x_wconf 99" lang="ita" dir="ltr" xml:lang="ita">con</span>
            <span class="ocrx_word" id="word_1_463" title="bbox 1562 6135 1676 6192; x_wconf 97" lang="ita" xml:lang="ita">120</span>
            <span class="ocrx_word" id="word_1_464" title="bbox 1715 6135 1915 6192; x_wconf 98" lang="ita" dir="ltr" xml:lang="ita">tavole</span>
            <span class="ocrx_word" id="word_1_465" title="bbox 1955 6153 1988 6192; x_wconf 99" lang="ita" dir="ltr" xml:lang="ita">e</span>
            <span class="ocrx_word" id="word_1_466" title="bbox 2028 6143 2234 6192; x_wconf 97" lang="ita" dir="ltr" xml:lang="ita">ornata</span>
            <span class="ocrx_word" id="word_1_467" title="bbox 2272 6134 2333 6192; x_wconf 99" lang="ita" dir="ltr" xml:lang="ita">di</span>
            <span class="ocrx_word" id="word_1_468" title="bbox 2372 6153 2692 6192; x_wconf 99" lang="ita" dir="ltr" xml:lang="ita">numerose</span>
            <span class="ocrx_word" id="word_1_469" title="bbox 2732 6134 2995 6209; x_wconf 98" lang="ita" dir="ltr" xml:lang="ita">vignette</span>
            <span class="ocrx_word" id="word_1_470" title="bbox 3035 6134 3096 6192; x_wconf 99" lang="ita" dir="ltr" xml:lang="ita">di</span>
            <span class="ocrx_word" id="word_1_471" title="bbox 3138 6134 3386 6192; x_wconf 89" lang="ita" dir="ltr" xml:lang="ita">Stefano</span>
            <span class="ocrx_word" id="word_1_472" title="bbox 3427 6135 3587 6192; x_wconf 98" lang="ita" dir="ltr" xml:lang="ita">della</span>
            <span class="ocrx_word" id="word_1_473" title="bbox 3624 6135 3814 6202; x_wconf 91" lang="ita" dir="ltr" xml:lang="ita">Bella,</span>
            <span class="ocrx_word" id="word_1_474" title="bbox 3857 6134 3918 6192; x_wconf 99" lang="ita" dir="ltr" xml:lang="ita">di</span>
            <span class="ocrx_word" id="word_1_475" title="bbox 3957 6134 4174 6192; x_wconf 93" lang="ita" dir="ltr" xml:lang="ita">Duilos</span>
            <span class="ocrx_word" id="word_1_476" title="bbox 4215 6153 4248 6192; x_wconf 99" lang="ita" dir="ltr" xml:lang="ita">e</span>
            <span class="ocrx_word" id="word_1_477" title="bbox 4288 6134 4487 6192; x_wconf 97" lang="ita" dir="ltr" xml:lang="ita">d’altri</span>
          </span>
          <span class="ocr_line" id="line_1_45" title="bbox 706 6230 1750 6305; baseline 0.001 -18">
            <span class="ocrx_word" id="word_1_478" title="bbox 706 6230 1068 6305; x_wconf 98" lang="ita" dir="ltr" xml:lang="ita">intagliatori</span>
            <span class="ocrx_word" id="word_1_479" title="bbox 1093 6230 1154 6288; x_wconf 99" lang="ita" dir="ltr" xml:lang="ita">di</span>
            <span class="ocrx_word" id="word_1_480" title="bbox 1177 6249 1424 6288; x_wconf 97" lang="ita" dir="ltr" xml:lang="ita">romane</span>
            <span class="ocrx_word" id="word_1_481" title="bbox 1450 6230 1750 6288; x_wconf 82" lang="ita" dir="ltr" xml:lang="ita">antichità.</span>
          </span>
        </p>
      </div>
      <div class="ocr_carea" id="block_1_17" title="bbox 476 6422 4488 6497">
        <p class="ocr_par" dir="ltr" id="par_1_18" title="bbox 476 6422 4488 6497">
          <span class="ocr_line" id="line_1_46" title="bbox 476 6422 4488 6497; baseline 0 -17">
            <span class="ocrx_word" id="word_1_482" title="bbox 476 6423 655 6480; x_wconf 99" lang="ita" xml:lang="ita">3044.</span>
            <span class="ocrx_word" id="word_1_483" title="bbox 690 6424 973 6480; x_wconf 90" lang="ita" dir="ltr" xml:lang="ita">VENUTO</span>
            <span class="ocrx_word" id="word_1_484" title="bbox 999 6422 1388 6497; x_wconf 93" lang="ita" dir="ltr" xml:lang="ita">Rudolphino</span>
            <span class="ocrx_word" id="word_1_485" title="bbox 1421 6422 1781 6490; x_wconf 98" lang="ita" dir="ltr" xml:lang="ita">cortonensi,</span>
            <span class="ocrx_word" id="word_1_486" title="bbox 1815 6422 2198 6480; x_wconf 93" lang="ita" dir="ltr" xml:lang="ita">Numismata</span>
            <span class="ocrx_word" id="word_1_487" title="bbox 2228 6424 2644 6480; x_wconf 92" lang="ita" dir="ltr" xml:lang="ita">Romanorum</span>
            <span class="ocrx_word" id="word_1_488" title="bbox 2672 6422 3042 6480; x_wconf 91" lang="ita" dir="ltr" xml:lang="ita">Pontificum</span>
            <span class="ocrx_word" id="word_1_489" title="bbox 3070 6422 3501 6497; x_wconf 98" lang="ita" dir="ltr" xml:lang="ita">praestantiora</span>
            <span class="ocrx_word" id="word_1_490" title="bbox 3532 6441 3566 6480; x_wconf 97" lang="ita" dir="ltr" xml:lang="ita">a</span>
            <span class="ocrx_word" id="word_1_491" title="bbox 3595 6422 3859 6480; x_wconf 93" lang="ita" dir="ltr" xml:lang="ita">Martino</span>
            <span class="ocrx_word" id="word_1_492" title="bbox 3891 6424 3948 6480; x_wconf 99" lang="ita" dir="ltr" xml:lang="ita">V</span>
            <span class="ocrx_word" id="word_1_493" title="bbox 3981 6423 4056 6480; x_wconf 97" lang="ita" dir="ltr" xml:lang="ita">ad</span>
            <span class="ocrx_word" id="word_1_494" title="bbox 4086 6422 4488 6480; x_wconf 91" lang="ita" dir="ltr" xml:lang="ita">Benedictum</span>
          </span>
        </p>
      </div>
      <div class="ocr_carea" id="block_1_18" title="bbox 521 6604 4439 6608">
        <p class="ocr_par" dir="ltr" id="par_1_19" title="bbox 521 6604 4439 6608">
          <span class="ocr_line" id="line_1_47" title="bbox 521 6604 4439 6608; baseline 0 0">
            <span class="ocrx_word" id="word_1_495" title="bbox 521 6604 4439 6608; x_wconf 95" lang="ita" dir="ltr" xml:lang="ita"> </span>
          </span>
        </p>
      </div>
      <div class="ocr_carea" id="block_1_19" title="bbox 2171 6637 2791 6710">
        <p class="ocr_par" dir="ltr" id="par_1_20" title="bbox 2171 6637 2791 6710">
          <span class="ocr_line" id="line_1_48" title="bbox 2171 6637 2791 6710; baseline 0 -16">
            <span class="ocrx_word" id="word_1_496" title="bbox 2171 6657 2347 6694; x_wconf 88" lang="ita" dir="ltr" xml:lang="ita">WWW.</span>
            <span class="ocrx_word" id="word_1_497" title="bbox 2358 6637 2734 6710; x_wconf 78" lang="ita" dir="ltr" xml:lang="ita">memofonte.</span>
            <span class="ocrx_word" id="word_1_498" title="bbox 2748 6639 2791 6694; x_wconf 77" lang="ita" dir="ltr" xml:lang="ita">il</span>
          </span>
        </p>
      </div>
    </div>
  </body>
</html>
