4958 7017
1981 864 2366 922 Fondazione
2390 838 2775 922 Memofonte
2800 865 2976 922 onlus

1390 960 1600 1018 Studio
1624 979 1731 1035 per
1754 960 2226 1018 l’elaborazione
2250 960 2632 1018 informatica
2655 961 2813 1018 delle
2838 960 2991 1018 fonti
3018 960 3571 1018 storico—artistiche

710 1273 1018 1320 servono
1049 1251 1121 1320 di
1152 1251 1708 1320 continuazione
1739 1251 1805 1320 al
1833 1262 2112 1320 trattato
2143 1251 2260 1320 del
2290 1251 2673 1333 Gallacini,
2706 1251 3031 1320 Venezia
3067 1252 3275 1333 1772,
3308 1251 3382 1319 in
3411 1251 3538 1320 fol.
3572 1251 3699 1341 fig.

709 1362 938 1420 Scrisse
967 1362 1010 1419 il
1041 1362 1341 1420 Gallacini
1371 1363 1429 1420 la
1460 1381 1566 1420 sua
1594 1381 1778 1437 opera
1805 1363 1965 1420 nella
1993 1363 2152 1420 metà
2180 1363 2278 1420 del
2315 1362 2471 1420 1600
2502 1381 2535 1420 e
2567 1363 2828 1420 sebbene
2858 1362 2918 1420 vi
2951 1362 3000 1420 si
3029 1362 3261 1420 trenino
3292 1381 3436 1420 cose
3467 1371 3687 1437 argute,
3720 1381 3842 1420 non
3873 1381 4024 1420 sono
4055 1363 4273 1420 dettate
4303 1363 4380 1420 da
4407 1381 4487 1420 un

707 1458 1173 1516 discernimento
1207 1467 1422 1533 troppo
1456 1458 1602 1516 fino.
1639 1460 1723 1516 Le
1756 1459 1956 1516 tavole
1989 1458 2051 1515 in
2082 1477 2246 1516 rame
2282 1477 2432 1516 sono
2465 1458 2708 1516 inserite
2742 1458 2832 1516 fra
2862 1458 2905 1515 il
2938 1467 3109 1516 testo.
3145 1460 3287 1516 Non
3317 1459 3439 1533 può
3473 1458 3710 1533 negarsi
3744 1458 3855 1516 che
3888 1477 4010 1516 non
4045 1458 4214 1516 siano
4246 1459 4392 1533 però
4425 1458 4487 1515 in

707 1563 919 1629 questo
956 1554 1109 1612 libro
1145 1554 1465 1612 utilissime
1499 1554 1849 1622 riﬂessioni,
1888 1573 1987 1612 ma
2021 1573 2128 1612 oro
2165 1554 2345 1612 misto
2383 1573 2417 1612 a
2451 1555 2639 1612 molta
2675 1554 2886 1612 scoria.
2925 1555 2973 1611 Il
3008 1554 3309 1612 Visentini
3343 1554 3448 1629 poi
3485 1554 3795 1612 architetto
3832 1554 3893 1612 di
3929 1563 4104 1629 gusto
4141 1555 4484 1629 depravato,

709 1651 971 1708 sebbene
1003 1650 1360 1725 pienissimo
1395 1650 1456 1708 di
1490 1650 1837 1725 cognizioni
1869 1650 2153 1725 pratiche,
2191 1650 2481 1725 aggiunse
2515 1669 2595 1708 un
2628 1650 2782 1708 libro
2816 1650 3099 1708 inferiore
3133 1650 3194 1708 di
3227 1651 3416 1708 molto
3452 1650 3530 1708 ali
3564 1669 3747 1725 opera
3779 1651 3877 1708 del
3912 1650 4229 1708 Gallacini:
4266 1650 4486 1725 poiché

707 1747 883 1804 cercò
912 1746 995 1821 gli
1023 1746 1204 1804 errori
1231 1746 1293 1803 in
1320 1765 1501 1821 opere
1529 1746 1797 1821 eseguite
1825 1747 1902 1804 da
1929 1746 2219 1804 architetti
2248 1746 2404 1804 assai
2432 1746 2493 1804 di
2521 1746 2604 1804 lui
2630 1746 2923 1821 peggiori,
2954 1765 3130 1804 come
3158 1747 3316 1804 dalle
3343 1747 3543 1804 tavole
3571 1746 3632 1804 di
3660 1755 3871 1821 questo
3900 1746 4053 1804 libro
4080 1747 4202 1821 può
4231 1746 4485 1814 vedersi,

707 1842 1081 1899 censurando
1107 1860 1224 1899 con
1248 1842 1435 1899 molta
1456 1841 1704 1916 ragione
1729 1841 1749 1898 i
1774 1841 1996 1899 diffetti
2019 1841 2124 1916 più
2146 1841 2356 1916 palesi,
2384 1841 2496 1899 che
2520 1860 2642 1899 non
2666 1841 3036 1899 meritavano
3062 1850 3423 1899 certamente
3448 1842 3685 1899 l’onore
3710 1842 3870 1899 della
3893 1841 4114 1899 critica.

471 2056 636 2125 515.
692 2057 936 2125 GERLI
979 2056 1364 2146 Agostino,
1419 2056 1775 2146 Opuscoli
1826 2056 1900 2124 in
1950 2056 2247 2125 materia
2296 2056 2833 2125 d’architettura
2882 2078 2921 2125 e
2970 2056 3250 2125 relativi
3303 2056 3779 2125 all’encausto
3831 2056 4025 2146 degli
4078 2056 4365 2138 antichi,
4422 2056 4487 2125 ai

706 2171 1102 2261 pavimenti
1138 2193 1177 2240 e
1213 2171 1351 2240 alle
1385 2171 1764 2240 macchine
1798 2171 2281 2253 idrostatiche,
2321 2171 2459 2240 alle
2492 2171 2828 2261 prigioni,
2868 2171 3328 2240 all’ultimare
3362 2171 3432 2240 la
3465 2171 3711 2240 chiesa
3745 2171 3817 2240 di
3854 2172 4196 2261 Seregno,
4234 2173 4488 2240 Parma

716 2286 924 2368 1785,
957 2286 1031 2354 in
1060 2286 1187 2355 fol.

706 2399 790 2455 Le
841 2398 1042 2455 tavole
1094 2397 1155 2455 di
1207 2397 1402 2472 questi
1454 2397 1733 2472 opuscoli
1784 2397 2090 2472 intagliate
2142 2397 2204 2454 in
2253 2416 2418 2455 rame
2472 2406 2683 2455 stanno
2738 2397 2793 2455 ai
2844 2397 3109 2472 ispettivi
3161 2397 3370 2472 luoghi
3422 2416 3455 2455 e
3507 2398 3763 2455 l’autore
3815 2416 3915 2455 era
3965 2398 4132 2455 dotto
4185 2397 4246 2455 di
4297 2398 4486 2455 molto

708 2493 1173 2568 accorgimento.

471 2708 636 2777 516.
702 2709 1073 2777 GIARDINI
1127 2708 1495 2777 Giovanni
1557 2708 1648 2777 da
1705 2708 1917 2790 Forlì,
1981 2708 2287 2798 Disegni
2349 2708 2615 2777 diversi
2676 2708 2894 2777 inven
2961 2710 3054 2798 [p.
3120 2708 3398 2791 92]tati,
3462 2730 3501 2777 e
3562 2708 3900 2777 delineati
3960 2730 4086 2798 per
4144 2708 4484 2798 lampadi,

708 2823 1118 2892 candelabri
1149 2823 1239 2892 ed
1269 2823 1423 2892 altri
1456 2823 1677 2892 simili
1709 2823 1956 2905 arredi,
1989 2825 2226 2892 Roma
2262 2824 2470 2905 1714,
2503 2823 2577 2891 in
2606 2823 2734 2892 fol.

706 2935 978 3009 L’epoca
1005 2934 1251 2992 infelice
1279 2953 1386 3009 per
1414 2935 1470 2992 le
1500 2953 1682 3009 opere
1712 2934 1773 2992 di
1803 2943 1997 3009 gusto,
2029 2934 2091 2991 in
2120 2934 2218 2992 cui
2249 2934 2466 2992 furono
2495 2934 2826 3009 pubblicati
2856 2934 3050 3009 questi
3080 2934 3317 3009 disegni
3346 2934 3639 3009 intagliati
3670 2935 3747 2992 da
3774 2934 4163 2992 Massimilno
4194 2934 4487 3009 Limpach

707 3030 768 3088 di
795 3032 1000 3105 Praga,
1029 3031 1200 3088 basta
1224 3049 1331 3105 per
1355 3031 1621 3105 relegare
1649 3031 2036 3105 quest’opera
2062 3030 2152 3088 fra
2177 3030 2197 3087 i
2225 3030 2619 3098 monumenti,
2650 3030 2762 3088 che
2789 3031 2950 3088 nella
2978 3030 3159 3088 storia
3185 3031 3459 3088 dell’arte
3488 3039 3779 3088 attestano
3807 3030 3850 3087 il
3878 3030 4299 3088 decadimento
4329 3049 4363 3088 a
4389 3030 4487 3088 cui

709 3126 1077 3201 soggiacque
1101 3126 1164 3183 in
1188 3127 1327 3201 quel
1354 3127 1579 3184 secolo:
1611 3145 1762 3184 sono
1795 3127 1909 3184 100
1933 3127 2133 3184 tavole
2157 3126 2463 3201 intagliate
2487 3126 2550 3183 in
2572 3145 2754 3184 rame.

475 3321 640 3390 517.
723 3322 1175 3390 GIOPPREDO
1252 3321 1515 3403 Mario,
1601 3321 2278 3403 Dell’architettura,
2363 3332 2560 3411 parte
2641 3321 2892 3411 prima,
2978 3321 3170 3390 nella
3250 3321 3463 3411 quale
3549 3321 3608 3390 si
3690 3332 3894 3390 tratta
3975 3321 4169 3411 degli
4253 3321 4486 3390 ordini

708 3436 1343 3505 dell’architettura
1372 3436 1485 3505 de’
1526 3436 1743 3505 Greci
1775 3458 1814 3505 e
1845 3436 2327 3526 degl’ltaliani
2360 3458 2399 3505 e
2432 3436 2491 3505 si
2523 3436 2762 3505 danno
2793 3436 2861 3505 le
2890 3436 3136 3526 regole
3165 3436 3290 3526 più
3323 3436 3600 3526 spedite
3629 3458 3756 3526 per
3785 3436 4184 3526 disegnare,
4217 3436 4485 3526 Napoli

716 3551 924 3633 1768,
957 3551 1031 3619 in
1060 3551 1187 3620 fol.
1221 3573 1437 3620 mass.
1470 3551 1619 3641 Fig.

708 3663 1133 3734 Quest’autore
1167 3681 1358 3720 aveva
1388 3681 1507 3720 una
1539 3662 1719 3720 felice
1752 3663 1979 3720 natural
2012 3662 2425 3737 disposizione
2456 3681 2563 3737 per
2594 3662 3022 3720 l’architettura
3053 3681 3086 3720 e
3118 3663 3455 3737 nell’opera
3488 3681 3611 3730 sua,
3647 3662 3758 3720 che
3791 3681 3913 3720 non
3943 3663 4085 3737 poté
4116 3662 4483 3737 proseguire,

707 3777 882 3816 come
923 3759 1238 3816 sembrava
1274 3758 1547 3833 disposto
1587 3777 1621 3816 a
1657 3758 1801 3826 fare,
1840 3777 1947 3833 per
1983 3777 2182 3816 essere
2219 3767 2496 3816 mancato
2536 3759 2588 3816 a’
2633 3758 2777 3826 vivi,
2817 3758 3114 3816 travedasi
3151 3758 3194 3815 il
3230 3759 3395 3816 buon
3433 3767 3608 3833 gusto
3646 3758 3708 3815 in
3746 3767 3967 3833 quanto
4005 3758 4177 3816 imitò
4216 3777 4249 3816 e
4289 3758 4485 3816 studiò

706 3854 984 3912 Vitruvio
1013 3873 1046 3912 e
1073 3854 1116 3911 il
1144 3854 1365 3912 cattivo
1392 3873 1499 3929 per
1525 3855 1583 3912 la
1607 3854 1874 3929 pessima
1899 3854 2225 3912 istruzione
2253 3854 2364 3912 che
2392 3855 2546 3912 ebbe
2574 3855 2651 3912 da
2676 3854 2940 3912 Martino
2968 3856 3290 3912 Bonocore
3320 3873 3428 3912 suo
3456 3854 3766 3912 istitutore.
3797 3856 3881 3912 Le
3911 3855 3982 3912 31
4016 3855 4216 3912 tavole
4246 3873 4396 3912 sono
4425 3854 4486 3912 di

706 3950 896 4008 nitido
922 3969 955 4008 e
978 3950 1382 4025 bell’intaglio
1407 3950 1469 4007 in
1494 3950 1816 4025 grandiosa
1839 3950 2218 4008 dimensione
2242 3950 2433 4008 incise
2458 3951 2535 4008 da
2557 3952 2891 4008 Francesco
2918 3950 3299 4025 Gemignani.

475 4145 640 4214 518.
675 4146 1086 4214 GRAPALDI
1108 4145 1470 4214 Francisci
1500 4145 1756 4227 Maria,
1789 4147 1901 4214 De
1929 4145 2247 4235 partibus
2280 4145 2590 4227 aedium,
2624 4145 2846 4214 editio
2875 4145 3231 4235 princeps,
3267 4145 3421 4214 sine
3450 4145 3617 4214 loco
3648 4156 3717 4214 et
3746 4167 3954 4214 anno.

706 4257 885 4314 Nella
912 4256 1106 4331 prima
1135 4265 1295 4314 carta
1326 4275 1476 4314 sono
1508 4257 1624 4314 due
1655 4256 2011 4331 epigrammi
2042 4257 2213 4314 l’uno
2245 4257 2343 4314 del
2373 4257 2694 4324 Beroaldo,
2727 4257 2925 4314 l’altro
2957 4257 3055 4314 del
3087 4256 3374 4331 Grapaldi
3406 4275 3440 4314 a
3469 4257 3736 4314 Orlando
3767 4256 4156 4314 Pallavicino:
4194 4275 4377 4331 segue
4407 4275 4488 4314 un

709 4353 975 4410 secondo
1013 4352 1290 4427 foglietto
1328 4353 1488 4410 colla
1523 4352 1740 4410 dedica
1776 4353 1895 4410 allo
1935 4361 2127 4410 stesso
2164 4352 2556 4420 Pallavicino;
2596 4371 2629 4410 e
2665 4352 3034 4410 incomincia
3072 4352 3268 4410 subito
3305 4352 3349 4409 il
3385 4361 3539 4410 testo
3577 4352 3776 4410 diviso
3813 4352 3875 4409 in
3911 4353 4028 4410 due
4065 4352 4217 4410 libri.
4257 4354 4324 4409 In
4361 4352 4486 4410 fine

706 4448 959 4506 termina
989 4467 1106 4506 con
1137 4467 1217 4506 un
1248 4448 1540 4506 indirizzo
1573 4449 1736 4506 dello
1771 4457 2130 4523 stampatore
2162 4449 2402 4523 Angelo
2434 4449 2723 4523 Ugoletto
2754 4467 3070 4523 parmense
3103 4449 3158 4506 al
3191 4449 3417 4506 lettore.
3455 4449 3649 4506 Senza
3680 4448 3791 4506 che
3825 4448 3976 4506 siavi
4008 4457 4486 4523 espressamente

709 4563 896 4619 segno
924 4544 985 4602 di
1012 4545 1216 4619 luogo,
1246 4545 1322 4602 ed
1349 4563 1504 4602 anno
1532 4563 1565 4602 e
1592 4544 1653 4602 di
1680 4553 1889 4602 contro
1916 4544 2281 4602 nell’ultimo
2310 4544 2587 4619 foglietto
2617 4563 2769 4602 sono
2800 4545 2832 4602 8
2862 4544 3019 4602 versi
3046 4544 3107 4602 di
3133 4544 3504 4602 Bernardino
3534 4544 3986 4619 Sassoguidano
4014 4545 4343 4602 modenese
4370 4563 4403 4602 e
4430 4545 4488 4602 la

706 4659 908 4698 marca
937 4641 1395 4715 dell’Ugoletto.
1432 4641 1596 4698 Sono
1628 4640 1690 4697 in
1721 4649 1869 4698 tutto
1908 4641 2022 4699 194
2055 4640 2314 4715 foglietti
2345 4640 2406 4698 di
2440 4649 2672 4715 stampa
2700 4640 2763 4697 in
2791 4640 2891 4698 bei
2922 4640 3191 4698 caratteri
3221 4640 3478 4708 rotondi,
3512 4641 3847 4715 esemplare
3876 4640 4215 4698 bellissimo
4247 4640 4309 4697 in
4340 4659 4483 4698 mar.

707 4736 832 4793 dor.
860 4735 921 4793 di
945 4736 1240 4810 un’opera
1263 4736 1340 4793 da
1362 4735 1580 4793 tenersi
1604 4735 1666 4792 in
1689 4735 1917 4810 pregio.

475 4950 640 5020 519.
707 4951 1118 5019 GRAPALDI
1172 4950 1534 5019 Francisci
1595 4950 1851 5032 Maria,
1916 4952 2028 5019 De
2088 4950 2406 5040 partibus
2471 4950 2760 5019 aedium
2821 4972 2989 5019 cum
3051 4950 3578 5019 additamentis:
3645 4950 4066 5019 Franciscus
4128 4950 4485 5040 Ugoletus

706 5065 1106 5155 parmensis
1137 5065 1502 5155 impressit
1531 5087 1718 5134 anno
1758 5065 1966 5147 1506,
2000 5065 2117 5134 die
2147 5065 2435 5134 decimo
2464 5065 2671 5147 Maii,
2704 5065 2778 5133 in
2806 5066 2874 5147 4,
2906 5087 3100 5155 parv.

709 5177 873 5234 Sono
898 5176 960 5233 in
984 5185 1195 5251 questa
1220 5177 1484 5234 seconda
1507 5176 1785 5234 edizione
1811 5176 2092 5251 aggiunte
2117 5177 2173 5234 le
2197 5177 2398 5234 tavole
2423 5177 2581 5234 delle
2606 5176 2853 5234 materie
2878 5176 2989 5234 che
3014 5195 3328 5251 occupano
3361 5176 3430 5234 15
3459 5176 3734 5251 foglietti.

475 5506 640 5575 520.
729 5507 1140 5575 GRAPALDI
1215 5506 1578 5575 Francisci
1661 5506 1917 5588 Maria,
2005 5506 2226 5588 Idem,
2315 5506 2556 5575 addita
2637 5506 2860 5575 modo
2944 5506 3329 5575 verborum
3412 5506 3917 5596 explicatione,
4004 5508 4276 5588 Parma,
4362 5528 4488 5596 per

709 5621 1290 5690 accuratissimos
1321 5621 1792 5711 impressores
1824 5621 2307 5690 Octavianiun
2338 5621 2683 5690 Saladum
2713 5632 2782 5690 et
2808 5621 3272 5690 Franciscum
3299 5621 3717 5711 Ugoletum,
3760 5621 3968 5703 1516,
4001 5621 4075 5689 in
4103 5622 4149 5689 4
4178 5643 4372 5711 parv.

706 5734 773 5789 In
797 5741 1008 5807 questa
1031 5732 1310 5790 edizione
1335 5733 1368 5790 è
1394 5732 1678 5807 aggiunta
1702 5733 1761 5790 la
1786 5732 2173 5807 spiegazione
2198 5732 2296 5790 dei
2322 5732 2605 5790 vocaboli
2631 5751 2665 5790 a
2688 5732 2955 5790 maniera
2978 5732 3039 5790 di
3064 5732 3305 5800 lessico,
3333 5732 3445 5790 che
3470 5732 3839 5790 incomincia
3862 5733 3960 5790 dal
3986 5732 4180 5807 foglio
4213 5732 4324 5790 135
4353 5751 4386 5790 e
4412 5751 4488 5790 va

709 5828 840 5886 sino
867 5829 922 5886 al
947 5828 1072 5886 fine
1098 5829 1153 5886 al
1178 5828 1317 5886 265.
1345 5828 1638 5886 Edizione
1663 5829 1980 5903 completa.

471 6023 636 6092 521.
671 6024 1082 6092 GRAPALDI
1104 6023 1466 6092 Francisci
1496 6023 1752 6105 Maria,
1786 6023 2006 6092 Idem.
2041 6023 2352 6105 Basilea,
2387 6023 2577 6113 apud
2604 6025 2805 6092 Joan.
2839 6023 3377 6105 Valderianum,
3419 6023 3627 6105 1553,
3660 6023 3734 6091 in
3762 6024 3829 6092 4.
3862 6045 4006 6113 par.

477 6255 570 6343 [p.
605 6254 726 6336 93]

2171 6657 2347 6694 WWW.
2358 6637 2734 6710 memofonte.
2748 6639 2791 6694 il
