4958 7017
1981 864 2366 922 Fondazione
2390 838 2775 922 Memofonte
2800 865 2976 922 onlus

1390 960 1600 1018 Studio
1624 979 1731 1035 per
1754 960 2226 1018 l’elaborazione
2250 960 2632 1018 informatica
2655 961 2813 1018 delle
2838 960 2991 1018 fonti
3018 960 3571 1018 storico—artistiche

479 1249 557 1322 [p.
586 1249 646 1317 7]

2119 1424 2840 1544 ANTICHITÀ

1935 1593 2232 1660 ARABE,
2259 1593 2542 1660 EGIZIE,
2569 1593 2908 1650 INDICHE
2934 1611 3021 1650 ec.

474 1784 655 1842 2508.
695 1785 1193 1842 ABDOLLATIPHI
1228 1784 1513 1842 historiae
1550 1784 1828 1859 AEgypti
1866 1784 2315 1859 compendium,
2357 1784 2593 1842 arabice
2631 1793 2689 1842 et
2725 1784 2922 1842 latine.
2963 1784 3184 1842 Partim
3218 1784 3349 1859 ipse
3387 1784 3577 1852 vertit,
3616 1784 3833 1859 partim
3869 1803 3903 1842 a
3938 1784 4208 1842 Pocokio
4247 1803 4489 1842 versum

707 1881 1010 1938 edendum
1032 1880 1278 1948 curavit,
1305 1880 1584 1955 notisque
1608 1880 1926 1938 illustravit
1948 1882 1978 1938 ]
1986 1929 1995 1938 .
2022 1880 2223 1938 White
2250 1881 2307 1938 S.
2335 1882 2401 1938 T.
2429 1882 2511 1948 P.,
2540 1880 2783 1948 Oxonii,
2810 1880 2967 1955 typis
2993 1880 3381 1938 Academicis
3406 1880 3698 1955 impensis
3725 1880 3989 1948 editoris,
4024 1881 4198 1948 1800,
4225 1880 4287 1937 in
4310 1881 4348 1937 4
4374 1899 4428 1955 g.

704 1977 905 2051 Opera
928 1977 1026 2034 del
1049 1976 1154 2051 più
1179 1977 1298 2034 alto
1323 1976 1610 2034 interesse
1635 1995 1668 2034 e
1691 1976 1969 2051 preziosa
1990 1995 2097 2051 per
2120 1976 2366 2034 l’antica
2389 1976 2737 2034 erudizione
2761 1995 2883 2034 non
2907 1985 3293 2034 controversa
3316 1976 3428 2034 che
3452 1976 3515 2033 in
3539 1995 3675 2034 essa
3696 1976 3989 2034 ritrovasi.

474 2167 655 2226 2509.
684 2168 916 2224 ADLER
940 2168 1200 2225 Jacobus
1229 2167 1546 2242 Georgius,
1575 2167 1918 2242 Descriptio
1946 2167 2231 2225 codicum
2255 2168 2634 2242 quorundam
2658 2167 3017 2225 Cuficorum
3040 2176 3236 2242 partes
3264 2167 3487 2225 Corani
3514 2167 3928 2225 exhibentium
3952 2176 4062 2225 etc.
4092 2167 4490 2225 Praemittitur

707 2263 1049 2338 disquisitio
1075 2263 1370 2338 generalis
1396 2264 1471 2321 de
1497 2272 1617 2321 arte
1644 2263 1943 2321 scribendi
1969 2264 2127 2338 apud
2150 2264 2405 2331 Arabos,
2432 2264 2692 2321 Altonae
2725 2264 2900 2331 1780,
2926 2263 2988 2320 in
3011 2264 3068 2331 4,
3095 2265 3165 2320 M
3190 2263 3287 2321 45.

474 2455 655 2513 2510.
682 2456 914 2512 ADLER
937 2455 1330 2523 Christianus,
1357 2457 1648 2513 Museum
1671 2455 1961 2513 Cuficum
1982 2455 2356 2530 Borgianum
2378 2455 2624 2513 Velitris
2649 2455 3025 2523 illustratum,
3052 2457 3284 2513 Romae
3316 2456 3491 2523 1782,
3518 2455 3580 2512 in
3603 2456 3660 2523 4,
3688 2455 3792 2530 fig.

698 2552 873 2609 Bella
896 2570 929 2609 e
953 2551 1142 2609 nitida
1165 2551 1443 2609 edizione
1467 2551 1567 2626 pei
1592 2551 1862 2609 caratteri
1887 2551 2160 2609 orientali
2186 2551 2247 2609 di
2272 2551 2370 2609 cui
2395 2552 2428 2609 e
2452 2551 2683 2626 ripiena
2707 2570 2824 2609 con
2855 2552 2927 2608 12
2952 2552 3152 2609 tavole
3178 2551 3239 2609 di
3265 2560 3541 2609 accurato
3567 2551 3817 2626 intaglio
3842 2551 3905 2608 in
3927 2570 4109 2609 rame.
4137 2552 4486 2626 Esemplare

707 2646 768 2704 di
793 2646 1009 2704 dedica
1031 2646 1093 2703 in
1117 2646 1217 2704 Vit.
1246 2647 1455 2704 dorato
1480 2646 1542 2703 in
1566 2655 1726 2704 carta
1749 2647 1988 2721 grande.

474 2838 655 2896 2511.
682 2839 1188 2896 ANTIGUIDADES
1216 2839 1423 2896 arabes
1449 2839 1524 2896 de
1548 2840 1803 2913 Espana,
1830 2838 2074 2896 Madrid
2105 2839 2278 2896 1780.

713 2935 942 3006 Questo
972 2953 1104 2992 raro
1136 2935 1255 2992 vol.
1290 2935 1655 3009 comprende
1688 2935 1759 2992 31
1796 2943 1911 2992 tav.
1945 2934 2007 2991 in
2037 2934 2230 3009 foglio
2263 2934 2544 2992 atlantico
2574 2935 2895 3009 precedute
2926 2935 3003 2992 da
3031 2953 3111 2992 un
3143 2935 3275 2992 solo
3307 2934 3500 3009 foglio
3532 2934 3593 2992 di
3623 2943 3795 3002 testo,
3828 2934 3871 2991 il
3902 2935 4078 3009 quale
4108 2934 4487 2992 unicamente

707 3030 984 3088 contiene
1011 3031 1275 3088 l’elenco
1303 3031 1461 3088 delle
1487 3031 1687 3088 tavole
1714 3030 2048 3088 medesime
2075 3030 2376 3088 mancanti
2403 3030 2464 3088 di
2490 3030 2903 3098 illustrazioni,
2933 3030 3044 3088 che
3071 3049 3193 3088 non
3219 3030 3436 3088 furono
3464 3030 3585 3088 mai
3610 3030 3956 3105 pubblicate
3983 3049 4016 3088 e
4041 3030 4279 3088 rendesi
4306 3039 4486 3088 conto

706 3126 768 3183 in
792 3135 1005 3201 questo
1032 3126 1226 3201 foglio
1252 3126 1313 3184 di
1338 3135 1560 3201 quanto
1587 3126 1653 3184 fu
1677 3126 1951 3184 ordinato
1977 3127 2053 3184 ed
2077 3126 2350 3201 eseguito
2376 3127 2453 3184 da
2475 3135 2560 3184 tre
2583 3126 2915 3201 professori
2940 3127 3319 3184 dell’Accad.
3348 3126 3409 3184 di
3436 3127 3493 3184 S.
3522 3126 3898 3184 Ferdinando
3926 3135 4081 3184 sotto
4106 3126 4149 3183 il
4175 3126 4485 3184 ministero

707 3222 805 3279 del
830 3222 898 3279 C.
927 3221 988 3279 di
1012 3222 1252 3279 Florida
1274 3221 1520 3289 Bianca,
1549 3221 1719 3279 acciò
1743 3222 1843 3296 pel
1866 3221 2086 3279 ritardo
2112 3222 2210 3279 del
2234 3230 2387 3279 testo
2412 3240 2534 3279 non
2558 3221 2869 3279 venissero
2893 3221 2998 3296 più
3022 3222 3406 3296 lungamente
3431 3221 3766 3279 defraudati
3790 3221 3810 3278 i
3835 3221 4057 3279 curiosi
4082 3222 4240 3279 delle
4265 3222 4483 3289 tavole,

707 3318 865 3375 delle
890 3317 1052 3392 quali
1079 3317 1128 3375 si
1151 3317 1588 3392 pubblicarono
1612 3317 1795 3392 pochi
1820 3317 2157 3392 esemplari.

474 3509 655 3567 2512.
712 3510 1405 3567 Dell’ARCHITETTURA
1452 3509 1743 3584 egiziana.
1801 3509 2251 3567 Dissertazione
2306 3510 2455 3567 d’un
2510 3509 3001 3584 corrispondente
3056 3509 3581 3567 dell’Accademia
3634 3510 3792 3567 delle
3849 3509 4101 3567 Scienze
4156 3509 4217 3567 di
4271 3509 4485 3584 Parigi,

706 3606 979 3663 membro
1005 3605 1389 3663 dell’Istituto
1415 3605 1476 3663 di
1500 3606 1781 3680 Bologna
1804 3624 1837 3663 e
1862 3605 1923 3663 di
1948 3605 2184 3663 diverse
2209 3605 2597 3673 Accademie,
2624 3607 2836 3663 Parma
2866 3605 3041 3673 1786,
3068 3605 3130 3662 in
3153 3606 3209 3663 4.

474 3796 655 3854 2513.
684 3797 1034 3854 ASSEMANI
1060 3796 1326 3864 Simone,
1358 3796 1582 3871 Saggio
1611 3796 2007 3871 sull’origine,
2036 3797 2217 3864 culto,
2246 3797 2582 3854 letteratura
2606 3815 2639 3854 e
2665 3796 2925 3854 costumi
2951 3796 3113 3871 degli
3140 3796 3302 3854 arabi
3329 3796 3528 3854 avanti
3553 3798 3910 3864 Maometto,
3938 3797 4183 3854 Padova
4214 3797 4389 3864 1787,
4417 3798 4487 3853 M

708 3892 804 3950 50.

479 4086 557 4159 [p.
589 4085 646 4154 8]

474 4275 655 4333 2514.
682 4276 1048 4343 ASSEMANI,
1075 4277 1298 4333 Museo
1324 4275 1547 4333 Cufico
1572 4275 1849 4333 Naniano
1874 4275 2185 4343 illustrato,
2212 4276 2457 4333 Padova
2487 4276 2641 4333 1787
2669 4294 2702 4333 e
2729 4276 2824 4343 88,
2850 4275 2912 4332 in
2935 4276 2992 4343 4,
3018 4284 3183 4350 parte
3205 4275 3398 4350 prima
3421 4294 3454 4333 e
3482 4276 3762 4343 seconda,
3790 4275 3917 4350 fig.,
3944 4277 4032 4333 M.
4062 4275 4116 4333 6.

700 4372 901 4446 Opera
924 4371 1263 4429 dottissima
1286 4390 1319 4429 e
1343 4371 1633 4429 illustrata
1656 4390 1774 4429 con
1798 4372 1834 4430 9
1860 4372 2060 4429 tavole
2084 4371 2390 4446 intagliate
2414 4371 2477 4428 in
2499 4390 2680 4429 rame.
2710 4372 2845 4429 Con
2871 4372 2903 4429 3
2932 4371 3330 4446 grandissime
3354 4372 3572 4429 tavole.

474 4563 655 4621 2515.
690 4564 1040 4621 ASSEMANI
1072 4563 1357 4631 Simonis,
1393 4564 1628 4621 Globus
1661 4563 1942 4621 coelestis
1976 4563 2522 4621 Cufice—Arabicus
2554 4563 2847 4621 Veliterni
2878 4563 3120 4621 Musaei
3151 4563 3440 4638 Borgiani
3471 4563 3817 4631 illustratus;
3850 4563 4183 4638 praemissa
4213 4564 4489 4638 ejusdem

707 4660 782 4717 de
813 4660 1059 4717 arabum
1087 4659 1454 4717 astronomia
1482 4659 1931 4727 dissertazione,
1964 4668 2022 4717 et
2051 4659 2300 4734 adjectis
2331 4660 2561 4717 duabus
2592 4659 2864 4734 epistolis
2894 4659 3141 4734 Josephi
3170 4659 3386 4717 Toaldi
3417 4659 3817 4717 astronomiae
3845 4659 4226 4734 professoris,
4258 4659 4486 4717 Patavii

714 4756 889 4823 1790,
915 4755 977 4812 in
1001 4755 1106 4813 fol.

707 4851 842 4908 Con
866 4850 1265 4925 grandissime
1289 4851 1506 4908 tavole.

474 5042 655 5100 2516.
687 5044 977 5100 BANDINI
1005 5042 1228 5117 Angeli
1257 5042 1509 5110 Mariae,
1541 5044 1635 5100 De
1665 5042 1938 5100 obelisco
1969 5042 2245 5100 Caesaris
2276 5042 2537 5117 Augusti
2567 5061 2600 5100 e
2630 5042 3084 5117 Campi—Martii
3112 5042 3423 5100 ruderibus
3454 5051 3621 5100 eruto
3652 5042 4137 5100 commentarius.
4171 5043 4488 5100 Accedunt

707 5139 814 5196 CII
839 5138 1105 5196 virorum
1127 5138 1420 5213 epistolae
1446 5147 1621 5213 atque
1646 5139 1956 5213 opuscula,
1983 5140 2216 5196 Romae
2248 5138 2423 5206 1750,
2450 5138 2512 5195 in
2536 5138 2663 5206 fol.,
2691 5138 2795 5213 fig.

713 5235 942 5306 Questo
968 5234 1121 5292 libro
1145 5234 1378 5309 ripieno
1404 5234 1465 5292 di
1489 5243 1629 5292 note
1654 5253 1687 5292 e
1712 5234 1773 5292 di
1798 5234 2145 5292 erudizione
2169 5234 2246 5292 ha
2269 5243 2500 5309 quattro
2525 5235 2725 5292 tavole
2750 5234 3056 5309 intagliate
3080 5234 3143 5291 in
3165 5253 3346 5292 rame.

474 5425 655 5483 2517.
682 5427 939 5483 BANIER
963 5426 1076 5493 ab.,
1105 5425 1353 5500 Origine
1378 5426 1476 5483 del
1502 5426 1663 5483 culto
1687 5434 1948 5500 prestato
1974 5425 2136 5500 dagli
2161 5425 2313 5500 egizj
2345 5425 2464 5500 agli
2491 5425 2755 5493 animali;
2783 5425 3232 5493 dissertazione,
3259 5425 3532 5483 Venezia
3562 5426 3736 5493 1748,
3763 5425 3825 5482 in
3848 5426 3905 5493 4,
3932 5427 4002 5482 M
4029 5425 4124 5483 65.

713 5522 940 5593 Questa
963 5522 996 5579 e
1021 5540 1139 5579 una
1162 5522 1320 5579 delle
1345 5521 1762 5579 dissertazioni
1787 5522 1947 5579 della
1970 5521 2308 5579 collezione
2333 5521 2394 5579 di
2419 5521 2687 5579 Antonio
2714 5522 2981 5596 Groppo.

474 5713 655 5771 2518.
682 5715 988 5771 BROCCHI
1011 5713 1252 5771 Giovan
1275 5713 1545 5781 Battista,
1572 5713 1864 5771 Ricerche
1891 5732 2068 5788 sopra
2091 5714 2149 5771 la
2174 5714 2433 5771 scultura
2454 5732 2664 5788 presso
2690 5713 2773 5788 gli
2798 5713 3076 5788 egiziani,
3103 5713 3374 5771 Venezia
3404 5714 3580 5781 1792,
3607 5713 3669 5770 in
3696 5714 3749 5781 8,
3777 5713 3881 5788 fig.

714 5810 878 5867 Sono
903 5809 965 5866 in
990 5809 1114 5867 fine
1140 5810 1195 5867 al
1221 5810 1340 5867 vol.
1376 5810 1448 5866 12
1473 5810 1673 5867 tavole
1697 5809 1759 5866 in
1781 5828 1962 5867 rame.
1992 5810 2397 5884 Quest’opera
2420 5810 2453 5867 è
2476 5809 2765 5884 piuttosto
2791 5810 3081 5867 l’estratto
3107 5809 3168 5867 di
3192 5828 3311 5867 una
3336 5809 3487 5867 serie
3512 5809 3573 5867 di
3597 5809 3844 5867 nozioni
3869 5828 3902 5867 e
3927 5809 4204 5877 d’autori,
4232 5809 4343 5867 che
4367 5809 4410 5866 il

710 5904 979 5962 risultato
1005 5905 1290 5962 d’alcuna
1312 5923 1514 5962 nuova
1540 5913 1814 5979 scoperta
1837 5905 1918 5962 od
1941 5904 2252 5979 ispezione
2279 5904 2369 5962 sui
2394 5904 2620 5979 luoghi.

474 6096 655 6155 2519.
683 6098 777 6154 De
802 6097 1161 6154 CHAULNES
1187 6098 1275 6154 M.
1304 6098 1388 6154 Le
1412 6098 1566 6164 Duc,
1593 6096 1895 6154 Mémoire
1923 6115 2020 6154 sur
2043 6097 2101 6154 la
2125 6096 2412 6154 veritable
2437 6097 2637 6154 entrée
2662 6097 2742 6154 du
2766 6105 3121 6154 monument
3144 6096 3428 6171 egyptien
3452 6096 3554 6171 qui
3581 6115 3644 6154 se
3669 6105 3878 6154 trouve
3905 6097 3939 6154 a
3962 6105 4166 6171 quatre
4191 6096 4380 6154 lieues
4406 6097 4487 6154 du

707 6192 883 6250 Caire
908 6201 1040 6260 etc.,
1067 6194 1262 6250 Rome
1294 6193 1469 6260 1783,
1496 6192 1558 6249 in
1581 6193 1638 6260 4,
1666 6192 1751 6260 fi.,
1778 6194 1866 6250 M.
1894 6194 1936 6250 I.

707 6289 842 6346 Con
865 6307 984 6346 una
1006 6289 1209 6346 tavola
1232 6288 1662 6346 dimostrativa:
1692 6288 1986 6346 memoria
2008 6288 2398 6346 interessante
2421 6307 2528 6363 per
2551 6288 2918 6363 compararsi
2944 6289 3059 6346 alle
3083 6288 3348 6346 ulteriori
3373 6288 3790 6346 verificazioni
3815 6307 3848 6346 e
3875 6297 4164 6363 scoperte.

2171 6657 2347 6694 WWW.
2358 6637 2734 6710 memofonte.
2748 6639 2791 6694 il
