4958 7017
1981 864 2366 922 Fondazione
2390 838 2775 922 Memofonte
2800 865 2976 922 onlus

1390 960 1600 1018 Studio
1624 979 1731 1035 per
1754 960 2226 1018 l’elaborazione
2250 960 2632 1018 informatica
2655 961 2813 1018 delle
2838 960 2991 1018 fonti
3018 960 3571 1018 storico—artistiche

473 1247 655 1306 4759.
691 1249 1083 1305 ZACHARIAE
1117 1247 1393 1305 Gotthilf.
1430 1249 1731 1322 Traugott,
1767 1247 2124 1305 Dissertatio
2157 1247 2535 1322 philologico
2569 1247 2854 1305 historica
2886 1248 2961 1305 de
2995 1266 3162 1305 more
3196 1256 3466 1305 veterum
3498 1247 3560 1304 in
3593 1247 3745 1305 locis
3780 1247 3956 1305 editis
3991 1247 4232 1305 colendi
4265 1249 4483 1315 Deum,

699 1344 889 1401 Halae
913 1344 1200 1418 Magdeb.
1236 1343 1410 1411 1754,
1437 1343 1499 1400 in
1522 1344 1579 1411 4,
1606 1345 1694 1401 M.
1721 1344 1819 1401 41.

479 1537 557 1610 [p.
588 1536 729 1605 329]

2116 1739 2844 1831 APPENDICE

473 2071 655 2129 4760.
684 2072 937 2128 AHMED
962 2071 1305 2139 Teifascite,
1333 2071 1471 2129 Fior
1496 2071 1557 2129 di
1581 2071 1842 2146 pensieri
1871 2072 2022 2129 sulle
2046 2071 2234 2146 pietre
2258 2071 2552 2146 preziose.
2583 2072 2784 2146 Opera
2810 2080 3101 2146 stampata
3125 2072 3223 2129 nel
3252 2090 3361 2129 suo
3388 2071 3680 2146 originale
3707 2072 3887 2129 arabo
3914 2090 4031 2129 con
4057 2072 4115 2129 la
4138 2071 4487 2129 traduzione

699 2186 732 2225 e
756 2176 896 2225 note
921 2167 982 2225 di
1006 2167 1274 2225 Antonio
1299 2167 1559 2235 Ranieri,
1586 2167 1833 2225 Firenze
1865 2168 2040 2235 1818,
2067 2167 2129 2224 in
2152 2168 2208 2225 4.

473 2359 655 2417 4761.
683 2360 922 2417 ALDINI
947 2359 1270 2427 Giovanni,
1298 2359 1603 2417 Memoria
1629 2360 1781 2417 sulla
1804 2359 2259 2417 illuminazione
2286 2378 2320 2417 a
2344 2378 2449 2434 gas
2477 2359 2575 2417 dei
2600 2359 2786 2427 teatri,
2815 2378 2848 2417 e
2872 2368 3146 2434 progetto
3173 2359 3234 2417 di
3261 2359 3585 2434 applicarla
3610 2360 3760 2417 all’I.
3789 2361 3858 2417 R.
3887 2361 4101 2417 Teatro
4128 2360 4288 2417 della
4314 2360 4490 2417 Scala

698 2455 760 2512 in
783 2455 1039 2523 Milano,
1066 2455 1302 2513 Milano
1335 2456 1510 2523 1820,
1537 2455 1599 2512 in
1626 2456 1679 2523 8,
1706 2474 1823 2513 con
1847 2456 1963 2513 due
1987 2456 2204 2513 tavole.

473 2646 655 2704 4762.
727 2648 1128 2704 BABINGTON
1191 2646 1455 2704 Thomas
1526 2646 1818 2721 Pompeii,
1890 2647 1947 2703 A
2014 2665 2200 2721 poem
2268 2646 2468 2704 which
2538 2646 2822 2704 obtained
2890 2646 2988 2704 the
3058 2646 3478 2704 Chancellor’s
3549 2647 3759 2704 Medal
3830 2655 3887 2704 at
3954 2646 4052 2704 the
4122 2646 4487 2721 Cambridge

699 2743 1258 2810 Commencement,
1285 2743 1421 2817 July
1453 2743 1628 2810 1819,
1655 2742 1717 2799 in
1744 2743 1796 2800 8.

473 2934 655 2992 4763.
684 2936 1034 2992 BUSCHING
1058 2934 1300 2992 Giovan
1326 2935 1617 3002 Gustavo,
1645 2934 2095 2992 Dissertazione
2121 2934 2358 2992 intorno
2384 2953 2503 2992 una
2530 2943 2803 2992 statuetta
2828 2934 3024 2992 antica
3047 2943 3532 3009 rappresentante
3558 2934 3775 2992 l’idolo
3801 2936 3937 3009 Tyr,
3965 2934 4278 2992 Breslavia
4310 2935 4485 3002 1819,

698 3030 760 3087 in
787 3031 840 3098 8,
868 3049 985 3088 con
1008 3049 1127 3088 una
1149 3031 1351 3088 tavola
1373 3030 1436 3087 in
1458 3049 1622 3088 rame
1646 3030 1709 3087 in
1734 3030 1939 3105 lingua
1961 3031 2220 3088 tedesca.

473 3221 655 3279 4764.
683 3222 1097 3279 CATALOGUE
1121 3222 1227 3279 des
1253 3221 1433 3279 livres
1460 3222 1535 3279 de
1560 3222 1618 3279 la
1639 3221 2053 3296 bibliothèque
2078 3222 2153 3279 de
2178 3221 2280 3279 feu
2303 3223 2391 3279 M.
2419 3221 2641 3289 Millin,
2668 3221 2831 3279 Paris
2864 3222 3039 3289 1819,
3066 3221 3128 3278 in
3155 3222 3207 3279 8.

473 3413 655 3471 4765.
698 3414 980 3471 CENNINI
1018 3413 1314 3481 Cennino,
1356 3415 1617 3471 Trattato
1658 3414 1818 3471 della
1854 3413 2071 3488 pittura
2109 3432 2312 3471 messo
2352 3413 2415 3470 in
2454 3414 2589 3471 luce
2629 3414 2687 3471 la
2723 3413 2916 3488 prima
2955 3414 3119 3471 volta
3157 3432 3274 3471 con
3314 3413 3699 3471 annotazioni
3739 3414 3837 3471 del
3877 3413 4138 3471 cavalier
4177 3413 4488 3488 Giuseppe

698 3509 1041 3577 Tambroni,
1068 3511 1265 3567 Roma
1295 3510 1470 3577 1821,
1497 3509 1559 3566 in
1586 3510 1639 3577 8,
1667 3510 2000 3584 esemplare
2024 3509 2086 3566 in
2110 3518 2270 3567 carta
2294 3509 2510 3567 velina.

700 3606 927 3677 Questa
971 3605 1250 3663 edizione
1296 3624 1491 3663 venne
1536 3614 1706 3663 tratta
1751 3606 1849 3663 dal
1895 3605 2283 3663 manoscritto
2330 3605 2441 3663 che
2486 3605 2710 3663 trovasi
2756 3606 2916 3663 nella
2959 3605 3270 3673 Vaticana,
3318 3605 3361 3662 il
3407 3606 3584 3680 quale
3630 3605 4144 3663 verosimilmente
4190 3624 4290 3663 era
4336 3614 4486 3663 stato

698 3700 990 3758 trascritto
1022 3701 1099 3758 da
1128 3701 1329 3775 quella
1358 3701 1518 3758 della
1547 3700 1957 3758 Laurenziana
1987 3700 2048 3758 di
2078 3700 2343 3768 Firenze,
2377 3700 2489 3758 che
2520 3701 2597 3758 da
2625 3700 2729 3758 noi
2758 3700 2987 3758 ritiensi
3016 3719 3123 3775 per
3152 3700 3462 3775 originale,
3496 3719 3529 3758 e
3560 3701 3637 3758 da
3666 3700 3764 3758 cui
3795 3719 3870 3758 ne
3900 3709 4192 3758 traemmo
4225 3700 4420 3775 copia,
4454 3719 4487 3758 e

699 3815 893 3854 venne
918 3796 1096 3854 citata
1118 3796 1181 3853 in
1204 3815 1323 3854 una
1346 3805 1488 3854 nota
1510 3797 1608 3854 nel
1632 3798 1657 3853 I
1682 3797 1927 3854 volume
1952 3797 2112 3854 della
2137 3796 2332 3854 Storia
2355 3797 2515 3854 della
2540 3797 2828 3854 Scultura.

473 3988 655 4046 4766.
683 3989 924 4046 CIAMPI
949 3988 1322 4056 Sebastiano,
1349 3988 1555 4046 Feriae
1579 3988 2033 4056 Varsavienses,
2060 3988 2389 4046 Varsaviae
2421 3989 2597 4056 1819,
2624 3988 2686 4045 in
2709 3989 2765 4046 4.

698 4084 950 4142 Trattasi
982 4084 1502 4159 particolarmente
1535 4084 1598 4141 in
1631 4093 1844 4159 questo
1879 4085 2184 4159 quaderno
2219 4084 2581 4142 d’illustrare
2615 4084 2870 4159 qualche
2904 4085 3089 4159 luogo
3124 4084 3185 4142 di
3218 4084 3529 4152 Pausania,
3566 4085 3642 4142 ed
3674 4084 3737 4141 in
3770 4084 3998 4159 ispecie
4032 4085 4130 4142 del
4163 4084 4391 4159 tempio
4426 4084 4487 4142 di

700 4180 898 4238 Giove
924 4180 1252 4255 Olimpico,
1280 4199 1397 4238 con
1420 4199 1538 4238 una
1560 4181 1764 4238 tavola
1786 4180 1848 4237 in
1872 4180 1977 4238 fol.

473 4371 655 4429 4767.
683 4372 1162 4429 CIACCIAPORCI
1184 4371 1471 4439 Antonio,
1499 4371 1680 4446 Degli
1705 4371 1983 4439 etruschi,
2011 4372 2233 4439 lettere,
2260 4371 2507 4429 Firenze
2539 4371 2713 4439 1816,
2740 4371 2802 4428 in
2829 4372 2881 4429 8.

701 4468 865 4525 Sono
891 4467 1159 4542 quindici
1184 4468 1389 4525 lettere
1414 4467 1623 4525 dirette
1649 4468 1724 4525 ad
1748 4467 1994 4542 opporsi
2020 4486 2054 4525 a
2077 4476 2298 4542 quanto
2323 4467 2385 4524 in
2408 4468 2488 4525 tal
2513 4467 2761 4525 materia
2784 4486 2884 4525 era
2909 4476 3059 4525 stato
3085 4467 3403 4525 enunciato
3429 4468 3506 4525 da
3530 4467 3719 4525 autori
3744 4467 4103 4542 gravissimi.

473 4659 655 4717 4768.
707 4660 1034 4717 CORDERO
1084 4659 1478 4734 Sanquintino
1530 4659 1755 4727 Giulio,
1806 4660 1983 4717 Delle
2032 4659 2255 4717 misure
2304 4660 2401 4717 luc
2456 4661 2534 4734 [p.
2589 4660 2730 4729 330]
2785 4659 2969 4727 chesi,
3021 4678 3054 4717 e
3103 4660 3201 4717 del
3249 4659 3493 4734 miglior
3540 4660 3725 4717 modo
3775 4659 3836 4717 di
3885 4659 4199 4727 ordinarle,
4251 4659 4487 4717 lezione

700 4755 1101 4823 accademica,
1128 4755 1322 4813 Badia
1344 4755 1661 4813 Fiesolana
1692 4756 1867 4823 1821,
1893 4755 1955 4812 in
1982 4756 2034 4813 8.

473 4946 655 5005 4769.
693 4947 1019 5004 CORDERO
1054 4946 1449 5021 Sanquintino
1486 4946 1711 5014 Giulio,
1747 4947 1926 5004 Della
1959 4948 2156 5004 Zecca
2188 4965 2221 5004 e
2255 4946 2418 5021 degli
2453 4946 2675 5004 antichi
2709 4946 3006 5004 marchesi
3040 4947 3200 5004 della
3231 4948 3508 5004 Toscana
3541 4946 3819 5004 edizione
3855 4947 4119 5004 seconda
4151 4947 4485 5014 emendata,

698 5042 836 5100 Pisa
866 5043 1040 5110 1821,
1067 5042 1129 5099 in
1156 5043 1208 5100 8.

698 5140 765 5195 In
794 5139 1264 5213 quest’operetta
1292 5138 1632 5196 dottissima
1662 5138 1711 5196 si
1742 5138 1926 5196 fanno
1956 5138 2299 5213 importanti
2329 5138 2743 5196 osservazioni
2775 5139 3104 5213 sull’opera
3132 5139 3230 5196 del
3262 5138 3465 5213 signor
3492 5138 3762 5196 Menizzi
3791 5138 4027 5196 intorno
4058 5139 4116 5196 la
4143 5140 4340 5196 Zecca
4368 5157 4401 5196 e
4431 5139 4487 5196 le

698 5243 939 5292 monete
965 5234 1310 5292 veneziane.

473 5426 655 5483 4770.
692 5426 1161 5483 CUNNINGHAM
1193 5425 1453 5493 Francis,
1489 5427 1679 5483 Notes
1711 5425 2013 5483 récuillies
2047 5444 2123 5483 en
2156 5425 2399 5483 visitant
2430 5426 2518 5483 les
2550 5425 2788 5500 prisons
2822 5426 2897 5483 de
2930 5426 2988 5483 la
3022 5425 3246 5493 Suisse,
3282 5434 3341 5483 et
3370 5426 3714 5500 rémarques
3750 5444 3848 5483 sur
3879 5426 3967 5483 les
4001 5444 4255 5500 moyens
4289 5426 4364 5483 de
4398 5426 4485 5483 les

700 5521 1032 5589 améliorer,
1061 5522 1309 5579 Geneve
1341 5522 1516 5589 1820,
1543 5521 1605 5578 in
1632 5522 1684 5579 8.

473 5714 655 5771 4771.
682 5715 1141 5781 DESCRIPTION,
1170 5732 1244 5771 an
1267 5713 1585 5788 improved
1608 5713 1837 5788 history
1862 5714 1978 5771 and
2002 5713 2369 5788 description
2393 5713 2465 5771 of
2483 5713 2581 5771 the
2605 5715 2821 5771 Tower
2844 5713 2916 5771 of
2934 5714 3208 5781 London,
3235 5714 3491 5771 London
3523 5714 3697 5781 1819,
3724 5713 3786 5770 in
3813 5714 3865 5771 8.

473 5905 655 5962 4772.
682 5906 1125 5962 DESCRIPTION
1148 5904 1220 5962 of
1237 5904 1499 5962 Fonthill
1523 5905 1742 5979 Abbey
1764 5904 2072 5962 Wiltshire
2098 5904 2242 5962 with
2267 5904 2474 5972 views,
2502 5905 2758 5962 London
2789 5905 2964 5972 1817,
2991 5904 3053 5961 in
3080 5905 3132 5962 8.

700 6001 927 6072 Questa
954 6000 1329 6058 descrizione
1358 6001 1518 6058 della
1545 6000 1690 6058 villa
1718 6001 1816 6058 del
1844 6000 2105 6058 cavalier
2129 6000 2403 6058 William
2428 6000 2737 6058 Beckford
2764 6001 2797 6058 e
2824 6009 2987 6058 tanto
3014 6000 3119 6075 più
3145 6000 3423 6075 preziosa
3449 6009 3671 6075 quanto
3700 6001 3733 6058 e
3762 6000 4073 6075 maggiore
4101 6001 4159 6058 la
4186 6000 4489 6058 difficoltà

699 6096 760 6154 di
792 6097 1010 6154 vedere
1042 6105 1254 6171 questo
1287 6097 1471 6171 luogo
1504 6096 1837 6171 magniﬁco
1870 6115 1903 6154 e
1933 6096 2277 6171 pittoresco.
2312 6097 2360 6153 Il
2392 6096 2545 6154 libro
2578 6097 2611 6154 è
2642 6105 2849 6154 ornato
2882 6097 2959 6154 da
2989 6097 3025 6155 9
3058 6097 3258 6154 tavole
3290 6096 3351 6154 di
3383 6096 3687 6154 ﬁnissimo
3720 6096 3989 6171 intaglio,
4024 6115 4057 6154 e
4088 6096 4341 6154 termina
4371 6115 4488 6154 con

700 6192 898 6250 alcuni
923 6192 1099 6250 cenni
1126 6211 1195 6250 su
1218 6192 1238 6249 i
1261 6192 1366 6267 più
1392 6192 1678 6267 singolari
1704 6192 1839 6250 libri
1864 6193 2024 6250 della
2045 6192 2374 6250 biblioteca
2397 6192 2458 6250 di
2482 6193 2621 6267 quel
2644 6193 2914 6267 palazzo.

473 6385 655 6442 4773.
682 6386 1125 6442 DESCRIPTION
1147 6385 1431 6442 nouvelle
1456 6385 1531 6442 de
1555 6384 1929 6452 Blencheim,
1957 6384 2209 6442 chateau
2233 6385 2308 6442 de
2335 6403 2400 6442 sa
2423 6385 2717 6459 grandeur
2740 6385 2796 6442 le
2820 6386 2954 6442 Duc
2980 6385 3055 6442 de
3079 6384 3506 6459 Malborough,
3535 6384 3772 6442 Oxford
3803 6384 3977 6452 1815,
4004 6384 4066 6441 in
4097 6385 4187 6442 12.

2171 6657 2347 6694 WWW.
2358 6637 2734 6710 memofonte.
2748 6639 2791 6694 il
