4958 7017
1981 864 2366 922 Fondazione
2390 864 2775 922 Memofonte
2800 865 2976 922 onlus

1390 960 1600 1018 Studio
1624 979 1731 1035 per
1754 960 2226 1018 l’elaborazione
2250 960 2632 1018 informatica
2655 961 2813 1018 delle
2838 960 2991 1018 fonti
3018 960 3571 1018 storico—artistiche

476 1344 655 1401 3104.
684 1345 971 1401 BOSELCI
995 1343 1261 1411 Hieron.,
1291 1344 1390 1401 Ad
1415 1343 1567 1401 Prin.
1597 1344 1754 1418 Aug.
1784 1343 2009 1418 Joseph
2036 1343 2256 1401 archid.
2286 1344 2484 1401 Austr.
2515 1352 2625 1401 etc.
2655 1345 2749 1401 De
2775 1343 3102 1401 Aureliano
3130 1343 3330 1418 lapide
3359 1362 3467 1401 suo
3494 1362 3682 1418 nuper
3707 1343 3827 1401 luci
3852 1343 4141 1411 restituto,
4170 1343 4486 1401 Bononiae

714 1439 889 1507 1692,
915 1439 977 1496 in
1000 1440 1057 1507 4,
1084 1441 1172 1497 M.
1200 1440 1297 1498 49.

476 1631 655 1689 3105.
688 1633 886 1689 BOSSI
914 1631 1118 1699 Louis,
1151 1633 1378 1689 Lettres
1412 1650 1510 1689 sur
1539 1632 1697 1689 deux
1726 1631 2110 1706 inscriptions
2140 1632 2498 1706 prétendues
2529 1631 2812 1706 runiques
2843 1632 3121 1689 trouvées
3154 1632 3188 1689 a
3216 1631 3461 1699 Venise,
3495 1631 3678 1689 Turin
3715 1631 3889 1699 1805,
3923 1650 3998 1689 en
4031 1632 4084 1699 8,
4117 1631 4221 1706 fig.
4256 1650 4373 1689 con
4402 1640 4487 1689 tre

706 1727 906 1784 tavole
930 1726 992 1783 in
1014 1745 1196 1784 rame.

701 1858 784 1862 —
809 1822 1203 1897 Aggiuntovi:
1235 1822 1352 1880 Dei
1378 1822 1709 1890 basilischi,
1741 1822 1991 1897 dragoni
2019 1823 2095 1880 ed
2123 1822 2252 1880 altri
2281 1822 2525 1880 animali
2553 1822 2781 1880 creduti
2809 1822 3091 1890 favolosi,
3122 1822 3553 1880 dissertazione
3581 1822 3920 1897 epistolare,
3950 1822 4186 1880 Milano
4222 1823 4397 1890 1792,
4426 1822 4488 1879 in

710 1919 763 1986 8,
791 1918 895 1993 fig.
924 1937 1041 1976 con
1064 1927 1149 1976 tre
1173 1919 1373 1976 tavole
1397 1918 1460 1975 in
1482 1937 1663 1976 rame.

702 2015 750 2071 Il
780 2014 887 2089 sig.
920 2014 1244 2082 Akerblad,
1275 2015 1645 2072 osservando
1673 2014 1736 2071 in
1762 2014 2034 2072 Venezia
2059 2014 2079 2071 i
2108 2014 2270 2072 leoni
2297 2014 2457 2089 posti
2486 2014 2869 2089 all’ingresso
2898 2015 3360 2082 dell’Arsenale,
3392 2014 3503 2072 che
3530 2014 3725 2089 prima
3753 2023 4000 2072 stavano
4030 2015 4085 2072 al
4112 2023 4286 2089 porto
4314 2014 4487 2072 Pireo

707 2111 988 2178 d’Atene,
1019 2119 1299 2168 sostenne
1324 2110 1436 2168 che
1461 2111 1517 2168 le
1541 2110 1848 2168 iscrizioni
1871 2119 2045 2185 poste
2072 2111 2163 2168 sul
2188 2111 2318 2168 loro
2344 2110 2547 2168 fianco
2573 2110 2809 2168 fossero
2833 2110 3079 2168 runiche
3104 2129 3137 2168 e
3162 2119 3373 2185 questa
3396 2110 3684 2185 opinione
3709 2111 3742 2168 e
3768 2111 4135 2168 combattuta
4158 2129 4276 2168 con
4298 2110 4486 2168 buoni

708 2215 1057 2281 argomenti.

476 2397 655 2455 3106.
688 2398 1132 2455 CANCELLERI
1159 2399 1513 2465 Francesco,
1544 2397 1993 2455 Dissertazione
2023 2397 2343 2472 epistolare
2375 2416 2552 2472 sopra
2579 2398 2695 2455 due
2723 2397 3030 2455 iscrizioni
3059 2398 3217 2455 delle
3246 2397 3470 2455 martiri
3501 2397 3830 2472 Semplicia
3857 2398 4062 2455 madre
4091 2397 4152 2455 di
4182 2398 4336 2455 Orsa
4364 2416 4397 2455 e
4426 2397 4488 2455 di

706 2494 963 2551 un’altra
987 2494 1157 2561 Orsa,
1184 2502 1412 2551 trovate
1437 2494 1533 2551 ne’
1565 2493 1821 2551 cimiteri
1846 2493 1907 2551 di
1934 2494 1991 2551 S.
2020 2493 2279 2561 Ciriaco,
2306 2495 2503 2551 Roma
2533 2494 2708 2561 1819,
2734 2493 2796 2550 in
2823 2494 2875 2551 8.

713 2590 914 2664 Opera
935 2589 1115 2664 piena
1138 2589 1199 2647 di
1226 2608 1393 2647 sacra
1416 2589 1780 2647 erudizione.

479 2783 557 2856 [p.
593 2782 729 2851 100]

476 2973 655 3030 3107.
694 2973 1105 3030 CARYOPHILI
1137 2972 1347 3040 Blasii,
1384 2974 1478 3030 De
1515 2972 1772 3047 antiquis
1809 2972 2225 3040 marmoribus,
2264 2973 2643 3047 opusculum,
2682 2972 2780 3030 cui
2816 2973 3109 3030 accedunt
3142 2972 3591 3030 dissertationes
3627 2981 3881 3047 quatuor
3914 2981 4046 3040 etc.,
4083 2972 4488 3030 Vindobonae

714 3069 889 3136 1738,
915 3068 977 3125 in
1000 3069 1057 3136 4,
1084 3068 1146 3125 in
1170 3068 1326 3126 char.
1355 3087 1511 3126 max.

476 3261 655 3318 3108.
683 3260 1326 3328 CARYOPHILIB1asii,
1353 3262 1447 3318 De
1473 3260 1730 3335 antiquis
1757 3260 1899 3328 auri,
1928 3260 2172 3335 argenti,
2202 3260 2436 3328 stamni,
2466 3260 2636 3328 aeris,
2664 3260 2821 3328 ferri,
2847 3260 3201 3335 plumbique
3226 3260 3471 3328 fodinis,
3500 3261 3878 3335 opusculum,
3905 3260 4180 3318 Viennae
4212 3260 4386 3318 1757.

476 3452 655 3510 3109.
683 3452 957 3509 CORSINI
979 3452 1277 3519 Eduardo,
1307 3451 1708 3526 Spiegazione
1733 3451 1794 3509 di
1819 3452 1935 3509 due
1961 3451 2372 3509 antichissime
2396 3451 2703 3509 iscrizioni
2728 3451 2964 3526 greche,
2991 3453 3188 3509 Roma
3218 3451 3393 3519 1756,
3420 3451 3482 3508 in
3509 3452 3561 3509 8.

476 3644 655 3701 3110.
682 3645 1021 3701 DISCORSO
1047 3662 1224 3718 sopra
1247 3643 1617 3701 l’iscrizione
1642 3644 1802 3701 della
1825 3644 2086 3701 colonna
2107 3652 2373 3711 rostrata,
2400 3645 2598 3701 Roma
2628 3643 2803 3711 1635,
2830 3643 2892 3700 in
2915 3644 2972 3711 4,
3000 3643 3104 3718 fig.

708 3740 935 3811 Questa
971 3740 1004 3797 e
1042 3740 1100 3797 la
1136 3740 1397 3797 colonna
1431 3748 1681 3797 rostrata
1717 3739 1778 3797 di
1816 3739 2264 3814 Campidoglio,
2305 3739 2416 3797 che
2452 3748 2624 3814 porta
2660 3740 2718 3797 la
2753 3740 2890 3797 data
2925 3740 3234 3797 dell’anno
3273 3740 3436 3814 dopo
3474 3739 3927 3797 l’edificazione
3965 3739 4026 3797 di
4063 3741 4259 3797 Roma
4294 3739 4416 3798 496
4455 3758 4488 3797 e

705 3835 933 3893 ritiensi
956 3854 1063 3910 per
1086 3836 1144 3893 la
1165 3835 1270 3910 più
1295 3835 1491 3893 antica
1514 3835 1809 3893 memoria
1832 3835 1893 3893 di
1918 3835 2123 3910 lingua
2146 3835 2345 3903 latina,
2373 3836 2431 3893 la
2454 3836 2630 3910 quale
2655 3836 2688 3893 e
2713 3836 3070 3893 dall’autore
3096 3835 3380 3893 anonimo
3404 3844 3728 3893 restaurata
3751 3836 3909 3893 nelle
3934 3854 4280 3893 mancanze.

476 4027 631 4084 3111
661 4028 854 4084 ESSAI
877 4026 1300 4101 d’inscription
1322 4045 1475 4101 pour
1498 4027 1556 4084 la
1581 4035 1768 4084 statue
1793 4027 1868 4084 de
1893 4026 2078 4084 Henri
2103 4027 2159 4084 le
2185 4027 2390 4084 Grand
2412 4026 2503 4084 roi
2528 4027 2603 4084 de
2627 4028 2868 4094 France,
2896 4035 2954 4084 et
2977 4027 3052 4084 de
3076 4028 3359 4094 Navarre,
3386 4026 3547 4084 Paris
3580 4027 3755 4094 1818,
3782 4028 3870 4084 M.
3905 4027 4036 4084 104.

476 4219 655 4276 3112.
706 4220 1031 4275 FABRETTI
1077 4218 1401 4293 Raphaelis
1453 4218 1738 4293 Gasparis
1787 4220 1847 4276 F.
1899 4218 2205 4286 urbinatis,
2256 4218 2722 4293 Inscriptionum
2769 4218 3146 4293 antiquarum
3193 4237 3346 4293 quae
3394 4218 3456 4275 in
3506 4218 3754 4276 aedibus
3802 4218 4062 4293 paternis
4113 4227 4490 4276 asservantur

707 4314 1030 4389 explicatio
1056 4323 1114 4372 et
1138 4314 1611 4372 additamentum
1634 4333 1776 4372 cum
1799 4314 2321 4372 emendationibus
2348 4314 2737 4382 Gruterianis,
2764 4316 2996 4372 Romae
3028 4315 3203 4382 1702,
3230 4314 3292 4371 in
3316 4314 3421 4372 fol.

476 4506 655 4563 3113.
684 4506 1109 4563 GALLETTHIO
1132 4507 1305 4563 Petro
1330 4505 1608 4580 Aloysio,
1635 4505 2060 4580 Inscriptiones
2087 4514 2337 4563 venetae
2361 4505 2561 4562 infimi
2587 4505 2739 4573 aevi,
2766 4507 2998 4563 Romae
3023 4514 3291 4563 extantes
3317 4506 3628 4573 collectae,
3655 4507 3887 4563 Romae
3919 4505 4094 4573 1757,
4121 4505 4183 4562 in
4206 4506 4262 4563 4.

476 4698 655 4755 3114.
689 4698 1028 4755 GARUFFIO
1055 4697 1339 4772 Josepho,
1371 4699 1643 4755 Lucerna
1670 4697 1960 4772 lapidaria
1987 4716 2140 4772 quae
2169 4706 2577 4765 monumenta,
2609 4697 2928 4772 epitaphia,
2960 4697 3400 4772 inscriptiones,
3432 4706 3491 4755 et
3520 4697 3835 4772 sepulchra
3861 4706 3990 4755 tum
4017 4697 4334 4772 gentilium
4361 4706 4489 4755 tum

707 4793 1167 4851 christianorum
1190 4793 1290 4851 via
1312 4793 1607 4851 Flaminia
1630 4802 1688 4851 et
1710 4793 1970 4850 Arimini
1997 4802 2285 4851 scrutatur
2309 4812 2580 4861 accensa,
2608 4793 2868 4850 Arimini
2900 4793 3075 4861 1691,
3102 4793 3164 4850 in
3191 4794 3244 4861 8,
3271 4795 3359 4851 M.
3386 4794 3465 4852 49
3492 4812 3525 4851 e
3551 4793 3646 4851 35.

476 4985 655 5043 3115.
685 4986 856 5043 GORI
879 4985 1129 5043 Antonii
1154 4985 1474 5053 Francisci,
1503 4985 1928 5060 Inscriptiones
1956 4985 2233 5060 antiquae
2258 4985 2320 5042 in
2344 4985 2610 5043 Etruriae
2635 4985 2880 5043 urbibus
2907 4994 3193 5053 extantes,
3221 4985 3556 5043 Florentiae
3589 4985 3744 5043 1726
3772 5004 3806 5043 a
3836 4986 4010 5053 1747,
4038 4986 4157 5043 vol.
4189 4986 4243 5053 3,
4270 4985 4332 5042 in
4357 4985 4484 5053 fol.,

707 5080 812 5155 fig.

703 5176 999 5234 Contiene
1026 5176 1069 5233 il
1094 5176 1290 5251 primo
1319 5177 1565 5234 volume
1591 5176 1611 5233 i
1639 5176 2015 5234 monumenti
2042 5176 2311 5234 esistenti
2338 5176 2401 5233 in
2427 5176 2673 5234 Firenze
2702 5177 2860 5234 colle
2888 5176 3271 5234 annotazioni
3299 5176 3360 5234 di
3387 5177 3525 5234 Ant.
3555 5178 3643 5234 M.
3677 5176 3907 5234 Salvini
3934 5195 3967 5234 e
3996 5176 4074 5234 62
4102 5195 4343 5251 gemme
4370 5195 4488 5234 con

707 5272 976 5330 caratteri
1012 5272 1207 5340 incisi,
1247 5272 1580 5330 distribuite
1617 5272 1679 5329 in
1716 5273 1795 5330 20
1832 5273 2049 5330 tavole.
2089 5273 2206 5330 Nel
2245 5273 2511 5330 secondo
2549 5273 2795 5330 volume
2834 5291 2985 5330 sono
3022 5272 3042 5329 i
3079 5272 3454 5330 monumenti
3494 5272 3682 5347 sparsi
3718 5291 3825 5347 per
3860 5273 3916 5330 le
3953 5272 4115 5330 varie
4152 5272 4293 5330 città
4328 5273 4488 5330 della

706 5370 998 5426 Toscana.
1031 5369 1148 5426 Nel
1177 5377 1340 5426 terzo
1373 5387 1523 5426 sono
1554 5369 1610 5426 le
1639 5368 1947 5426 iscrizioni
1978 5368 2213 5426 antiche
2244 5368 2462 5443 greche
2492 5387 2525 5426 e
2553 5387 2802 5426 romane
2834 5387 3036 5443 sparse
3066 5368 3128 5425 in
3157 5370 3434 5426 Toscana
3462 5387 3495 5426 e
3525 5369 3581 5426 le
3611 5387 3793 5443 opere
3823 5368 3884 5426 di
3916 5369 4175 5426 scultura
4202 5368 4486 5443 insignite

707 5464 1100 5532 d’iscrizioni,
1134 5483 1310 5522 come
1340 5483 1485 5522 urne
1516 5483 1549 5522 e
1582 5464 1876 5539 sarcofagj
1913 5465 1989 5522 ed
2020 5464 2149 5522 altri
2180 5464 2555 5522 monumenti
2585 5465 2683 5522 nel
2715 5464 3020 5522 Calidario
3052 5465 3210 5522 delle
3240 5473 3426 5522 terme
3455 5464 3666 5539 pisane
3697 5483 3815 5522 con
3846 5464 3924 5522 50
3956 5464 4164 5539 grandi
4194 5465 4394 5522 tavole
4424 5464 4487 5521 in

705 5578 886 5617 rame.

476 5751 655 5809 3116.
684 5752 981 5809 GRUTERI
1002 5753 1032 5809 ]
1037 5751 1151 5819 ani,
1178 5751 1605 5826 Inscriptiones
1632 5751 1909 5826 antiquae
1933 5751 2114 5809 totius
2140 5751 2302 5809 orbis
2326 5751 2578 5819 romani,
2606 5770 2681 5809 ex
2705 5751 2962 5809 officina
2986 5751 3491 5819 Commeliniana,
3526 5751 3700 5819 1601,
3727 5751 3789 5808 in
3813 5751 3918 5809 fol.

704 5847 1223 5919 Quest’immensa
1255 5847 1594 5905 collezione
1628 5847 1689 5905 di
1723 5847 2029 5905 iscrizioni
2063 5866 2388 5922 comparve
2423 5848 2540 5905 alla
2572 5848 2707 5905 luce
2747 5849 2825 5922 [p.
2870 5848 3006 5917 101]
3046 5848 3104 5905 la
3134 5847 3327 5922 prima
3359 5848 3523 5905 volta
3555 5847 3617 5904 in
3650 5856 3864 5922 questo
3899 5866 4111 5922 grosso
4147 5848 4392 5905 volume
4426 5847 4487 5905 di

707 5943 867 6001 circa
896 5944 1058 6001 2000
1087 5943 1324 6018 pagine,
1356 5943 1520 6001 ricco
1552 5943 1613 6001 di
1643 5944 1842 6001 tavole
1871 5962 1978 6018 per
2007 5944 2063 6001 le
2093 5943 2356 6011 materie,
2390 5962 2489 6001 ma
2518 5962 2698 6001 meno
2731 5943 2932 6018 ampio
2964 5943 3075 6001 che
3105 5944 3208 6001 nol
3239 5943 3456 6001 furono
3486 5943 3591 6018 poi
3621 5943 3641 6000 i
3671 5944 3709 6000 4
3740 5943 3971 6001 volumi
4000 5943 4354 6018 ricomparsi
4383 5962 4490 6018 per

707 6058 848 6097 cura
871 6039 932 6097 di
958 6039 1095 6097 Gio.
1125 6039 1290 6097 Gior.
1320 6039 1545 6097 Grevio
1570 6040 1668 6097 nel
1700 6040 1874 6097 1707.

476 6231 655 6288 3117.
694 6232 933 6288 HAGER
966 6230 1207 6305 Joseph,
1245 6232 1609 6288 Monument
1643 6231 1718 6288 de
1754 6232 1869 6298 Yu,
1908 6249 1988 6288 on
2023 6231 2081 6288 la
2113 6231 2248 6305 plus
2286 6230 2575 6288 ancienne
2610 6230 2964 6305 inscription
2999 6231 3074 6288 de
3110 6231 3168 6288 la
3202 6230 3414 6298 Chine,
3455 6230 3647 6288 suivie
3683 6231 3758 6288 de
3796 6231 3873 6288 32
3910 6230 4134 6288 formes
4171 6230 4486 6288 d’anciens

707 6335 1035 6384 caracteres
1061 6326 1315 6394 chinois,
1342 6326 1505 6384 Paris
1538 6327 1712 6394 1802,
1738 6326 1800 6383 in
1824 6326 1951 6394 fol.,
1979 6326 2084 6401 fig.

702 6422 984 6480 Preziosa
1031 6441 1064 6480 e
1111 6422 1447 6480 bellissima
1494 6423 1527 6480 e
1577 6423 1635 6480 la
1682 6422 2057 6480 formazione
2106 6422 2167 6480 di
2216 6422 2411 6497 questi
2460 6422 2730 6480 caratteri
2779 6422 3042 6490 cubitali,
3094 6422 3206 6480 che
3253 6423 3523 6480 rendono
3571 6422 4015 6497 pregiatissima
4062 6441 4095 6480 e
4144 6441 4225 6480 un
4273 6422 4486 6497 giorno

2171 6657 2347 6694 WWW.
2358 6637 2734 6710 memofonte.
2748 6639 2791 6694 il
