4958 7017
1981 864 2366 922 Fondazione
2390 864 2775 922 Memofonte
2800 865 2976 922 onlus

1390 960 1600 1018 Studio
1624 979 1731 1035 per
1754 960 2226 1018 l’elaborazione
2250 960 2632 1018 informatica
2655 961 2813 1018 delle
2838 960 2991 1018 fonti
3018 960 3571 1018 storico—artistiche

483 1252 690 1320 1347.
720 1253 1322 1333 REGOLAMENTI,
1352 1266 1679 1320 STATUTI
1704 1273 1743 1320 e
1773 1251 1991 1341 piano
2023 1251 2093 1320 d’
2132 1251 2523 1320 istruzione
2552 1273 2679 1341 per
2707 1251 2777 1320 la
2806 1253 2889 1320 R.
2923 1251 3372 1320 Accademia
3401 1251 3474 1320 di
3505 1253 3587 1320 B.
3622 1251 3779 1320 Arti
3811 1251 3883 1320 di
3914 1251 4231 1333 Firenze,
4275 1252 4484 1333 1807,

707 1366 781 1434 in
809 1367 876 1435 4.

483 1578 690 1646 1348.
753 1579 1355 1659 REGOLAMENTI,
1419 1577 1674 1646 Statuti
1734 1577 2200 1667 dell’insigne
2257 1577 2706 1646 Accademia
2763 1577 2880 1646 del
2938 1577 3266 1667 Disegno
3326 1577 3398 1646 di
3458 1579 3714 1659 Roma,
3777 1577 3968 1646 detta
4025 1577 4097 1646 di
4158 1578 4228 1646 S.
4291 1579 4488 1646 Luca

706 1692 1190 1782 Evangelista,
1223 1694 1460 1761 Roma
1496 1692 1704 1774 1796,
1737 1692 1811 1760 in
1839 1693 1906 1761 4.

483 1904 690 1973 1349.
747 1905 1349 1985 REGOLAMENTI,
1405 1903 1844 1993 Réglemens
1899 1914 1968 1972 et
2022 1914 2292 1985 statuts,
2349 1903 2870 1985 ordonnances,
2928 1914 2997 1972 et
3046 1903 3452 1993 reglémens
3508 1903 3597 1972 de
3649 1903 3719 1972 la
3771 1904 4305 1972 Communauté
4358 1903 4485 1972 des

706 2019 1006 2087 Maîtres
1038 2018 1127 2087 de
1156 2018 1349 2087 l’Art
1377 2018 1466 2087 de
1495 2018 1565 2087 la
1592 2018 1943 2100 Peinture,
1976 2018 2170 2087 Paris
2210 2018 2418 2100 1672,
2451 2018 2525 2086 in
2553 2019 2620 2087 4.

483 2229 690 2298 1350.
748 2231 1349 2311 REGOLAMENTI,
1406 2229 1913 2319 Regolamenti
1968 2251 2007 2298 e
2062 2229 2317 2298 Statuti
2372 2229 2562 2298 della
2613 2231 2696 2298 R.
2753 2229 3200 2298 Accademia
3252 2229 3324 2298 di
3378 2229 3643 2298 Pittura
3695 2251 3734 2298 e
3789 2229 4137 2311 Scultura,
4194 2229 4483 2311 Torino,

709 2344 1110 2434 Stamperia
1137 2344 1381 2426 Reale,
1423 2345 1631 2426 1788,
1664 2344 1739 2412 in
1768 2344 2022 2434 foglio.

483 2555 690 2624 1351.
747 2557 1348 2637 REGOLAMENTI,
1401 2556 1678 2624 Statuto
1732 2577 1771 2624 e
1822 2555 2290 2645 prescrizioni
2344 2555 2534 2624 della
2583 2555 2926 2645 pubblica
2975 2555 3423 2624 Accademia
3474 2555 3546 2624 di
3599 2555 3805 2624 Belle
3856 2555 4013 2624 Arti
4066 2555 4364 2624 istituita
4414 2555 4488 2623 in

707 2670 1032 2739 Venezia
1058 2692 1184 2760 per
1212 2670 1501 2739 decreto
1532 2670 2208 2739 dell’Eccellentiss.
2244 2671 2531 2752 Senato,
2564 2670 2890 2739 Venezia
2926 2671 3134 2752 1782,
3167 2670 3241 2738 in
3269 2671 3337 2752 4,
3371 2692 3468 2760 gr.

483 2880 690 2949 1352.
733 2882 1335 2962 REGOLAMENTI,
1372 2880 1595 2949 Piano
1633 2902 1759 2970 per
1795 2902 1938 2949 una
1977 2880 2228 2949 scuola
2265 2880 2337 2949 di
2377 2880 2584 2949 Belle
2621 2880 2778 2949 Arti
2817 2880 2996 2949 fatto
3036 2880 3153 2949 dal
3192 2880 3537 2949 cittadino
3577 2880 3866 2949 Giovan
3905 2880 4208 2949 Battista
4244 2880 4484 2962 Vinci,

707 2997 963 3077 Roma,
998 3017 1185 3064 anno
1215 2997 1370 3077 VII,
1412 2996 1595 3065 1798
1631 2996 1750 3080 (V.
1785 2996 1892 3080 I.),
1925 2995 1999 3063 in
2027 2996 2095 3077 4,
2130 3017 2227 3085 gr.

483 3206 690 3275 1353.
724 3208 1326 3288 REGOLAMENTI,
1355 3206 1839 3275 Costituzioni
1870 3206 2061 3275 della
2088 3208 2171 3275 R.
2204 3206 2652 3275 Accademia
2680 3206 2869 3275 delle
2898 3206 3105 3275 Belle
3133 3206 3290 3275 Arti
3320 3206 3394 3274 in
3423 3208 3695 3288 Parma,
3737 3206 3945 3288 1760,
3978 3206 4052 3274 in
4080 3207 4147 3275 4.

483 3417 690 3486 1354.
744 3419 1346 3499 REGOLAMENTI,
1400 3417 1718 3507 Capitoli
1769 3417 2398 3486 dell’Accademia
2447 3417 2519 3486 di
2569 3417 2834 3486 Pittura
2883 3428 3123 3507 aperta
3171 3417 3362 3486 dalla
3411 3417 3808 3507 magnifica
3857 3417 4026 3486 città
4074 3417 4146 3486 di
4196 3419 4489 3486 Verona

707 3532 957 3601 l’anno
996 3532 1204 3614 1766,
1237 3532 1311 3600 in
1339 3533 1406 3601 4.

483 3743 690 3812 1355.
730 3745 1332 3825 REGOLAMENTI,
1372 3743 1628 3812 Ordini
1665 3765 1704 3812 e
1741 3743 1996 3812 Statuti
2033 3743 2662 3812 dell’Accademia
2696 3743 2813 3812 del
2848 3743 3176 3833 Disegno
3213 3743 3285 3812 di
3323 3744 3393 3812 S.
3432 3745 3630 3812 Luca
3664 3743 3947 3812 corretti
3984 3765 4023 3812 e
4059 3743 4487 3812 confermati

710 3869 897 3927 sotto
935 3858 1313 3927 Clemente
1348 3860 1470 3940 XI,
1510 3858 1903 3927 Palestrina
1946 3858 2154 3940 1716,
2194 3858 2268 3926 in
2303 3859 2370 3927 4.
2410 3858 2884 3948 Aggiuntovi:
2927 3860 3207 3927 Lettera
3242 3858 3314 3927 di
3350 3880 3447 3927 un
3485 3858 3722 3927 amico
3762 3858 3851 3927 ad
3885 3880 3982 3927 un
4020 3858 4485 3927 accademico

708 3973 780 4042 di
835 3974 905 4042 S.
962 3975 1159 4042 Luca
1212 3995 1424 4063 sopra
1476 3973 1714 4042 alcuni
1768 3973 2034 4042 decreti
2088 3973 2160 4042 di
2213 3973 2867 4063 quell’accademia
2916 3973 3312 4063 pubblicati
3366 3984 3615 4042 contro
3668 3973 3720 4041 il
3772 3973 4030 4063 pittore
4082 3973 4482 4055 Benefiale,

706 4088 1023 4157 Livorno
1062 4089 1270 4170 1737,
1303 4088 1377 4156 in
1405 4089 1472 4157 4.

483 4299 690 4368 1356.
730 4300 978 4368 SAGGI
1011 4299 1454 4368 accademici
1494 4299 1638 4368 dati
1677 4299 1751 4367 in
1789 4301 2026 4368 Roma
2062 4299 2692 4368 nell’Accademia
2729 4299 2846 4368 del
2884 4299 3213 4389 Principe
3252 4299 3635 4368 Cardinale
3674 4299 3746 4368 di
3787 4299 4055 4368 Savoia
4090 4299 4486 4389 pubblicati

708 4414 799 4483 da
825 4414 1147 4504 Monsig.
1180 4414 1543 4504 Agostino
1572 4414 1962 4496 Mascardi,
1995 4414 2321 4483 Venezia
2357 4414 2565 4496 1630,
2598 4414 2672 4482 in
2700 4415 2767 4483 4.

483 4624 690 4693 1357.
733 4625 982 4693 SAGGI
1012 4624 1084 4693 di
1121 4624 1655 4693 Dissertaziorii
1693 4624 2322 4693 dell’Accademia
2356 4624 2663 4693 Palermi
2707 4626 2800 4714 [p.
2842 4625 3189 4707 231]tana
3224 4624 3341 4693 del
3375 4624 3573 4693 buon
3610 4635 3842 4714 gusto,
3882 4624 4026 4693 vol.
4068 4626 4117 4706 I,
4157 4624 4486 4693 Palermo

716 4739 924 4821 1755,
957 4739 1031 4807 in
1059 4740 1127 4821 4,
1160 4739 1286 4829 fig.
1319 4741 1425 4808 M.
1461 4740 1575 4808 32.

483 4950 690 5019 1358.
727 4951 1024 5019 SALANI
1047 4950 1292 5032 Paolo,
1328 4950 1690 5019 Orazione
1719 4972 1845 5040 per
1873 4950 1943 5019 la
1972 4950 2490 5019 distribuzione
2522 4950 2635 5019 de’
2673 4950 2903 5040 premi
2936 4950 3074 5019 alle
3105 4950 3312 5019 Belle
3341 4950 3499 5019 Arti
3530 4950 3992 5019 nell’Istituto
4024 4950 4096 5019 di
4127 4950 4482 5040 Bologna,

707 5065 957 5134 l’anno
996 5066 1204 5147 1734,
1237 5065 1311 5133 in
1339 5066 1406 5134 4.

483 5276 690 5346 1359.
736 5277 1106 5345 SALVIATI
1139 5276 1540 5358 Leonardo,
1584 5276 1639 5344 Il
1677 5276 1912 5366 primo
1952 5276 2136 5345 libro
2177 5276 2366 5345 delle
2406 5276 2750 5358 orazioni,
2793 5287 3277 5345 nuovamente
3315 5276 3628 5345 raccolte
3670 5277 3840 5361 (ove
3879 5298 3969 5345 ne
4011 5298 4192 5345 sono
4234 5276 4488 5345 alcune

706 5391 1140 5481 riguardanti
1171 5391 1443 5481 oggetti
1474 5391 1663 5460 delle
1692 5391 1904 5476 Arti),
1936 5391 2254 5473 Firenze,
2286 5391 2405 5481 pel
2435 5391 2707 5473 Giunti,
2749 5391 2957 5473 1575,
2990 5391 3064 5459 in
3092 5392 3160 5473 4,
3192 5391 3331 5481 pic.

705 5549 804 5554 —
854 5506 1305 5596 Aggiuntovi
1358 5506 1426 5575 le
1479 5506 1724 5575 lettere
1778 5528 1817 5575 e
1869 5506 1937 5575 le
1989 5506 2169 5575 rime
2222 5506 2294 5575 di
2347 5506 2726 5575 Vincenzo
2778 5506 3096 5575 Martelli
3150 5506 3622 5575 Gentiluomo
3674 5506 4109 5588 Fiorentino,
4164 5506 4482 5588 Firenze,

708 5621 980 5703 Giunti,
1022 5621 1229 5690 1606.

487 5832 694 5901 1360.
751 5833 942 5901 SANI
985 5832 1208 5901 Paolo
1258 5832 1604 5914 Antonio,
1659 5832 2020 5901 Orazione
2069 5854 2195 5922 per
2243 5832 2313 5901 la
2360 5832 2592 5922 prima
2643 5832 2941 5901 solenne
2991 5832 3337 5901 funzione
3388 5832 3505 5901 del
3554 5832 3833 5922 premio
3886 5832 4024 5901 alle
4074 5832 4280 5901 Belle
4329 5832 4486 5901 Arti

707 5947 1337 6016 nell’Accademia
1365 5947 1824 6016 Clementina
1852 5947 1924 6016 di
1954 5947 2309 6037 Bologna,
2342 5947 2592 6016 l’anno
2631 5948 2840 6029 1727,
2873 5947 2947 6015 in
2975 5948 3042 6016 4.

487 6158 694 6227 1361.
732 6159 1161 6227 SCARSELLI
1185 6158 1565 6240 Flaminio,
1601 6158 1962 6227 Orazione
1992 6180 2119 6248 per
2149 6158 2219 6227 la
2249 6158 2768 6227 distribuzione
2800 6158 2917 6227 del
2947 6158 3226 6248 premio
3261 6158 3399 6227 alle
3431 6158 3638 6227 Belle
3668 6158 3825 6227 Arti
3857 6158 4488 6227 nell’Accademia

708 6273 1166 6342 Clementina
1194 6273 1266 6342 di
1296 6273 1651 6363 Bologna,
1684 6273 1934 6342 l’anno
1973 6274 2181 6355 1731,
2214 6273 2288 6341 in
2321 6274 2383 6342 8.

2171 6657 2347 6694 WWW.
2358 6637 2734 6710 memofonte.
2748 6639 2791 6694 il
