<?xml version="1.0" encoding="UTF-8"?>
<!DOCTYPE html PUBLIC "-//W3C//DTD XHTML 1.0 Transitional//EN"
    "http://www.w3.org/TR/xhtml1/DTD/xhtml1-transitional.dtd">
<html xmlns="http://www.w3.org/1999/xhtml" xml:lang="en" lang="en">
 <head>
  <title>
</title>
<meta http-equiv="Content-Type" content="text/html;charset=utf-8" />
  <meta name='ocr-system' content='tesseract 3.04.00' />
  <meta name='ocr-capabilities' content='ocr_page ocr_carea ocr_par ocr_line ocrx_word'/>
</head>
<body>
  <div class='ocr_page' id='page_1' title='image "tess/page31.tif"; bbox 0 0 4958 7017; ppageno 0'>
   <div class='ocr_carea' id='block_1_1' title="bbox 2188 398 2797 754">
    <p class='ocr_par' dir='ltr' id='par_1_1' title="bbox 2188 398 2797 754">
     <span class='ocr_line' id='line_1_1' title="bbox 2188 398 2797 754; baseline 0 6263"><span class='ocrx_word' id='word_1_1' title='bbox 2188 398 2797 754; x_wconf 95' lang='ita' dir='ltr'> </span> 
     </span>
    </p>
   </div>
   <div class='ocr_carea' id='block_1_2' title="bbox 1390 841 3571 1035">
    <p class='ocr_par' dir='ltr' id='par_1_2' title="bbox 1390 841 3571 1035">
     <span class='ocr_line' id='line_1_2' title="bbox 1981 841 2976 922; baseline 0.001 -1"><span class='ocrx_word' id='word_1_2' title='bbox 1981 864 2366 922; x_wconf 80' lang='ita' dir='ltr'>Fondazione</span> <span class='ocrx_word' id='word_1_3' title='bbox 2390 841 2775 922; x_wconf 89' lang='ita' dir='ltr'>Mernofonte</span> <span class='ocrx_word' id='word_1_4' title='bbox 2800 865 2976 922; x_wconf 86' lang='ita' dir='ltr'>onlus</span> 
     </span>
     <span class='ocr_line' id='line_1_3' title="bbox 1390 960 3571 1035; baseline 0 -17"><span class='ocrx_word' id='word_1_5' title='bbox 1390 960 1600 1018; x_wconf 89' lang='ita' dir='ltr'>Studio</span> <span class='ocrx_word' id='word_1_6' title='bbox 1624 979 1731 1035; x_wconf 97' lang='ita' dir='ltr'>per</span> <span class='ocrx_word' id='word_1_7' title='bbox 1754 960 2226 1018; x_wconf 98' lang='ita' dir='ltr'>l’elaborazione</span> <span class='ocrx_word' id='word_1_8' title='bbox 2250 960 2632 1018; x_wconf 93' lang='ita' dir='ltr'>informatica</span> <span class='ocrx_word' id='word_1_9' title='bbox 2655 961 2813 1018; x_wconf 98' lang='ita' dir='ltr'>delle</span> <span class='ocrx_word' id='word_1_10' title='bbox 2838 960 2991 1018; x_wconf 93' lang='ita' dir='ltr'>fonti</span> <span class='ocrx_word' id='word_1_11' title='bbox 3018 960 3571 1018; x_wconf 96' lang='ita' dir='ltr'>storico—artistiche</span> 
     </span>
    </p>
   </div>
   <div class='ocr_carea' id='block_1_3' title="bbox 472 1119 4264 1123">
    <p class='ocr_par' dir='ltr' id='par_1_3' title="bbox 472 1119 4264 1123">
     <span class='ocr_line' id='line_1_4' title="bbox 472 1119 4264 1123; baseline 0 0"><span class='ocrx_word' id='word_1_12' title='bbox 472 1119 4264 1123; x_wconf 95' lang='ita' dir='ltr'> </span> 
     </span>
    </p>
   </div>
   <div class='ocr_carea' id='block_1_4' title="bbox 475 1251 4489 1456">
    <p class='ocr_par' dir='ltr' id='par_1_4' title="bbox 475 1251 4489 1456">
     <span class='ocr_line' id='line_1_5' title="bbox 475 1251 4489 1341; baseline 0 -22"><span class='ocrx_word' id='word_1_13' title='bbox 475 1251 640 1320; x_wconf 96' lang='ita'>215.</span> <span class='ocrx_word' id='word_1_14' title='bbox 685 1253 1217 1320; x_wconf 88' lang='ita' dir='ltr'>TAUBENHEIM</span> <span class='ocrx_word' id='word_1_15' title='bbox 1253 1251 1575 1333; x_wconf 84' lang='ita' dir='ltr'>Charles,</span> <span class='ocrx_word' id='word_1_16' title='bbox 1619 1253 1722 1320; x_wconf 92' lang='ita' dir='ltr'>La</span> <span class='ocrx_word' id='word_1_17' title='bbox 1762 1251 1907 1320; x_wconf 90' lang='ita' dir='ltr'>cire</span> <span class='ocrx_word' id='word_1_18' title='bbox 1949 1251 2160 1320; x_wconf 85' lang='ita' dir='ltr'>alliée</span> <span class='ocrx_word' id='word_1_19' title='bbox 2202 1273 2378 1320; x_wconf 82' lang='ita' dir='ltr'>avec</span> <span class='ocrx_word' id='word_1_20' title='bbox 2420 1251 2678 1320; x_wconf 91' lang='ita' dir='ltr'>l’huile</span> <span class='ocrx_word' id='word_1_21' title='bbox 2719 1251 3273 1341; x_wconf 77' lang='ita' dir='ltr'>experimentée,</span> <span class='ocrx_word' id='word_1_22' title='bbox 3319 1251 3587 1320; x_wconf 85' lang='ita' dir='ltr'>décrite</span> <span class='ocrx_word' id='word_1_23' title='bbox 3628 1262 3697 1320; x_wconf 92' lang='ita' dir='ltr'>et</span> <span class='ocrx_word' id='word_1_24' title='bbox 3736 1251 3992 1320; x_wconf 84' lang='ita' dir='ltr'>dediée</span> <span class='ocrx_word' id='word_1_25' title='bbox 4035 1252 4075 1320; x_wconf 83' lang='ita' dir='ltr'><strong>à</strong></span> <span class='ocrx_word' id='word_1_26' title='bbox 4113 1251 4489 1320; x_wconf 85' lang='ita' dir='ltr'>l’elécteur</span> 
     </span>
     <span class='ocr_line' id='line_1_6' title="bbox 706 1366 2603 1456; baseline -0.001 -21"><span class='ocrx_word' id='word_1_27' title='bbox 706 1388 832 1456; x_wconf 90' lang='ita' dir='ltr'>par</span> <span class='ocrx_word' id='word_1_28' title='bbox 858 1366 1128 1456; x_wconf 84' lang='ita' dir='ltr'>Joseph</span> <span class='ocrx_word' id='word_1_29' title='bbox 1156 1366 1419 1435; x_wconf 90' lang='ita' dir='ltr'>Fratrel</span> <span class='ocrx_word' id='word_1_30' title='bbox 1447 1366 1743 1456; x_wconf 91' lang='ita' dir='ltr'>peintre,</span> <span class='ocrx_word' id='word_1_31' title='bbox 1775 1366 2156 1435; x_wconf 90' lang='ita' dir='ltr'>Manheim</span> <span class='ocrx_word' id='word_1_32' title='bbox 2193 1367 2401 1448; x_wconf 89' lang='ita'>1770,</span> <span class='ocrx_word' id='word_1_33' title='bbox 2434 1366 2508 1434; x_wconf 90' lang='ita' dir='ltr'>in</span> <span class='ocrx_word' id='word_1_34' title='bbox 2541 1367 2603 1435; x_wconf 88' lang='ita'>8.</span> 
     </span>
    </p>
   </div>
   <div class='ocr_carea' id='block_1_5' title="bbox 706 1477 4484 1631">
    <p class='ocr_par' dir='ltr' id='par_1_5' title="bbox 706 1477 4484 1631">
     <span class='ocr_line' id='line_1_7' title="bbox 715 1477 4484 1552; baseline 0 -17"><span class='ocrx_word' id='word_1_35' title='bbox 715 1478 1004 1535; x_wconf 91' lang='ita' dir='ltr'>Pretende</span> <span class='ocrx_word' id='word_1_36' title='bbox 1033 1478 1288 1535; x_wconf 97' lang='ita' dir='ltr'>l’autore</span> <span class='ocrx_word' id='word_1_37' title='bbox 1317 1477 1378 1535; x_wconf 99' lang='ita' dir='ltr'>di</span> <span class='ocrx_word' id='word_1_38' title='bbox 1408 1477 1774 1552; x_wconf 96' lang='ita' dir='ltr'>aggiungere</span> <span class='ocrx_word' id='word_1_39' title='bbox 1803 1478 1990 1535; x_wconf 98' lang='ita' dir='ltr'>molta</span> <span class='ocrx_word' id='word_1_40' title='bbox 2017 1477 2367 1552; x_wconf 85' lang='ita' dir='ltr'>esperienza</span> <span class='ocrx_word' id='word_1_41' title='bbox 2394 1496 2427 1535; x_wconf 99' lang='ita' dir='ltr'>e</span> <span class='ocrx_word' id='word_1_42' title='bbox 2456 1477 2770 1535; x_wconf 87' lang='ita' dir='ltr'>chiarezza</span> <span class='ocrx_word' id='word_1_43' title='bbox 2798 1477 2853 1535; x_wconf 98' lang='ita' dir='ltr'>ai</span> <span class='ocrx_word' id='word_1_44' title='bbox 2882 1477 3110 1535; x_wconf 85' lang='ita' dir='ltr'>metodi</span> <span class='ocrx_word' id='word_1_45' title='bbox 3139 1477 3238 1552; x_wconf 82' lang='ita' dir='ltr'>già</span> <span class='ocrx_word' id='word_1_46' title='bbox 3263 1477 3595 1552; x_wconf 86' lang='ita' dir='ltr'>pubblicati</span> <span class='ocrx_word' id='word_1_47' title='bbox 3624 1478 3701 1535; x_wconf 98' lang='ita' dir='ltr'>da</span> <span class='ocrx_word' id='word_1_48' title='bbox 3729 1478 3797 1535; x_wconf 90' lang='ita' dir='ltr'>C.</span> <span class='ocrx_word' id='word_1_49' title='bbox 3830 1477 3891 1535; x_wconf 99' lang='ita' dir='ltr'>di</span> <span class='ocrx_word' id='word_1_50' title='bbox 3920 1478 4146 1552; x_wconf 88' lang='ita' dir='ltr'>Caylus</span> <span class='ocrx_word' id='word_1_51' title='bbox 4176 1478 4274 1535; x_wconf 99' lang='ita' dir='ltr'>nel</span> <span class='ocrx_word' id='word_1_52' title='bbox 4311 1477 4484 1535; x_wconf 89' lang='ita'>1754.</span> 
     </span>
     <span class='ocr_line' id='line_1_8' title="bbox 706 1573 2512 1631; baseline 0 0"><span class='ocrx_word' id='word_1_53' title='bbox 706 1575 773 1630; x_wconf 90' lang='ita' dir='ltr'>In</span> <span class='ocrx_word' id='word_1_54' title='bbox 797 1573 922 1631; x_wconf 93' lang='ita' dir='ltr'>fine</span> <span class='ocrx_word' id='word_1_55' title='bbox 949 1582 1037 1631; x_wconf 98' lang='ita' dir='ltr'>sta</span> <span class='ocrx_word' id='word_1_56' title='bbox 1060 1574 1288 1631; x_wconf 88' lang='ita' dir='ltr'>un’ode</span> <span class='ocrx_word' id='word_1_57' title='bbox 1313 1573 1374 1631; x_wconf 99' lang='ita' dir='ltr'>di</span> <span class='ocrx_word' id='word_1_58' title='bbox 1399 1574 1467 1631; x_wconf 90' lang='ita' dir='ltr'>C.</span> <span class='ocrx_word' id='word_1_59' title='bbox 1496 1573 1557 1631; x_wconf 99' lang='ita' dir='ltr'>di</span> <span class='ocrx_word' id='word_1_60' title='bbox 1582 1574 1754 1631; x_wconf 76' lang='ita' dir='ltr'>Caux</span> <span class='ocrx_word' id='word_1_61' title='bbox 1777 1573 1839 1630; x_wconf 98' lang='ita' dir='ltr'>in</span> <span class='ocrx_word' id='word_1_62' title='bbox 1863 1592 2050 1631; x_wconf 99' lang='ita' dir='ltr'>onore</span> <span class='ocrx_word' id='word_1_63' title='bbox 2075 1573 2136 1631; x_wconf 99' lang='ita' dir='ltr'>di</span> <span class='ocrx_word' id='word_1_64' title='bbox 2160 1575 2248 1631; x_wconf 93' lang='ita' dir='ltr'>M.</span> <span class='ocrx_word' id='word_1_65' title='bbox 2276 1574 2512 1631; x_wconf 97' lang='ita' dir='ltr'>Fratrel.</span> 
     </span>
    </p>
   </div>
   <div class='ocr_carea' id='block_1_6' title="bbox 475 1788 4489 1878">
    <p class='ocr_par' dir='ltr' id='par_1_6' title="bbox 475 1788 4489 1878">
     <span class='ocr_line' id='line_1_9' title="bbox 475 1788 4489 1878; baseline 0 -22"><span class='ocrx_word' id='word_1_66' title='bbox 475 1788 640 1857; x_wconf 99' lang='ita'>216.</span> <span class='ocrx_word' id='word_1_67' title='bbox 712 1790 1077 1857; x_wconf 89' lang='ita' dir='ltr'>THYLESII</span> <span class='ocrx_word' id='word_1_68' title='bbox 1136 1788 1438 1857; x_wconf 86' lang='ita' dir='ltr'>Antonii</span> <span class='ocrx_word' id='word_1_69' title='bbox 1508 1788 1885 1870; x_wconf 90' lang='ita' dir='ltr'>cosentini,</span> <span class='ocrx_word' id='word_1_70' title='bbox 1956 1788 2277 1857; x_wconf 90' lang='ita' dir='ltr'>Libellus</span> <span class='ocrx_word' id='word_1_71' title='bbox 2347 1788 2436 1857; x_wconf 97' lang='ita' dir='ltr'>de</span> <span class='ocrx_word' id='word_1_72' title='bbox 2504 1788 2892 1870; x_wconf 90' lang='ita' dir='ltr'>coloribus,</span> <span class='ocrx_word' id='word_1_73' title='bbox 2962 1788 3086 1857; x_wconf 90' lang='ita' dir='ltr'>ubi</span> <span class='ocrx_word' id='word_1_74' title='bbox 3154 1788 3380 1857; x_wconf 90' lang='ita' dir='ltr'>multa</span> <span class='ocrx_word' id='word_1_75' title='bbox 3444 1788 3774 1878; x_wconf 92' lang='ita' dir='ltr'>leguntur</span> <span class='ocrx_word' id='word_1_76' title='bbox 3838 1799 4115 1878; x_wconf 90' lang='ita' dir='ltr'>praeter</span> <span class='ocrx_word' id='word_1_77' title='bbox 4182 1788 4489 1857; x_wconf 87' lang='ita' dir='ltr'>aliorum</span> 
     </span>
    </p>
   </div>
   <div class='ocr_carea' id='block_1_7' title="bbox 699 1903 4488 2743">
    <p class='ocr_par' dir='ltr' id='par_1_7' title="bbox 707 1903 4488 2185">
     <span class='ocr_line' id='line_1_10' title="bbox 708 1903 4463 1993; baseline 0 -22"><span class='ocrx_word' id='word_1_78' title='bbox 708 1903 1158 1993; x_wconf 90' lang='ita' dir='ltr'>opinionum,</span> <span class='ocrx_word' id='word_1_79' title='bbox 1192 1903 1414 1972; x_wconf 91' lang='ita' dir='ltr'>editio</span> <span class='ocrx_word' id='word_1_80' title='bbox 1447 1925 1631 1972; x_wconf 90' lang='ita' dir='ltr'>saec.</span> <span class='ocrx_word' id='word_1_81' title='bbox 1664 1905 1804 1972; x_wconf 87' lang='ita' dir='ltr'>XV</span> <span class='ocrx_word' id='word_1_82' title='bbox 1835 1904 2084 1972; x_wconf 90' lang='ita' dir='ltr'>Const.</span> <span class='ocrx_word' id='word_1_83' title='bbox 2119 1904 2278 1972; x_wconf 90' lang='ita' dir='ltr'>Car.</span> <span class='ocrx_word' id='word_1_84' title='bbox 2321 1904 2429 1985; x_wconf 89' lang='ita'>14,</span> <span class='ocrx_word' id='word_1_85' title='bbox 2461 1905 2567 1972; x_wconf 93' lang='ita' dir='ltr'>M.</span> <span class='ocrx_word' id='word_1_86' title='bbox 2602 1904 2718 1985; x_wconf 89' lang='ita'>99,</span> <span class='ocrx_word' id='word_1_87' title='bbox 2754 1925 2971 1972; x_wconf 90' lang='ita' dir='ltr'>senza</span> <span class='ocrx_word' id='word_1_88' title='bbox 2998 1903 3220 1993; x_wconf 80' lang='ita' dir='ltr'>luogo</span> <span class='ocrx_word' id='word_1_89' title='bbox 3251 1903 3341 1972; x_wconf 97' lang='ita' dir='ltr'>ed</span> <span class='ocrx_word' id='word_1_90' title='bbox 3372 1925 3559 1972; x_wconf 90' lang='ita' dir='ltr'>anno</span> <span class='ocrx_word' id='word_1_91' title='bbox 3590 1925 3629 1972; x_wconf 97' lang='ita' dir='ltr'>e</span> <span class='ocrx_word' id='word_1_92' title='bbox 3659 1925 3877 1972; x_wconf 94' lang='ita' dir='ltr'>nome</span> <span class='ocrx_word' id='word_1_93' title='bbox 3907 1903 3979 1972; x_wconf 91' lang='ita' dir='ltr'>di</span> <span class='ocrx_word' id='word_1_94' title='bbox 4012 1914 4463 1993; x_wconf 87' lang='ita' dir='ltr'>stampatore.</span> 
     </span>
     <span class='ocr_line' id='line_1_11' title="bbox 717 2014 4488 2089; baseline 0 -17"><span class='ocrx_word' id='word_1_95' title='bbox 717 2015 946 2086; x_wconf 88' lang='ita' dir='ltr'>Questo</span> <span class='ocrx_word' id='word_1_96' title='bbox 983 2033 1115 2072; x_wconf 98' lang='ita' dir='ltr'>raro</span> <span class='ocrx_word' id='word_1_97' title='bbox 1154 2033 1187 2072; x_wconf 99' lang='ita' dir='ltr'>e</span> <span class='ocrx_word' id='word_1_98' title='bbox 1228 2014 1527 2089; x_wconf 82' lang='ita' dir='ltr'>singolare</span> <span class='ocrx_word' id='word_1_99' title='bbox 1565 2015 1863 2089; x_wconf 96' lang='ita' dir='ltr'>opuscolo</span> <span class='ocrx_word' id='word_1_100' title='bbox 1901 2014 2103 2072; x_wconf 97' lang='ita' dir='ltr'>indica</span> <span class='ocrx_word' id='word_1_101' title='bbox 2141 2015 2232 2072; x_wconf 96' lang='ita' dir='ltr'>sul</span> <span class='ocrx_word' id='word_1_102' title='bbox 2273 2033 2382 2072; x_wconf 96' lang='ita' dir='ltr'>suo</span> <span class='ocrx_word' id='word_1_103' title='bbox 2419 2014 2717 2089; x_wconf 97' lang='ita' dir='ltr'>principio</span> <span class='ocrx_word' id='word_1_104' title='bbox 2757 2015 3053 2089; x_wconf 96' lang='ita' dir='ltr'>l’oggetto</span> <span class='ocrx_word' id='word_1_105' title='bbox 3092 2033 3209 2072; x_wconf 97' lang='ita' dir='ltr'>con</span> <span class='ocrx_word' id='word_1_106' title='bbox 3246 2014 3344 2072; x_wconf 97' lang='ita' dir='ltr'>cui</span> <span class='ocrx_word' id='word_1_107' title='bbox 3383 2014 3449 2072; x_wconf 93' lang='ita' dir='ltr'>fu</span> <span class='ocrx_word' id='word_1_108' title='bbox 3489 2014 3690 2072; x_wconf 97' lang='ita' dir='ltr'>scritto</span> <span class='ocrx_word' id='word_1_109' title='bbox 3730 2015 3806 2072; x_wconf 98' lang='ita' dir='ltr'>ed</span> <span class='ocrx_word' id='word_1_110' title='bbox 3843 2015 3876 2072; x_wconf 87' lang='ita' dir='ltr'>e</span> <span class='ocrx_word' id='word_1_111' title='bbox 3914 2014 4076 2072; x_wconf 93' lang='ita' dir='ltr'>forse</span> <span class='ocrx_word' id='word_1_112' title='bbox 4115 2015 4349 2089; x_wconf 97' lang='ita' dir='ltr'>l’opera</span> <span class='ocrx_word' id='word_1_113' title='bbox 4383 2014 4488 2089; x_wconf 88' lang='ita' dir='ltr'>più</span> 
     </span>
     <span class='ocr_line' id='line_1_12' title="bbox 707 2110 2365 2185; baseline 0 -17"><span class='ocrx_word' id='word_1_114' title='bbox 707 2110 936 2168; x_wconf 97' lang='ita' dir='ltr'>erudita</span> <span class='ocrx_word' id='word_1_115' title='bbox 959 2110 1070 2168; x_wconf 97' lang='ita' dir='ltr'>che</span> <span class='ocrx_word' id='word_1_116' title='bbox 1096 2110 1345 2178; x_wconf 93' lang='ita' dir='ltr'>abbiasi,</span> <span class='ocrx_word' id='word_1_117' title='bbox 1371 2129 1547 2185; x_wconf 96' lang='ita' dir='ltr'>presa</span> <span class='ocrx_word' id='word_1_118' title='bbox 1572 2119 1728 2168; x_wconf 96' lang='ita' dir='ltr'>sotto</span> <span class='ocrx_word' id='word_1_119' title='bbox 1754 2111 2035 2185; x_wconf 96' lang='ita' dir='ltr'>l’aspetto</span> <span class='ocrx_word' id='word_1_120' title='bbox 2063 2119 2365 2185; x_wconf 96' lang='ita' dir='ltr'>seguente.</span> 
     </span>
    </p>

    <p class='ocr_par' dir='ltr' id='par_1_8' title="bbox 699 2206 4488 2743">
     <span class='ocr_line' id='line_1_13' title="bbox 713 2206 4488 2280; baseline 0 -16"><span class='ocrx_word' id='word_1_121' title='bbox 713 2209 934 2264; x_wconf 84' lang='ita' dir='ltr'>Dieam</span> <span class='ocrx_word' id='word_1_122' title='bbox 959 2206 1196 2280; x_wconf 79' lang='ita' dir='ltr'>aliquid</span> <span class='ocrx_word' id='word_1_123' title='bbox 1218 2207 1293 2264; x_wconf 98' lang='ita' dir='ltr'>de</span> <span class='ocrx_word' id='word_1_124' title='bbox 1320 2206 1631 2264; x_wconf 78' lang='ita' dir='ltr'>coloribus</span> <span class='ocrx_word' id='word_1_125' title='bbox 1659 2209 1717 2264; x_wconf 98' lang='ita' dir='ltr'>in</span> <span class='ocrx_word' id='word_1_126' title='bbox 1744 2207 1861 2264; x_wconf 83' lang='ita' dir='ltr'>hoc</span> <span class='ocrx_word' id='word_1_127' title='bbox 1888 2206 2109 2274; x_wconf 83' lang='ita' dir='ltr'>libello,</span> <span class='ocrx_word' id='word_1_128' title='bbox 2142 2227 2264 2264; x_wconf 84' lang='ita' dir='ltr'>non</span> <span class='ocrx_word' id='word_1_129' title='bbox 2291 2207 2533 2280; x_wconf 79' lang='ita' dir='ltr'>quidem</span> <span class='ocrx_word' id='word_1_130' title='bbox 2560 2207 2716 2264; x_wconf 98' lang='ita' dir='ltr'>unde</span> <span class='ocrx_word' id='word_1_131' title='bbox 2743 2207 3160 2280; x_wconf 77' lang='ita' dir='ltr'>confieiantur,</span> <span class='ocrx_word' id='word_1_132' title='bbox 3193 2218 3300 2264; x_wconf 97' lang='ita' dir='ltr'>aut</span> <span class='ocrx_word' id='word_1_133' title='bbox 3323 2226 3480 2280; x_wconf 97' lang='ita' dir='ltr'>quae</span> <span class='ocrx_word' id='word_1_134' title='bbox 3506 2209 3584 2264; x_wconf 84' lang='ita' dir='ltr'>Sit</span> <span class='ocrx_word' id='word_1_135' title='bbox 3608 2226 3817 2264; x_wconf 77' lang='ita' dir='ltr'>eorum</span> <span class='ocrx_word' id='word_1_136' title='bbox 3842 2218 4075 2274; x_wconf 78' lang='ita' dir='ltr'>natura,</span> <span class='ocrx_word' id='word_1_137' title='bbox 4108 2226 4304 2280; x_wconf 86' lang='ita' dir='ltr'>neque</span> <span class='ocrx_word' id='word_1_138' title='bbox 4332 2209 4488 2264; x_wconf 86' lang='ita' dir='ltr'>enim</span> 
     </span>
     <span class='ocr_line' id='line_1_14' title="bbox 699 2301 4485 2375; baseline 0 -16"><span class='ocrx_word' id='word_1_139' title='bbox 699 2302 1041 2375; x_wconf 78' lang='ita' dir='ltr'>pietoribus</span> <span class='ocrx_word' id='word_1_140' title='bbox 1089 2302 1243 2359; x_wconf 83' lang='ita' dir='ltr'>haec</span> <span class='ocrx_word' id='word_1_141' title='bbox 1292 2302 1620 2369; x_wconf 78' lang='ita' dir='ltr'>traduntur,</span> <span class='ocrx_word' id='word_1_142' title='bbox 1675 2313 1782 2359; x_wconf 97' lang='ita' dir='ltr'>aut</span> <span class='ocrx_word' id='word_1_143' title='bbox 1819 2301 2208 2375; x_wconf 82' lang='ita' dir='ltr'>philosophis</span> <span class='ocrx_word' id='word_1_144' title='bbox 2255 2302 2366 2359; x_wconf 82' lang='ita' dir='ltr'>sed</span> <span class='ocrx_word' id='word_1_145' title='bbox 2412 2313 2639 2359; x_wconf 78' lang='ita' dir='ltr'>tantum</span> <span class='ocrx_word' id='word_1_146' title='bbox 2679 2301 3030 2375; x_wconf 83' lang='ita' dir='ltr'>philologis,</span> <span class='ocrx_word' id='word_1_147' title='bbox 3086 2304 3190 2375; x_wconf 97' lang='ita' dir='ltr'>qui</span> <span class='ocrx_word' id='word_1_148' title='bbox 3238 2301 3410 2359; x_wconf 78' lang='ita' dir='ltr'>latini</span> <span class='ocrx_word' id='word_1_149' title='bbox 3456 2304 3754 2359; x_wconf 78' lang='ita' dir='ltr'>sermonis</span> <span class='ocrx_word' id='word_1_150' title='bbox 3803 2301 4169 2375; x_wconf 87' lang='ita' dir='ltr'>elegantiam</span> <span class='ocrx_word' id='word_1_151' title='bbox 4216 2302 4485 2359; x_wconf 82' lang='ita' dir='ltr'>studiose</span> 
     </span>
     <span class='ocr_line' id='line_1_15' title="bbox 709 2397 4479 2471; baseline 0 -16"><span class='ocrx_word' id='word_1_152' title='bbox 709 2400 1027 2471; x_wconf 77' lang='ita' dir='ltr'>inquirunt.</span> <span class='ocrx_word' id='word_1_153' title='bbox 1075 2398 1349 2455; x_wconf 78' lang='ita' dir='ltr'>Seribam</span> <span class='ocrx_word' id='word_1_154' title='bbox 1389 2400 1593 2455; x_wconf 84' lang='ita' dir='ltr'>omnia</span> <span class='ocrx_word' id='word_1_155' title='bbox 1634 2398 1896 2455; x_wconf 78' lang='ita' dir='ltr'>breviter</span> <span class='ocrx_word' id='word_1_156' title='bbox 1933 2409 1991 2455; x_wconf 98' lang='ita' dir='ltr'>et</span> <span class='ocrx_word' id='word_1_157' title='bbox 2027 2409 2357 2455; x_wconf 77' lang='ita' dir='ltr'>aeeuratae</span> <span class='ocrx_word' id='word_1_158' title='bbox 2397 2417 2473 2455; x_wconf 84' lang='ita' dir='ltr'>ae</span> <span class='ocrx_word' id='word_1_159' title='bbox 2515 2417 2713 2455; x_wconf 77' lang='ita' dir='ltr'>rerum</span> <span class='ocrx_word' id='word_1_160' title='bbox 2756 2400 3023 2471; x_wconf 78' lang='ita' dir='ltr'>ipsarum</span> <span class='ocrx_word' id='word_1_161' title='bbox 3062 2400 3323 2465; x_wconf 84' lang='ita' dir='ltr'>nomina,</span> <span class='ocrx_word' id='word_1_162' title='bbox 3371 2418 3492 2471; x_wconf 84' lang='ita' dir='ltr'>quo</span> <span class='ocrx_word' id='word_1_163' title='bbox 3532 2400 3732 2455; x_wconf 81' lang='ita' dir='ltr'>statim</span> <span class='ocrx_word' id='word_1_164' title='bbox 3772 2397 4013 2455; x_wconf 77' lang='ita' dir='ltr'>colores</span> <span class='ocrx_word' id='word_1_165' title='bbox 4055 2397 4479 2471; x_wconf 77' lang='ita' dir='ltr'>intelliguntur,</span> 
     </span>
     <span class='ocr_line' id='line_1_16' title="bbox 706 2493 4487 2568; baseline -0 -17"><span class='ocrx_word' id='word_1_166' title='bbox 706 2493 962 2567; x_wconf 82' lang='ita' dir='ltr'>singulis</span> <span class='ocrx_word' id='word_1_167' title='bbox 990 2513 1311 2567; x_wconf 84' lang='ita' dir='ltr'>apponam.</span> <span class='ocrx_word' id='word_1_168' title='bbox 1347 2494 1721 2568; x_wconf 96' lang='ita' dir='ltr'>L’opuscolo</span> <span class='ocrx_word' id='word_1_169' title='bbox 1752 2494 1785 2551; x_wconf 87' lang='ita' dir='ltr'>e</span> <span class='ocrx_word' id='word_1_170' title='bbox 1814 2493 2012 2551; x_wconf 96' lang='ita' dir='ltr'>diviso</span> <span class='ocrx_word' id='word_1_171' title='bbox 2041 2493 2103 2550; x_wconf 98' lang='ita' dir='ltr'>in</span> <span class='ocrx_word' id='word_1_172' title='bbox 2138 2494 2207 2551; x_wconf 96' lang='ita'>13</span> <span class='ocrx_word' id='word_1_173' title='bbox 2240 2493 2504 2568; x_wconf 91' lang='ita' dir='ltr'>capitoli,</span> <span class='ocrx_word' id='word_1_174' title='bbox 2536 2493 2798 2551; x_wconf 99' lang='ita' dir='ltr'>l’ultimo</span> <span class='ocrx_word' id='word_1_175' title='bbox 2828 2494 2924 2551; x_wconf 99' lang='ita' dir='ltr'>de’</span> <span class='ocrx_word' id='word_1_176' title='bbox 2960 2493 3122 2568; x_wconf 92' lang='ita' dir='ltr'>quali</span> <span class='ocrx_word' id='word_1_177' title='bbox 3151 2494 3184 2551; x_wconf 87' lang='ita' dir='ltr'>e</span> <span class='ocrx_word' id='word_1_178' title='bbox 3213 2502 3565 2551; x_wconf 96' lang='ita' dir='ltr'>consecrato</span> <span class='ocrx_word' id='word_1_179' title='bbox 3596 2493 3951 2568; x_wconf 96' lang='ita' dir='ltr'>all’epilogo</span> <span class='ocrx_word' id='word_1_180' title='bbox 3981 2494 4141 2551; x_wconf 98' lang='ita' dir='ltr'>della</span> <span class='ocrx_word' id='word_1_181' title='bbox 4168 2493 4430 2551; x_wconf 97' lang='ita' dir='ltr'>materia.</span> <span class='ocrx_word' id='word_1_182' title='bbox 4462 2495 4487 2550; x_wconf 90' lang='ita' dir='ltr'>I</span> 
     </span>
     <span class='ocr_line' id='line_1_17' title="bbox 705 2589 4486 2664; baseline 0 -17"><span class='ocrx_word' id='word_1_183' title='bbox 705 2589 883 2664; x_wconf 98' lang='ita' dir='ltr'>primi</span> <span class='ocrx_word' id='word_1_184' title='bbox 911 2590 1027 2647; x_wconf 98' lang='ita' dir='ltr'>due</span> <span class='ocrx_word' id='word_1_185' title='bbox 1056 2589 1315 2664; x_wconf 93' lang='ita' dir='ltr'>foglietti</span> <span class='ocrx_word' id='word_1_186' title='bbox 1343 2598 1728 2664; x_wconf 96' lang='ita' dir='ltr'>contengono</span> <span class='ocrx_word' id='word_1_187' title='bbox 1757 2589 2024 2647; x_wconf 92' lang='ita' dir='ltr'>l’indice:</span> <span class='ocrx_word' id='word_1_188' title='bbox 2056 2589 2100 2646; x_wconf 99' lang='ita' dir='ltr'>il</span> <span class='ocrx_word' id='word_1_189' title='bbox 2126 2598 2383 2647; x_wconf 96' lang='ita' dir='ltr'>restante</span> <span class='ocrx_word' id='word_1_190' title='bbox 2410 2589 2472 2646; x_wconf 98' lang='ita' dir='ltr'>in</span> <span class='ocrx_word' id='word_1_191' title='bbox 2499 2598 2671 2647; x_wconf 91' lang='ita' dir='ltr'>testo:</span> <span class='ocrx_word' id='word_1_192' title='bbox 2704 2589 2766 2646; x_wconf 98' lang='ita' dir='ltr'>in</span> <span class='ocrx_word' id='word_1_193' title='bbox 2792 2598 2941 2647; x_wconf 99' lang='ita' dir='ltr'>tutto</span> <span class='ocrx_word' id='word_1_194' title='bbox 2972 2608 3122 2647; x_wconf 98' lang='ita' dir='ltr'>sono</span> <span class='ocrx_word' id='word_1_195' title='bbox 3151 2589 3509 2664; x_wconf 92' lang='ita' dir='ltr'>quattordici</span> <span class='ocrx_word' id='word_1_196' title='bbox 3537 2589 3814 2664; x_wconf 93' lang='ita' dir='ltr'>foglietti,</span> <span class='ocrx_word' id='word_1_197' title='bbox 3845 2589 3943 2647; x_wconf 99' lang='ita' dir='ltr'>dei</span> <span class='ocrx_word' id='word_1_198' title='bbox 3971 2589 4133 2664; x_wconf 92' lang='ita' dir='ltr'>quali</span> <span class='ocrx_word' id='word_1_199' title='bbox 4161 2589 4424 2647; x_wconf 99' lang='ita' dir='ltr'>l’ultimo</span> <span class='ocrx_word' id='word_1_200' title='bbox 4453 2590 4486 2647; x_wconf 86' lang='ita' dir='ltr'>è</span> 
     </span>
     <span class='ocr_line' id='line_1_18' title="bbox 705 2685 942 2743; baseline 0.004 -1"><span class='ocrx_word' id='word_1_201' title='bbox 705 2685 942 2743; x_wconf 97' lang='ita' dir='ltr'>bianco.</span> 
     </span>
    </p>
   </div>
   <div class='ocr_carea' id='block_1_8' title="bbox 475 2900 4284 3086">
    <p class='ocr_par' dir='ltr' id='par_1_9' title="bbox 475 2900 4284 3086">
     <span class='ocr_line' id='line_1_19' title="bbox 475 2900 4165 2990; baseline 0 -22"><span class='ocrx_word' id='word_1_202' title='bbox 475 2901 640 2969; x_wconf 88' lang='ita'>217.</span> <span class='ocrx_word' id='word_1_203' title='bbox 674 2902 1142 2969; x_wconf 88' lang='ita' dir='ltr'>TILLEMANO</span> <span class='ocrx_word' id='word_1_204' title='bbox 1167 2900 1341 2969; x_wconf 91' lang='ita' dir='ltr'>Paul</span> <span class='ocrx_word' id='word_1_205' title='bbox 1370 2902 1613 2982; x_wconf 91' lang='ita' dir='ltr'>Henr.,</span> <span class='ocrx_word' id='word_1_206' title='bbox 1646 2902 1758 2969; x_wconf 94' lang='ita' dir='ltr'>De</span> <span class='ocrx_word' id='word_1_207' title='bbox 1788 2922 1876 2969; x_wconf 97' lang='ita' dir='ltr'>eo</span> <span class='ocrx_word' id='word_1_208' title='bbox 1906 2900 2103 2990; x_wconf 94' lang='ita' dir='ltr'>quod</span> <span class='ocrx_word' id='word_1_209' title='bbox 2131 2900 2401 2969; x_wconf 90' lang='ita' dir='ltr'>iustum</span> <span class='ocrx_word' id='word_1_210' title='bbox 2430 2911 2539 2969; x_wconf 92' lang='ita' dir='ltr'>est</span> <span class='ocrx_word' id='word_1_211' title='bbox 2567 2900 2757 2969; x_wconf 90' lang='ita' dir='ltr'>circa</span> <span class='ocrx_word' id='word_1_212' title='bbox 2784 2900 3201 2982; x_wconf 90' lang='ita' dir='ltr'>nuditatem,</span> <span class='ocrx_word' id='word_1_213' title='bbox 3233 2902 3452 2969; x_wconf 84' lang='ita' dir='ltr'>Jenae</span> <span class='ocrx_word' id='word_1_214' title='bbox 3491 2900 3699 2982; x_wconf 98' lang='ita'>1692,</span> <span class='ocrx_word' id='word_1_215' title='bbox 3732 2900 3806 2968; x_wconf 90' lang='ita' dir='ltr'>in</span> <span class='ocrx_word' id='word_1_216' title='bbox 3834 2901 3902 2982; x_wconf 92' lang='ita'>4,</span> <span class='ocrx_word' id='word_1_217' title='bbox 3934 2902 4019 2968; x_wconf 93' lang='ita' dir='ltr'>M</span> <span class='ocrx_word' id='word_1_218' title='bbox 4048 2900 4165 2969; x_wconf 87' lang='ita'>45.</span> 
     </span>
     <span class='ocr_line' id='line_1_20' title="bbox 713 3011 4284 3086; baseline 0 -17"><span class='ocrx_word' id='word_1_219' title='bbox 713 3012 940 3083; x_wconf 89' lang='ita' dir='ltr'>Questa</span> <span class='ocrx_word' id='word_1_220' title='bbox 963 3012 996 3069; x_wconf 87' lang='ita' dir='ltr'>e</span> <span class='ocrx_word' id='word_1_221' title='bbox 1021 3030 1139 3069; x_wconf 98' lang='ita' dir='ltr'>una</span> <span class='ocrx_word' id='word_1_222' title='bbox 1162 3011 1593 3069; x_wconf 96' lang='ita' dir='ltr'>dissertazione</span> <span class='ocrx_word' id='word_1_223' title='bbox 1618 3012 1761 3069; x_wconf 97' lang='ita' dir='ltr'>letta</span> <span class='ocrx_word' id='word_1_224' title='bbox 1783 3011 2262 3069; x_wconf 82' lang='ita' dir='ltr'>nell’ubiversità</span> <span class='ocrx_word' id='word_1_225' title='bbox 2285 3012 2362 3069; x_wconf 98' lang='ita' dir='ltr'>da</span> <span class='ocrx_word' id='word_1_226' title='bbox 2386 3012 2602 3069; x_wconf 97' lang='ita' dir='ltr'>alcuno</span> <span class='ocrx_word' id='word_1_227' title='bbox 2628 3011 2726 3069; x_wconf 99' lang='ita' dir='ltr'>dei</span> <span class='ocrx_word' id='word_1_228' title='bbox 2751 3011 2996 3086; x_wconf 86' lang='ita' dir='ltr'>giovani</span> <span class='ocrx_word' id='word_1_229' title='bbox 3023 3011 3281 3069; x_wconf 98' lang='ita' dir='ltr'>studenti</span> <span class='ocrx_word' id='word_1_230' title='bbox 3307 3011 3569 3069; x_wconf 98' lang='ita' dir='ltr'>assistito</span> <span class='ocrx_word' id='word_1_231' title='bbox 3595 3012 3693 3069; x_wconf 97' lang='ita' dir='ltr'>dal</span> <span class='ocrx_word' id='word_1_232' title='bbox 3718 3011 3898 3069; x_wconf 97' lang='ita' dir='ltr'>citato</span> <span class='ocrx_word' id='word_1_233' title='bbox 3922 3011 4284 3086; x_wconf 93' lang='ita' dir='ltr'>professore.</span> 
     </span>
    </p>
   </div>
   <div class='ocr_carea' id='block_1_9' title="bbox 475 3225 4486 3430">
    <p class='ocr_par' dir='ltr' id='par_1_10' title="bbox 475 3225 4486 3430">
     <span class='ocr_line' id='line_1_21' title="bbox 475 3225 4486 3315; baseline 0 -22"><span class='ocrx_word' id='word_1_234' title='bbox 475 3226 640 3294; x_wconf 88' lang='ita'>218.</span> <span class='ocrx_word' id='word_1_235' title='bbox 676 3227 1004 3307; x_wconf 89' lang='ita' dir='ltr'>TINGRY,</span> <span class='ocrx_word' id='word_1_236' title='bbox 1034 3225 1269 3294; x_wconf 85' lang='ita' dir='ltr'>Traité</span> <span class='ocrx_word' id='word_1_237' title='bbox 1299 3225 1674 3315; x_wconf 85' lang='ita' dir='ltr'>théorique</span> <span class='ocrx_word' id='word_1_238' title='bbox 1706 3236 1775 3294; x_wconf 92' lang='ita' dir='ltr'>et</span> <span class='ocrx_word' id='word_1_239' title='bbox 1803 3225 2128 3315; x_wconf 90' lang='ita' dir='ltr'>pratique</span> <span class='ocrx_word' id='word_1_240' title='bbox 2162 3247 2279 3294; x_wconf 91' lang='ita' dir='ltr'>sur</span> <span class='ocrx_word' id='word_1_241' title='bbox 2308 3225 2473 3294; x_wconf 90' lang='ita' dir='ltr'>l’art</span> <span class='ocrx_word' id='word_1_242' title='bbox 2504 3225 2593 3294; x_wconf 97' lang='ita' dir='ltr'>de</span> <span class='ocrx_word' id='word_1_243' title='bbox 2624 3225 2803 3294; x_wconf 85' lang='ita' dir='ltr'>faire</span> <span class='ocrx_word' id='word_1_244' title='bbox 2835 3236 2904 3294; x_wconf 92' lang='ita' dir='ltr'>et</span> <span class='ocrx_word' id='word_1_245' title='bbox 2934 3225 3392 3315; x_wconf 90' lang='ita' dir='ltr'>d’appliquer</span> <span class='ocrx_word' id='word_1_246' title='bbox 3421 3225 3528 3294; x_wconf 97' lang='ita' dir='ltr'>les</span> <span class='ocrx_word' id='word_1_247' title='bbox 3561 3225 3822 3307; x_wconf 90' lang='ita' dir='ltr'>vernis,</span> <span class='ocrx_word' id='word_1_248' title='bbox 3858 3226 4158 3294; x_wconf 85' lang='ita' dir='ltr'>Geneve</span> <span class='ocrx_word' id='word_1_249' title='bbox 4198 3226 4406 3307; x_wconf 95' lang='ita'>1803,</span> <span class='ocrx_word' id='word_1_250' title='bbox 4442 3226 4486 3293; x_wconf 99' lang='ita'>2</span> 
     </span>
     <span class='ocr_line' id='line_1_22' title="bbox 707 3340 1239 3430; baseline -0.002 -21"><span class='ocrx_word' id='word_1_251' title='bbox 707 3340 877 3422; x_wconf 97' lang='ita' dir='ltr'>vol.,</span> <span class='ocrx_word' id='word_1_252' title='bbox 910 3340 984 3408; x_wconf 90' lang='ita' dir='ltr'>in</span> <span class='ocrx_word' id='word_1_253' title='bbox 1017 3341 1080 3422; x_wconf 88' lang='ita'>8,</span> <span class='ocrx_word' id='word_1_254' title='bbox 1113 3340 1239 3430; x_wconf 90' lang='ita' dir='ltr'>fig.</span> 
     </span>
    </p>
   </div>
   <div class='ocr_carea' id='block_1_10' title="bbox 708 3451 2126 3526">
    <p class='ocr_par' dir='ltr' id='par_1_11' title="bbox 708 3451 2126 3526">
     <span class='ocr_line' id='line_1_23' title="bbox 708 3451 2126 3526; baseline 0 -17"><span class='ocrx_word' id='word_1_255' title='bbox 708 3452 935 3523; x_wconf 89' lang='ita' dir='ltr'>Questa</span> <span class='ocrx_word' id='word_1_256' title='bbox 958 3452 991 3509; x_wconf 87' lang='ita' dir='ltr'>e</span> <span class='ocrx_word' id='word_1_257' title='bbox 1016 3451 1338 3509; x_wconf 98' lang='ita' dir='ltr'>un’ottima</span> <span class='ocrx_word' id='word_1_258' title='bbox 1361 3470 1545 3526; x_wconf 97' lang='ita' dir='ltr'>opera</span> <span class='ocrx_word' id='word_1_259' title='bbox 1567 3451 1629 3508; x_wconf 98' lang='ita' dir='ltr'>in</span> <span class='ocrx_word' id='word_1_260' title='bbox 1653 3460 1865 3526; x_wconf 98' lang='ita' dir='ltr'>questo</span> <span class='ocrx_word' id='word_1_261' title='bbox 1891 3470 2126 3526; x_wconf 96' lang='ita' dir='ltr'>genere.</span> 
     </span>
    </p>
   </div>
   <div class='ocr_carea' id='block_1_11' title="bbox 475 3666 3017 3852">
    <p class='ocr_par' dir='ltr' id='par_1_12' title="bbox 475 3666 3017 3852">
     <span class='ocr_line' id='line_1_24' title="bbox 475 3666 3017 3756; baseline 0 -22"><span class='ocrx_word' id='word_1_262' title='bbox 475 3667 640 3736; x_wconf 98' lang='ita'>219.</span> <span class='ocrx_word' id='word_1_263' title='bbox 674 3668 1131 3735; x_wconf 88' lang='ita' dir='ltr'>TOMASELLI</span> <span class='ocrx_word' id='word_1_264' title='bbox 1155 3666 1549 3756; x_wconf 91' lang='ita' dir='ltr'>Giuseppe,</span> <span class='ocrx_word' id='word_1_265' title='bbox 1582 3666 1796 3735; x_wconf 90' lang='ita' dir='ltr'>Della</span> <span class='ocrx_word' id='word_1_266' title='bbox 1824 3666 2245 3756; x_wconf 90' lang='ita' dir='ltr'>cerografia,</span> <span class='ocrx_word' id='word_1_267' title='bbox 2278 3668 2571 3735; x_wconf 90' lang='ita' dir='ltr'>Verona</span> <span class='ocrx_word' id='word_1_268' title='bbox 2607 3666 2815 3748; x_wconf 96' lang='ita'>1785,</span> <span class='ocrx_word' id='word_1_269' title='bbox 2848 3666 2922 3734; x_wconf 90' lang='ita' dir='ltr'>in</span> <span class='ocrx_word' id='word_1_270' title='bbox 2955 3667 3017 3735; x_wconf 99' lang='ita'>8.</span> 
     </span>
     <span class='ocr_line' id='line_1_25' title="bbox 711 3777 2949 3852; baseline 0 -18"><span class='ocrx_word' id='word_1_271' title='bbox 711 3777 1059 3852; x_wconf 91' lang='ita' dir='ltr'>Impugnasi</span> <span class='ocrx_word' id='word_1_272' title='bbox 1083 3777 1145 3834; x_wconf 98' lang='ita' dir='ltr'>in</span> <span class='ocrx_word' id='word_1_273' title='bbox 1169 3778 1557 3852; x_wconf 96' lang='ita' dir='ltr'>quest’opera</span> <span class='ocrx_word' id='word_1_274' title='bbox 1579 3777 1622 3834; x_wconf 99' lang='ita' dir='ltr'>il</span> <span class='ocrx_word' id='word_1_275' title='bbox 1647 3778 1893 3835; x_wconf 99' lang='ita' dir='ltr'>metodo</span> <span class='ocrx_word' id='word_1_276' title='bbox 1917 3777 2266 3852; x_wconf 97' lang='ita' dir='ltr'>pubblicato</span> <span class='ocrx_word' id='word_1_277' title='bbox 2291 3778 2615 3835; x_wconf 97' lang='ita' dir='ltr'>dall’abate</span> <span class='ocrx_word' id='word_1_278' title='bbox 2639 3779 2949 3852; x_wconf 92' lang='ita' dir='ltr'>Requeno.</span> 
     </span>
    </p>
   </div>
   <div class='ocr_carea' id='block_1_12' title="bbox 475 3990 4488 4197">
    <p class='ocr_par' dir='ltr' id='par_1_13' title="bbox 475 3990 4488 4197">
     <span class='ocr_line' id='line_1_26' title="bbox 475 3990 4485 4082; baseline 0 -22"><span class='ocrx_word' id='word_1_279' title='bbox 475 3993 640 4061; x_wconf 89' lang='ita'>220.</span> <span class='ocrx_word' id='word_1_280' title='bbox 677 3990 967 4060; x_wconf 89' lang='ita' dir='ltr'>TRAITÉ</span> <span class='ocrx_word' id='word_1_281' title='bbox 993 3992 1082 4061; x_wconf 97' lang='ita' dir='ltr'>de</span> <span class='ocrx_word' id='word_1_282' title='bbox 1114 3992 1516 4082; x_wconf 90' lang='ita' dir='ltr'>mignature</span> <span class='ocrx_word' id='word_1_283' title='bbox 1547 4014 1729 4082; x_wconf 90' lang='ita' dir='ltr'>pour</span> <span class='ocrx_word' id='word_1_284' title='bbox 1761 3992 2154 4082; x_wconf 90' lang='ita' dir='ltr'>apprendre</span> <span class='ocrx_word' id='word_1_285' title='bbox 2188 3992 2540 4061; x_wconf 90' lang='ita' dir='ltr'>aisement</span> <span class='ocrx_word' id='word_1_286' title='bbox 2572 3993 2612 4061; x_wconf 83' lang='ita' dir='ltr'><strong>à</strong></span> <span class='ocrx_word' id='word_1_287' title='bbox 2641 3992 2937 4082; x_wconf 91' lang='ita' dir='ltr'>peindre</span> <span class='ocrx_word' id='word_1_288' title='bbox 2972 4014 3135 4061; x_wconf 90' lang='ita' dir='ltr'>sans</span> <span class='ocrx_word' id='word_1_289' title='bbox 3169 3993 3441 4074; x_wconf 90' lang='ita' dir='ltr'>maître,</span> <span class='ocrx_word' id='word_1_290' title='bbox 3479 4014 3654 4061; x_wconf 82' lang='ita' dir='ltr'>avec</span> <span class='ocrx_word' id='word_1_291' title='bbox 3687 3992 3755 4061; x_wconf 98' lang='ita' dir='ltr'>le</span> <span class='ocrx_word' id='word_1_292' title='bbox 3790 3993 4018 4061; x_wconf 86' lang='ita' dir='ltr'>secret</span> <span class='ocrx_word' id='word_1_293' title='bbox 4049 3992 4138 4061; x_wconf 97' lang='ita' dir='ltr'>de</span> <span class='ocrx_word' id='word_1_294' title='bbox 4170 3992 4348 4061; x_wconf 85' lang='ita' dir='ltr'>faire</span> <span class='ocrx_word' id='word_1_295' title='bbox 4380 3992 4485 4061; x_wconf 97' lang='ita' dir='ltr'>les</span> 
     </span>
     <span class='ocr_line' id='line_1_27' title="bbox 706 4107 4488 4197; baseline 0 -21"><span class='ocrx_word' id='word_1_296' title='bbox 706 4107 868 4197; x_wconf 97' lang='ita' dir='ltr'>plus</span> <span class='ocrx_word' id='word_1_297' title='bbox 909 4109 1002 4197; x_wconf 92' lang='ita' dir='ltr'>[p.</span> <span class='ocrx_word' id='word_1_298' title='bbox 1041 4107 1160 4190; x_wconf 91' lang='ita'>36]</span> <span class='ocrx_word' id='word_1_299' title='bbox 1198 4107 1427 4176; x_wconf 97' lang='ita' dir='ltr'>belles</span> <span class='ocrx_word' id='word_1_300' title='bbox 1462 4107 1793 4176; x_wconf 91' lang='ita' dir='ltr'>couleurs</span> <span class='ocrx_word' id='word_1_301' title='bbox 1828 4107 1991 4176; x_wconf 91' lang='ita' dir='ltr'>d’or</span> <span class='ocrx_word' id='word_1_302' title='bbox 2019 4107 2251 4197; x_wconf 87' lang='ita' dir='ltr'>bruny</span> <span class='ocrx_word' id='word_1_303' title='bbox 2284 4118 2353 4176; x_wconf 92' lang='ita' dir='ltr'>et</span> <span class='ocrx_word' id='word_1_304' title='bbox 2384 4107 2547 4176; x_wconf 91' lang='ita' dir='ltr'>d’or</span> <span class='ocrx_word' id='word_1_305' title='bbox 2579 4129 2668 4176; x_wconf 95' lang='ita' dir='ltr'>en</span> <span class='ocrx_word' id='word_1_306' title='bbox 2701 4107 3040 4197; x_wconf 90' lang='ita' dir='ltr'>coquille:</span> <span class='ocrx_word' id='word_1_307' title='bbox 3082 4107 3386 4176; x_wconf 77' lang='ita' dir='ltr'>sixieme</span> <span class='ocrx_word' id='word_1_308' title='bbox 3419 4107 3692 4176; x_wconf 85' lang='ita' dir='ltr'>édition</span> <span class='ocrx_word' id='word_1_309' title='bbox 3726 4129 3901 4176; x_wconf 90' lang='ita' dir='ltr'>avec</span> <span class='ocrx_word' id='word_1_310' title='bbox 3933 4129 4030 4176; x_wconf 95' lang='ita' dir='ltr'>un</span> <span class='ocrx_word' id='word_1_311' title='bbox 4061 4107 4263 4176; x_wconf 85' lang='ita' dir='ltr'>traité</span> <span class='ocrx_word' id='word_1_312' title='bbox 4296 4107 4386 4176; x_wconf 98' lang='ita' dir='ltr'>de</span> <span class='ocrx_word' id='word_1_313' title='bbox 4418 4107 4488 4176; x_wconf 91' lang='ita' dir='ltr'>la</span> 
     </span>
    </p>
   </div>
   <div class='ocr_carea' id='block_1_13' title="bbox 706 4222 4488 4599">
    <p class='ocr_par' dir='ltr' id='par_1_14' title="bbox 706 4222 3408 4312">
     <span class='ocr_line' id='line_1_28' title="bbox 706 4222 3408 4312; baseline -0 -21"><span class='ocrx_word' id='word_1_314' title='bbox 706 4222 1030 4312; x_wconf 90' lang='ita' dir='ltr'>peinture</span> <span class='ocrx_word' id='word_1_315' title='bbox 1060 4244 1163 4291; x_wconf 98' lang='ita' dir='ltr'>ec.</span> <span class='ocrx_word' id='word_1_316' title='bbox 1199 4233 1268 4291; x_wconf 92' lang='ita' dir='ltr'>et</span> <span class='ocrx_word' id='word_1_317' title='bbox 1294 4244 1391 4291; x_wconf 95' lang='ita' dir='ltr'>un</span> <span class='ocrx_word' id='word_1_318' title='bbox 1421 4222 1748 4291; x_wconf 90' lang='ita' dir='ltr'>discours</span> <span class='ocrx_word' id='word_1_319' title='bbox 1778 4244 1960 4312; x_wconf 90' lang='ita' dir='ltr'>pour</span> <span class='ocrx_word' id='word_1_320' title='bbox 1986 4222 2282 4312; x_wconf 91' lang='ita' dir='ltr'>peindre</span> <span class='ocrx_word' id='word_1_321' title='bbox 2314 4223 2354 4291; x_wconf 83' lang='ita' dir='ltr'><strong>à</strong></span> <span class='ocrx_word' id='word_1_322' title='bbox 2381 4222 2692 4312; x_wconf 91' lang='ita' dir='ltr'>fresque,</span> <span class='ocrx_word' id='word_1_323' title='bbox 2725 4222 2910 4291; x_wconf 91' lang='ita' dir='ltr'>Lion</span> <span class='ocrx_word' id='word_1_324' title='bbox 2948 4222 3156 4304; x_wconf 95' lang='ita'>1693,</span> <span class='ocrx_word' id='word_1_325' title='bbox 3189 4222 3263 4290; x_wconf 90' lang='ita' dir='ltr'>in</span> <span class='ocrx_word' id='word_1_326' title='bbox 3301 4223 3408 4291; x_wconf 99' lang='ita'>12.</span> 
     </span>
    </p>

    <p class='ocr_par' dir='ltr' id='par_1_15' title="bbox 707 4316 4488 4599">
     <span class='ocr_line' id='line_1_29' title="bbox 715 4316 4488 4408; baseline 0 -17"><span class='ocrx_word' id='word_1_327' title='bbox 715 4316 763 4390; x_wconf 87' lang='ita' dir='ltr'>È</span> <span class='ocrx_word' id='word_1_328' title='bbox 792 4333 1145 4391; x_wconf 97' lang='ita' dir='ltr'>incredibile</span> <span class='ocrx_word' id='word_1_329' title='bbox 1175 4352 1351 4391; x_wconf 97' lang='ita' dir='ltr'>come</span> <span class='ocrx_word' id='word_1_330' title='bbox 1381 4333 1577 4408; x_wconf 96' lang='ita' dir='ltr'>questi</span> <span class='ocrx_word' id='word_1_331' title='bbox 1607 4333 1826 4391; x_wconf 99' lang='ita' dir='ltr'>libretti</span> <span class='ocrx_word' id='word_1_332' title='bbox 1858 4333 2027 4391; x_wconf 96' lang='ita' dir='ltr'>siano</span> <span class='ocrx_word' id='word_1_333' title='bbox 2060 4333 2193 4391; x_wconf 96' lang='ita' dir='ltr'>stati</span> <span class='ocrx_word' id='word_1_334' title='bbox 2222 4333 2460 4391; x_wconf 97' lang='ita' dir='ltr'>tradotti</span> <span class='ocrx_word' id='word_1_335' title='bbox 2490 4352 2523 4391; x_wconf 99' lang='ita' dir='ltr'>e</span> <span class='ocrx_word' id='word_1_336' title='bbox 2551 4333 2883 4408; x_wconf 96' lang='ita' dir='ltr'>ristampati</span> <span class='ocrx_word' id='word_1_337' title='bbox 2914 4352 3058 4408; x_wconf 96' lang='ita' dir='ltr'>gran</span> <span class='ocrx_word' id='word_1_338' title='bbox 3087 4352 3338 4391; x_wconf 99' lang='ita' dir='ltr'>numero</span> <span class='ocrx_word' id='word_1_339' title='bbox 3369 4333 3430 4391; x_wconf 99' lang='ita' dir='ltr'>di</span> <span class='ocrx_word' id='word_1_340' title='bbox 3460 4334 3622 4391; x_wconf 98' lang='ita' dir='ltr'>volte</span> <span class='ocrx_word' id='word_1_341' title='bbox 3650 4352 3758 4408; x_wconf 97' lang='ita' dir='ltr'>per</span> <span class='ocrx_word' id='word_1_342' title='bbox 3785 4333 3828 4390; x_wconf 99' lang='ita' dir='ltr'>il</span> <span class='ocrx_word' id='word_1_343' title='bbox 3856 4352 4016 4408; x_wconf 97' lang='ita' dir='ltr'>poco</span> <span class='ocrx_word' id='word_1_344' title='bbox 4047 4334 4177 4391; x_wconf 99' lang='ita' dir='ltr'>loro</span> <span class='ocrx_word' id='word_1_345' title='bbox 4206 4352 4425 4408; x_wconf 97' lang='ita' dir='ltr'>prezzo</span> <span class='ocrx_word' id='word_1_346' title='bbox 4455 4352 4488 4391; x_wconf 99' lang='ita' dir='ltr'>e</span> 
     </span>
     <span class='ocr_line' id='line_1_30' title="bbox 707 4429 4487 4501; baseline 0 -14"><span class='ocrx_word' id='word_1_347' title='bbox 707 4430 1164 4487; x_wconf 98' lang='ita' dir='ltr'>l’allettamento</span> <span class='ocrx_word' id='word_1_348' title='bbox 1194 4430 1292 4487; x_wconf 99' lang='ita' dir='ltr'>del</span> <span class='ocrx_word' id='word_1_349' title='bbox 1321 4430 1451 4487; x_wconf 99' lang='ita' dir='ltr'>loro</span> <span class='ocrx_word' id='word_1_350' title='bbox 1479 4429 1651 4487; x_wconf 98' lang='ita' dir='ltr'>titolo</span> <span class='ocrx_word' id='word_1_351' title='bbox 1681 4429 2095 4487; x_wconf 93' lang='ita' dir='ltr'>frivolissimo.</span> <span class='ocrx_word' id='word_1_352' title='bbox 2129 4430 2359 4501; x_wconf 88' lang='ita' dir='ltr'>Questo</span> <span class='ocrx_word' id='word_1_353' title='bbox 2389 4429 2542 4487; x_wconf 98' lang='ita' dir='ltr'>libro</span> <span class='ocrx_word' id='word_1_354' title='bbox 2571 4448 2693 4487; x_wconf 99' lang='ita' dir='ltr'>non</span> <span class='ocrx_word' id='word_1_355' title='bbox 2721 4429 2885 4487; x_wconf 97' lang='ita' dir='ltr'>varia</span> <span class='ocrx_word' id='word_1_356' title='bbox 2912 4429 3023 4487; x_wconf 97' lang='ita' dir='ltr'>che</span> <span class='ocrx_word' id='word_1_357' title='bbox 3051 4430 3149 4487; x_wconf 99' lang='ita' dir='ltr'>nel</span> <span class='ocrx_word' id='word_1_358' title='bbox 3177 4429 3349 4487; x_wconf 98' lang='ita' dir='ltr'>titolo</span> <span class='ocrx_word' id='word_1_359' title='bbox 3379 4430 3697 4487; x_wconf 97' lang='ita' dir='ltr'>dall’altro.</span> <span class='ocrx_word' id='word_1_360' title='bbox 3729 4429 3824 4487; x_wconf 97' lang='ita' dir='ltr'>V5</span> <span class='ocrx_word' id='word_1_361' title='bbox 3835 4429 4139 4487; x_wconf 96' lang='ita' dir='ltr'>87111edi</span> <span class='ocrx_word' id='word_1_362' title='bbox 4165 4429 4384 4487; x_wconf 82' lang='ita' dir='ltr'>Escole</span> <span class='ocrx_word' id='word_1_363' title='bbox 4413 4430 4487 4487; x_wconf 97' lang='ita' dir='ltr'>de</span> 
     </span>
     <span class='ocr_line' id='line_1_31' title="bbox 708 4525 1145 4599; baseline 0 -16"><span class='ocrx_word' id='word_1_364' title='bbox 708 4525 767 4583; x_wconf 90' lang='ita' dir='ltr'>la</span> <span class='ocrx_word' id='word_1_365' title='bbox 792 4528 1145 4599; x_wconf 77' lang='ita' dir='ltr'>mignature.</span> 
     </span>
    </p>
   </div>
   <div class='ocr_carea' id='block_1_14' title="bbox 475 4739 4482 4829">
    <p class='ocr_par' dir='ltr' id='par_1_16' title="bbox 475 4739 4482 4829">
     <span class='ocr_line' id='line_1_32' title="bbox 475 4739 4482 4829; baseline 0 -22"><span class='ocrx_word' id='word_1_366' title='bbox 475 4740 640 4808; x_wconf 99' lang='ita'>221.</span> <span class='ocrx_word' id='word_1_367' title='bbox 674 4741 1099 4808; x_wconf 91' lang='ita' dir='ltr'>TRATTATO</span> <span class='ocrx_word' id='word_1_368' title='bbox 1125 4739 1242 4808; x_wconf 97' lang='ita' dir='ltr'>del</span> <span class='ocrx_word' id='word_1_369' title='bbox 1272 4739 1578 4829; x_wconf 90' lang='ita' dir='ltr'>disegno</span> <span class='ocrx_word' id='word_1_370' title='bbox 1609 4739 1800 4808; x_wconf 92' lang='ita' dir='ltr'>della</span> <span class='ocrx_word' id='word_1_371' title='bbox 1826 4739 2086 4829; x_wconf 91' lang='ita' dir='ltr'>pittura</span> <span class='ocrx_word' id='word_1_372' title='bbox 2113 4739 2187 4807; x_wconf 90' lang='ita' dir='ltr'>in</span> <span class='ocrx_word' id='word_1_373' title='bbox 2216 4739 2616 4808; x_wconf 90' lang='ita' dir='ltr'>miniatura.</span> <span class='ocrx_word' id='word_1_374' title='bbox 2649 4739 3079 4829; x_wconf 86' lang='ita' dir='ltr'>Aggiuntivi</span> <span class='ocrx_word' id='word_1_375' title='bbox 3111 4761 3373 4808; x_wconf 90' lang='ita' dir='ltr'>ancora</span> <span class='ocrx_word' id='word_1_376' title='bbox 3400 4739 3423 4807; x_wconf 90' lang='ita' dir='ltr'>i</span> <span class='ocrx_word' id='word_1_377' title='bbox 3453 4739 3960 4808; x_wconf 90' lang='ita' dir='ltr'>trattenimenti</span> <span class='ocrx_word' id='word_1_378' title='bbox 3993 4739 4177 4808; x_wconf 90' lang='ita' dir='ltr'>sulla</span> <span class='ocrx_word' id='word_1_379' title='bbox 4203 4739 4482 4829; x_wconf 90' lang='ita' dir='ltr'>pittura,</span> 
     </span>
    </p>
   </div>
   <div class='ocr_carea' id='block_1_15' title="bbox 706 4854 4024 5040">
    <p class='ocr_par' dir='ltr' id='par_1_17' title="bbox 706 4854 4024 5040">
     <span class='ocr_line' id='line_1_33' title="bbox 708 4854 3894 4944; baseline 0 -21"><span class='ocrx_word' id='word_1_380' title='bbox 708 4854 905 4923; x_wconf 90' lang='ita' dir='ltr'>ossia</span> <span class='ocrx_word' id='word_1_381' title='bbox 932 4854 1002 4923; x_wconf 91' lang='ita' dir='ltr'>la</span> <span class='ocrx_word' id='word_1_382' title='bbox 1029 4854 1410 4923; x_wconf 90' lang='ita' dir='ltr'>verissima</span> <span class='ocrx_word' id='word_1_383' title='bbox 1437 4854 1757 4923; x_wconf 90' lang='ita' dir='ltr'>maniera</span> <span class='ocrx_word' id='word_1_384' title='bbox 1785 4854 1857 4923; x_wconf 91' lang='ita' dir='ltr'>di</span> <span class='ocrx_word' id='word_1_385' title='bbox 1888 4854 2212 4923; x_wconf 90' lang='ita' dir='ltr'>diventar</span> <span class='ocrx_word' id='word_1_386' title='bbox 2238 4854 2496 4944; x_wconf 90' lang='ita' dir='ltr'>pittore</span> <span class='ocrx_word' id='word_1_387' title='bbox 2525 4854 2599 4922; x_wconf 90' lang='ita' dir='ltr'>in</span> <span class='ocrx_word' id='word_1_388' title='bbox 2627 4865 2729 4923; x_wconf 91' lang='ita' dir='ltr'>tre</span> <span class='ocrx_word' id='word_1_389' title='bbox 2762 4854 2916 4923; x_wconf 97' lang='ita' dir='ltr'>sole</span> <span class='ocrx_word' id='word_1_390' title='bbox 2946 4876 3089 4936; x_wconf 91' lang='ita' dir='ltr'>ore,</span> <span class='ocrx_word' id='word_1_391' title='bbox 3122 4854 3448 4923; x_wconf 87' lang='ita' dir='ltr'>Venezia</span> <span class='ocrx_word' id='word_1_392' title='bbox 3484 4854 3692 4936; x_wconf 98' lang='ita'>1768,</span> <span class='ocrx_word' id='word_1_393' title='bbox 3725 4854 3799 4922; x_wconf 90' lang='ita' dir='ltr'>in</span> <span class='ocrx_word' id='word_1_394' title='bbox 3832 4855 3894 4923; x_wconf 99' lang='ita'>8.</span> 
     </span>
     <span class='ocr_line' id='line_1_34' title="bbox 706 4965 4024 5040; baseline 0 -17"><span class='ocrx_word' id='word_1_395' title='bbox 706 4965 1082 5023; x_wconf 96' lang='ita' dir='ltr'>Traduzione</span> <span class='ocrx_word' id='word_1_396' title='bbox 1107 4966 1205 5023; x_wconf 97' lang='ita' dir='ltr'>dal</span> <span class='ocrx_word' id='word_1_397' title='bbox 1230 4965 1503 5023; x_wconf 84' lang='ita' dir='ltr'>francese</span> <span class='ocrx_word' id='word_1_398' title='bbox 1528 4966 1626 5023; x_wconf 99' lang='ita' dir='ltr'>del</span> <span class='ocrx_word' id='word_1_399' title='bbox 1649 4966 2025 5040; x_wconf 93' lang='ita' dir='ltr'>precedente,</span> <span class='ocrx_word' id='word_1_400' title='bbox 2053 4966 2211 5023; x_wconf 98' lang='ita' dir='ltr'>dove</span> <span class='ocrx_word' id='word_1_401' title='bbox 2234 4984 2341 5040; x_wconf 97' lang='ita' dir='ltr'>per</span> <span class='ocrx_word' id='word_1_402' title='bbox 2365 4966 2512 5023; x_wconf 98' lang='ita' dir='ltr'>altro</span> <span class='ocrx_word' id='word_1_403' title='bbox 2538 4966 2571 5023; x_wconf 87' lang='ita' dir='ltr'>e</span> <span class='ocrx_word' id='word_1_404' title='bbox 2595 4984 2796 5023; x_wconf 98' lang='ita' dir='ltr'>massa</span> <span class='ocrx_word' id='word_1_405' title='bbox 2819 4966 2877 5023; x_wconf 98' lang='ita' dir='ltr'>la</span> <span class='ocrx_word' id='word_1_406' title='bbox 2900 4965 3178 5023; x_wconf 96' lang='ita' dir='ltr'>versione</span> <span class='ocrx_word' id='word_1_407' title='bbox 3203 4966 3301 5023; x_wconf 99' lang='ita' dir='ltr'>del</span> <span class='ocrx_word' id='word_1_408' title='bbox 3325 4967 3586 5023; x_wconf 96' lang='ita' dir='ltr'>Trattato</span> <span class='ocrx_word' id='word_1_409' title='bbox 3611 4966 3771 5023; x_wconf 98' lang='ita' dir='ltr'>della</span> <span class='ocrx_word' id='word_1_410' title='bbox 3792 4965 4024 5040; x_wconf 97' lang='ita' dir='ltr'>pittura.</span> 
     </span>
    </p>
   </div>
   <div class='ocr_carea' id='block_1_16' title="bbox 475 5180 4486 5270">
    <p class='ocr_par' dir='ltr' id='par_1_18' title="bbox 475 5180 4486 5270">
     <span class='ocr_line' id='line_1_35' title="bbox 475 5180 4486 5270; baseline 0 -22"><span class='ocrx_word' id='word_1_411' title='bbox 475 5181 640 5249; x_wconf 99' lang='ita'>222.</span> <span class='ocrx_word' id='word_1_412' title='bbox 681 5182 1105 5249; x_wconf 91' lang='ita' dir='ltr'>TRATTATO</span> <span class='ocrx_word' id='word_1_413' title='bbox 1138 5180 1329 5249; x_wconf 90' lang='ita' dir='ltr'>della</span> <span class='ocrx_word' id='word_1_414' title='bbox 1362 5180 1622 5270; x_wconf 90' lang='ita' dir='ltr'>pittura</span> <span class='ocrx_word' id='word_1_415' title='bbox 1657 5202 1696 5249; x_wconf 97' lang='ita' dir='ltr'>e</span> <span class='ocrx_word' id='word_1_416' title='bbox 1735 5180 2065 5262; x_wconf 90' lang='ita' dir='ltr'>scultura,</span> <span class='ocrx_word' id='word_1_417' title='bbox 2104 5202 2239 5249; x_wconf 97' lang='ita' dir='ltr'>uso</span> <span class='ocrx_word' id='word_1_418' title='bbox 2277 5180 2367 5249; x_wconf 97' lang='ita' dir='ltr'>ed</span> <span class='ocrx_word' id='word_1_419' title='bbox 2404 5180 2631 5249; x_wconf 90' lang='ita' dir='ltr'>abuso</span> <span class='ocrx_word' id='word_1_420' title='bbox 2668 5180 2846 5262; x_wconf 92' lang='ita' dir='ltr'>loro,</span> <span class='ocrx_word' id='word_1_421' title='bbox 2887 5191 3270 5270; x_wconf 92' lang='ita' dir='ltr'>composto</span> <span class='ocrx_word' id='word_1_422' title='bbox 3308 5180 3399 5249; x_wconf 90' lang='ita' dir='ltr'>da</span> <span class='ocrx_word' id='word_1_423' title='bbox 3432 5202 3528 5249; x_wconf 95' lang='ita' dir='ltr'>un</span> <span class='ocrx_word' id='word_1_424' title='bbox 3563 5180 3858 5270; x_wconf 92' lang='ita' dir='ltr'>teologo</span> <span class='ocrx_word' id='word_1_425' title='bbox 3896 5202 3935 5249; x_wconf 97' lang='ita' dir='ltr'>e</span> <span class='ocrx_word' id='word_1_426' title='bbox 3972 5180 4063 5249; x_wconf 90' lang='ita' dir='ltr'>da</span> <span class='ocrx_word' id='word_1_427' title='bbox 4096 5202 4193 5249; x_wconf 95' lang='ita' dir='ltr'>un</span> <span class='ocrx_word' id='word_1_428' title='bbox 4228 5180 4486 5270; x_wconf 90' lang='ita' dir='ltr'>pittore</span> 
     </span>
    </p>
   </div>
   <div class='ocr_carea' id='block_1_17' title="bbox 706 5295 4488 5673">
    <p class='ocr_par' dir='ltr' id='par_1_19' title="bbox 706 5295 4488 5673">
     <span class='ocr_line' id='line_1_36' title="bbox 706 5295 4397 5385; baseline 0 -21"><span class='ocrx_word' id='word_1_429' title='bbox 706 5317 832 5385; x_wconf 91' lang='ita' dir='ltr'>per</span> <span class='ocrx_word' id='word_1_430' title='bbox 860 5295 1187 5364; x_wconf 91' lang='ita' dir='ltr'>offerirlo</span> <span class='ocrx_word' id='word_1_431' title='bbox 1219 5295 1284 5364; x_wconf 90' lang='ita' dir='ltr'>ai</span> <span class='ocrx_word' id='word_1_432' title='bbox 1317 5295 1497 5385; x_wconf 91' lang='ita' dir='ltr'>sigg.</span> <span class='ocrx_word' id='word_1_433' title='bbox 1533 5295 1976 5364; x_wconf 90' lang='ita' dir='ltr'>accademici</span> <span class='ocrx_word' id='word_1_434' title='bbox 2007 5295 2124 5364; x_wconf 97' lang='ita' dir='ltr'>del</span> <span class='ocrx_word' id='word_1_435' title='bbox 2154 5295 2458 5385; x_wconf 91' lang='ita' dir='ltr'>disegno</span> <span class='ocrx_word' id='word_1_436' title='bbox 2489 5295 2561 5364; x_wconf 91' lang='ita' dir='ltr'>di</span> <span class='ocrx_word' id='word_1_437' title='bbox 2591 5295 2888 5364; x_wconf 91' lang='ita' dir='ltr'>Firenze</span> <span class='ocrx_word' id='word_1_438' title='bbox 2918 5317 2957 5364; x_wconf 97' lang='ita' dir='ltr'>e</span> <span class='ocrx_word' id='word_1_439' title='bbox 2987 5295 3059 5364; x_wconf 91' lang='ita' dir='ltr'>di</span> <span class='ocrx_word' id='word_1_440' title='bbox 3091 5295 3262 5364; x_wconf 90' lang='ita' dir='ltr'>altre</span> <span class='ocrx_word' id='word_1_441' title='bbox 3292 5295 3461 5364; x_wconf 82' lang='ita' dir='ltr'>città</span> <span class='ocrx_word' id='word_1_442' title='bbox 3490 5317 3619 5377; x_wconf 98' lang='ita' dir='ltr'>ec.,</span> <span class='ocrx_word' id='word_1_443' title='bbox 3652 5295 3949 5364; x_wconf 91' lang='ita' dir='ltr'>Firenze</span> <span class='ocrx_word' id='word_1_444' title='bbox 3987 5295 4195 5377; x_wconf 96' lang='ita'>1652,</span> <span class='ocrx_word' id='word_1_445' title='bbox 4228 5295 4302 5363; x_wconf 90' lang='ita' dir='ltr'>in</span> <span class='ocrx_word' id='word_1_446' title='bbox 4330 5296 4397 5364; x_wconf 99' lang='ita'>4.</span> 
     </span>
     <span class='ocr_line' id='line_1_37' title="bbox 711 5406 4488 5481; baseline 0 -17"><span class='ocrx_word' id='word_1_447' title='bbox 711 5406 1082 5464; x_wconf 92' lang='ita' dir='ltr'>L’Ottonelli</span> <span class='ocrx_word' id='word_1_448' title='bbox 1115 5407 1192 5464; x_wconf 98' lang='ita' dir='ltr'>da</span> <span class='ocrx_word' id='word_1_449' title='bbox 1222 5408 1384 5464; x_wconf 98' lang='ita' dir='ltr'>Fano</span> <span class='ocrx_word' id='word_1_450' title='bbox 1418 5425 1451 5464; x_wconf 99' lang='ita' dir='ltr'>e</span> <span class='ocrx_word' id='word_1_451' title='bbox 1483 5406 1526 5463; x_wconf 99' lang='ita' dir='ltr'>il</span> <span class='ocrx_word' id='word_1_452' title='bbox 1558 5406 1846 5464; x_wconf 97' lang='ita' dir='ltr'>Berettini</span> <span class='ocrx_word' id='word_1_453' title='bbox 1879 5407 1956 5464; x_wconf 98' lang='ita' dir='ltr'>da</span> <span class='ocrx_word' id='word_1_454' title='bbox 1987 5407 2269 5474; x_wconf 90' lang='ita' dir='ltr'>Cortona,</span> <span class='ocrx_word' id='word_1_455' title='bbox 2305 5407 2476 5464; x_wconf 99' lang='ita' dir='ltr'>l’uno</span> <span class='ocrx_word' id='word_1_456' title='bbox 2509 5407 2756 5481; x_wconf 96' lang='ita' dir='ltr'>teologo</span> <span class='ocrx_word' id='word_1_457' title='bbox 2790 5425 2823 5464; x_wconf 99' lang='ita' dir='ltr'>e</span> <span class='ocrx_word' id='word_1_458' title='bbox 2856 5407 3054 5464; x_wconf 97' lang='ita' dir='ltr'>l’altro</span> <span class='ocrx_word' id='word_1_459' title='bbox 3086 5406 3320 5481; x_wconf 93' lang='ita' dir='ltr'>pittore,</span> <span class='ocrx_word' id='word_1_460' title='bbox 3357 5425 3638 5464; x_wconf 96' lang='ita' dir='ltr'>ascosero</span> <span class='ocrx_word' id='word_1_461' title='bbox 3669 5425 3775 5481; x_wconf 98' lang='ita' dir='ltr'>per</span> <span class='ocrx_word' id='word_1_462' title='bbox 3806 5406 4085 5464; x_wconf 97' lang='ita' dir='ltr'>cristiana</span> <span class='ocrx_word' id='word_1_463' title='bbox 4116 5406 4414 5464; x_wconf 97' lang='ita' dir='ltr'>modestia</span> <span class='ocrx_word' id='word_1_464' title='bbox 4444 5406 4488 5463; x_wconf 99' lang='ita' dir='ltr'>il</span> 
     </span>
     <span class='ocr_line' id='line_1_38' title="bbox 707 5502 4483 5577; baseline 0 -18"><span class='ocrx_word' id='word_1_465' title='bbox 707 5503 837 5560; x_wconf 99' lang='ita' dir='ltr'>loro</span> <span class='ocrx_word' id='word_1_466' title='bbox 863 5521 1043 5560; x_wconf 99' lang='ita' dir='ltr'>nome</span> <span class='ocrx_word' id='word_1_467' title='bbox 1068 5502 1370 5560; x_wconf 93' lang='ita' dir='ltr'>transfuso</span> <span class='ocrx_word' id='word_1_468' title='bbox 1396 5502 1459 5559; x_wconf 99' lang='ita' dir='ltr'>in</span> <span class='ocrx_word' id='word_1_469' title='bbox 1486 5502 1753 5560; x_wconf 96' lang='ita' dir='ltr'>sciocchi</span> <span class='ocrx_word' id='word_1_470' title='bbox 1780 5502 2150 5577; x_wconf 96' lang='ita' dir='ltr'>anagrammi</span> <span class='ocrx_word' id='word_1_471' title='bbox 2175 5503 2273 5560; x_wconf 99' lang='ita' dir='ltr'>nel</span> <span class='ocrx_word' id='word_1_472' title='bbox 2300 5502 2698 5577; x_wconf 91' lang='ita' dir='ltr'>frontispizio,</span> <span class='ocrx_word' id='word_1_473' title='bbox 2730 5503 3121 5576; x_wconf 84' lang='ita' dir='ltr'>Odominigio</span> <span class='ocrx_word' id='word_1_474' title='bbox 3145 5502 3446 5560; x_wconf 84' lang='ita' dir='ltr'>Lelonotti</span> <span class='ocrx_word' id='word_1_475' title='bbox 3470 5503 3549 5560; x_wconf 98' lang='ita' dir='ltr'>da</span> <span class='ocrx_word' id='word_1_476' title='bbox 3575 5505 3831 5560; x_wconf 84' lang='ita' dir='ltr'>Fanano</span> <span class='ocrx_word' id='word_1_477' title='bbox 3859 5522 3890 5560; x_wconf 97' lang='ita' dir='ltr'>e</span> <span class='ocrx_word' id='word_1_478' title='bbox 3914 5505 4106 5560; x_wconf 77' lang='ita' dir='ltr'>Britio</span> <span class='ocrx_word' id='word_1_479' title='bbox 4131 5505 4483 5560; x_wconf 77' lang='ita' dir='ltr'>Prenetteri.</span> 
     </span>
     <span class='ocr_line' id='line_1_39' title="bbox 706 5598 4128 5673; baseline 0 -17"><span class='ocrx_word' id='word_1_480' title='bbox 706 5598 786 5656; x_wconf 91' lang='ita' dir='ltr'>Vi</span> <span class='ocrx_word' id='word_1_481' title='bbox 811 5599 844 5656; x_wconf 86' lang='ita' dir='ltr'>è</span> <span class='ocrx_word' id='word_1_482' title='bbox 867 5598 972 5673; x_wconf 88' lang='ita' dir='ltr'>più</span> <span class='ocrx_word' id='word_1_483' title='bbox 996 5598 1343 5656; x_wconf 97' lang='ita' dir='ltr'>erudizione</span> <span class='ocrx_word' id='word_1_484' title='bbox 1367 5598 1671 5673; x_wconf 96' lang='ita' dir='ltr'>teologica</span> <span class='ocrx_word' id='word_1_485' title='bbox 1695 5598 1806 5656; x_wconf 97' lang='ita' dir='ltr'>che</span> <span class='ocrx_word' id='word_1_486' title='bbox 1832 5607 1952 5656; x_wconf 98' lang='ita' dir='ltr'>arte</span> <span class='ocrx_word' id='word_1_487' title='bbox 1977 5617 2010 5656; x_wconf 99' lang='ita' dir='ltr'>e</span> <span class='ocrx_word' id='word_1_488' title='bbox 2034 5617 2296 5656; x_wconf 96' lang='ita' dir='ltr'>nessuna</span> <span class='ocrx_word' id='word_1_489' title='bbox 2319 5617 2465 5656; x_wconf 96' lang='ita' dir='ltr'>cosa</span> <span class='ocrx_word' id='word_1_490' title='bbox 2488 5598 2599 5656; x_wconf 97' lang='ita' dir='ltr'>che</span> <span class='ocrx_word' id='word_1_491' title='bbox 2624 5617 2746 5656; x_wconf 99' lang='ita' dir='ltr'>non</span> <span class='ocrx_word' id='word_1_492' title='bbox 2772 5598 2860 5656; x_wconf 98' lang='ita' dir='ltr'>sia</span> <span class='ocrx_word' id='word_1_493' title='bbox 2885 5607 3034 5656; x_wconf 97' lang='ita' dir='ltr'>stata</span> <span class='ocrx_word' id='word_1_494' title='bbox 3057 5599 3134 5656; x_wconf 98' lang='ita' dir='ltr'>da</span> <span class='ocrx_word' id='word_1_495' title='bbox 3158 5598 3287 5656; x_wconf 98' lang='ita' dir='ltr'>altri</span> <span class='ocrx_word' id='word_1_496' title='bbox 3310 5598 3503 5673; x_wconf 97' lang='ita' dir='ltr'>prima</span> <span class='ocrx_word' id='word_1_497' title='bbox 3526 5598 3587 5656; x_wconf 99' lang='ita' dir='ltr'>di</span> <span class='ocrx_word' id='word_1_498' title='bbox 3612 5599 3742 5656; x_wconf 99' lang='ita' dir='ltr'>loro</span> <span class='ocrx_word' id='word_1_499' title='bbox 3766 5598 4128 5673; x_wconf 97' lang='ita' dir='ltr'>pubblicata.</span> 
     </span>
    </p>
   </div>
   <div class='ocr_carea' id='block_1_18' title="bbox 475 5813 4485 6125">
    <p class='ocr_par' dir='ltr' id='par_1_20' title="bbox 475 5813 4485 6125">
     <span class='ocr_line' id='line_1_40' title="bbox 475 5813 4485 5903; baseline 0 -21"><span class='ocrx_word' id='word_1_500' title='bbox 475 5814 640 5882; x_wconf 94' lang='ita'>223.</span> <span class='ocrx_word' id='word_1_501' title='bbox 687 5815 1003 5882; x_wconf 89' lang='ita' dir='ltr'>VARCHI</span> <span class='ocrx_word' id='word_1_502' title='bbox 1039 5813 1461 5895; x_wconf 91' lang='ita' dir='ltr'>Benedetto,</span> <span class='ocrx_word' id='word_1_503' title='bbox 1507 5815 1669 5882; x_wconf 94' lang='ita' dir='ltr'>Due</span> <span class='ocrx_word' id='word_1_504' title='bbox 1711 5813 2001 5895; x_wconf 90' lang='ita' dir='ltr'>lezioni,</span> <span class='ocrx_word' id='word_1_505' title='bbox 2047 5813 2239 5882; x_wconf 90' lang='ita' dir='ltr'>nella</span> <span class='ocrx_word' id='word_1_506' title='bbox 2278 5813 2511 5903; x_wconf 90' lang='ita' dir='ltr'>prima</span> <span class='ocrx_word' id='word_1_507' title='bbox 2552 5813 2624 5882; x_wconf 91' lang='ita' dir='ltr'>di</span> <span class='ocrx_word' id='word_1_508' title='bbox 2668 5813 2784 5882; x_wconf 90' lang='ita' dir='ltr'>cui</span> <span class='ocrx_word' id='word_1_509' title='bbox 2830 5813 2889 5882; x_wconf 90' lang='ita' dir='ltr'>si</span> <span class='ocrx_word' id='word_1_510' title='bbox 2933 5813 3252 5882; x_wconf 90' lang='ita' dir='ltr'>dichiara</span> <span class='ocrx_word' id='word_1_511' title='bbox 3291 5835 3388 5882; x_wconf 95' lang='ita' dir='ltr'>un</span> <span class='ocrx_word' id='word_1_512' title='bbox 3434 5824 3716 5882; x_wconf 91' lang='ita' dir='ltr'>sonetto</span> <span class='ocrx_word' id='word_1_513' title='bbox 3760 5813 3832 5882; x_wconf 91' lang='ita' dir='ltr'>di</span> <span class='ocrx_word' id='word_1_514' title='bbox 3874 5813 4154 5882; x_wconf 91' lang='ita' dir='ltr'>Michel</span> <span class='ocrx_word' id='word_1_515' title='bbox 4195 5813 4485 5903; x_wconf 86' lang='ita' dir='ltr'>Angelo</span> 
     </span>
     <span class='ocr_line' id='line_1_41' title="bbox 707 5928 4483 6018; baseline -0 -21"><span class='ocrx_word' id='word_1_516' title='bbox 707 5928 1157 6010; x_wconf 90' lang='ita' dir='ltr'>Buonarroti,</span> <span class='ocrx_word' id='word_1_517' title='bbox 1192 5928 1551 5997; x_wconf 90' lang='ita' dir='ltr'>nell’altra</span> <span class='ocrx_word' id='word_1_518' title='bbox 1583 5928 1642 5997; x_wconf 90' lang='ita' dir='ltr'>si</span> <span class='ocrx_word' id='word_1_519' title='bbox 1675 5928 1962 6018; x_wconf 90' lang='ita' dir='ltr'>disputa</span> <span class='ocrx_word' id='word_1_520' title='bbox 1994 5928 2178 5997; x_wconf 90' lang='ita' dir='ltr'>sulla</span> <span class='ocrx_word' id='word_1_521' title='bbox 2207 5928 2483 5997; x_wconf 82' lang='ita' dir='ltr'>nobiltà</span> <span class='ocrx_word' id='word_1_522' title='bbox 2513 5928 2704 5997; x_wconf 90' lang='ita' dir='ltr'>della</span> <span class='ocrx_word' id='word_1_523' title='bbox 2738 5928 3049 5997; x_wconf 90' lang='ita' dir='ltr'>scultura</span> <span class='ocrx_word' id='word_1_524' title='bbox 3079 5950 3118 5997; x_wconf 97' lang='ita' dir='ltr'>e</span> <span class='ocrx_word' id='word_1_525' title='bbox 3151 5928 3342 5997; x_wconf 90' lang='ita' dir='ltr'>della</span> <span class='ocrx_word' id='word_1_526' title='bbox 3371 5928 3650 6018; x_wconf 90' lang='ita' dir='ltr'>pittura,</span> <span class='ocrx_word' id='word_1_527' title='bbox 3685 5928 4003 6010; x_wconf 90' lang='ita' dir='ltr'>Firenze,</span> <span class='ocrx_word' id='word_1_528' title='bbox 4038 5928 4483 6010; x_wconf 91' lang='ita' dir='ltr'>Torrentino,</span> 
     </span>
     <span class='ocr_line' id='line_1_42' title="bbox 716 6043 1126 6125; baseline 0 -14"><span class='ocrx_word' id='word_1_529' title='bbox 716 6043 924 6125; x_wconf 96' lang='ita'>1549,</span> <span class='ocrx_word' id='word_1_530' title='bbox 957 6043 1031 6111; x_wconf 90' lang='ita' dir='ltr'>in</span> <span class='ocrx_word' id='word_1_531' title='bbox 1059 6044 1126 6112; x_wconf 99' lang='ita'>4.</span> 
     </span>
    </p>
   </div>
   <div class='ocr_carea' id='block_1_19' title="bbox 706 6154 4488 6324">
    <p class='ocr_par' dir='ltr' id='par_1_21' title="bbox 706 6154 4488 6324">
     <span class='ocr_line' id='line_1_43' title="bbox 706 6154 4488 6229; baseline 0 -18"><span class='ocrx_word' id='word_1_532' title='bbox 706 6155 754 6211; x_wconf 90' lang='ita' dir='ltr'>Il</span> <span class='ocrx_word' id='word_1_533' title='bbox 778 6154 1001 6212; x_wconf 92' lang='ita' dir='ltr'>Varchi</span> <span class='ocrx_word' id='word_1_534' title='bbox 1025 6154 1318 6212; x_wconf 92' lang='ita' dir='ltr'>indirizzò</span> <span class='ocrx_word' id='word_1_535' title='bbox 1344 6163 1555 6229; x_wconf 98' lang='ita' dir='ltr'>questa</span> <span class='ocrx_word' id='word_1_536' title='bbox 1581 6155 1845 6212; x_wconf 97' lang='ita' dir='ltr'>seconda</span> <span class='ocrx_word' id='word_1_537' title='bbox 1868 6154 2104 6212; x_wconf 99' lang='ita' dir='ltr'>lezione</span> <span class='ocrx_word' id='word_1_538' title='bbox 2131 6173 2165 6212; x_wconf 97' lang='ita' dir='ltr'>a</span> <span class='ocrx_word' id='word_1_539' title='bbox 2188 6156 2353 6212; x_wconf 97' lang='ita' dir='ltr'>Luca</span> <span class='ocrx_word' id='word_1_540' title='bbox 2375 6154 2640 6222; x_wconf 91' lang='ita' dir='ltr'>Martini,</span> <span class='ocrx_word' id='word_1_541' title='bbox 2669 6154 2840 6212; x_wconf 91' lang='ita' dir='ltr'>acciò</span> <span class='ocrx_word' id='word_1_542' title='bbox 2865 6155 3354 6212; x_wconf 97' lang='ita' dir='ltr'>trasmettendola</span> <span class='ocrx_word' id='word_1_543' title='bbox 3378 6155 3433 6212; x_wconf 98' lang='ita' dir='ltr'>al</span> <span class='ocrx_word' id='word_1_544' title='bbox 3458 6154 3817 6212; x_wconf 91' lang='ita' dir='ltr'>Buonarroti</span> <span class='ocrx_word' id='word_1_545' title='bbox 3843 6163 4152 6212; x_wconf 96' lang='ita' dir='ltr'>attestasse</span> <span class='ocrx_word' id='word_1_546' title='bbox 4178 6155 4236 6212; x_wconf 98' lang='ita' dir='ltr'>la</span> <span class='ocrx_word' id='word_1_547' title='bbox 4257 6154 4488 6212; x_wconf 82' lang='ita' dir='ltr'>brevità</span> 
     </span>
     <span class='ocr_line' id='line_1_44' title="bbox 707 6249 3780 6324; baseline 0 -17"><span class='ocrx_word' id='word_1_548' title='bbox 707 6250 805 6307; x_wconf 99' lang='ita' dir='ltr'>del</span> <span class='ocrx_word' id='word_1_549' title='bbox 829 6258 1033 6324; x_wconf 98' lang='ita' dir='ltr'>tempo</span> <span class='ocrx_word' id='word_1_550' title='bbox 1059 6249 1170 6307; x_wconf 97' lang='ita' dir='ltr'>che</span> <span class='ocrx_word' id='word_1_551' title='bbox 1194 6249 1271 6307; x_wconf 97' lang='ita' dir='ltr'>ha</span> <span class='ocrx_word' id='word_1_552' title='bbox 1295 6258 1472 6307; x_wconf 97' lang='ita' dir='ltr'>avuta</span> <span class='ocrx_word' id='word_1_553' title='bbox 1495 6249 1556 6307; x_wconf 99' lang='ita' dir='ltr'>di</span> <span class='ocrx_word' id='word_1_554' title='bbox 1581 6250 1830 6307; x_wconf 97' lang='ita' dir='ltr'>dettarla</span> <span class='ocrx_word' id='word_1_555' title='bbox 1853 6268 1886 6307; x_wconf 99' lang='ita' dir='ltr'>e</span> <span class='ocrx_word' id='word_1_556' title='bbox 1911 6249 1994 6324; x_wconf 96' lang='ita' dir='ltr'>gli</span> <span class='ocrx_word' id='word_1_557' title='bbox 2019 6250 2338 6307; x_wconf 96' lang='ita' dir='ltr'>mandasse</span> <span class='ocrx_word' id='word_1_558' title='bbox 2361 6249 2466 6324; x_wconf 98' lang='ita' dir='ltr'>poi</span> <span class='ocrx_word' id='word_1_559' title='bbox 2491 6249 2670 6324; x_wconf 97' lang='ita' dir='ltr'>copia</span> <span class='ocrx_word' id='word_1_560' title='bbox 2693 6250 2853 6307; x_wconf 98' lang='ita' dir='ltr'>della</span> <span class='ocrx_word' id='word_1_561' title='bbox 2874 6249 3133 6324; x_wconf 97' lang='ita' dir='ltr'>risposta</span> <span class='ocrx_word' id='word_1_562' title='bbox 3156 6249 3217 6307; x_wconf 99' lang='ita' dir='ltr'>di</span> <span class='ocrx_word' id='word_1_563' title='bbox 3242 6268 3380 6307; x_wconf 98' lang='ita' dir='ltr'>esso</span> <span class='ocrx_word' id='word_1_564' title='bbox 3405 6249 3780 6307; x_wconf 91' lang='ita' dir='ltr'>Buonarroti.</span> 
     </span>
    </p>
   </div>
   <div class='ocr_carea' id='block_1_20' title="bbox 521 6604 4439 6608">
    <p class='ocr_par' dir='ltr' id='par_1_22' title="bbox 521 6604 4439 6608">
     <span class='ocr_line' id='line_1_45' title="bbox 521 6604 4439 6608; baseline 0 0"><span class='ocrx_word' id='word_1_565' title='bbox 521 6604 4439 6608; x_wconf 95' lang='ita' dir='ltr'> </span> 
     </span>
    </p>
   </div>
   <div class='ocr_carea' id='block_1_21' title="bbox 2171 6637 2791 6710">
    <p class='ocr_par' dir='ltr' id='par_1_23' title="bbox 2171 6637 2791 6710">
     <span class='ocr_line' id='line_1_46' title="bbox 2171 6637 2791 6710; baseline 0 -16"><span class='ocrx_word' id='word_1_566' title='bbox 2171 6657 2347 6694; x_wconf 88' lang='ita' dir='ltr'>WWW.</span> <span class='ocrx_word' id='word_1_567' title='bbox 2358 6637 2734 6710; x_wconf 84' lang='ita' dir='ltr'>memofonte.</span> <span class='ocrx_word' id='word_1_568' title='bbox 2748 6639 2791 6694; x_wconf 98' lang='ita' dir='ltr'>it</span> 
     </span>
    </p>
   </div>
  </div>
 </body>
</html>
