4958 7017
1981 864 2366 922 Fondazione
2390 864 2775 922 Memofonte
2800 865 2976 922 onlus

1390 960 1600 1018 Studio
1624 979 1731 1035 per
1754 960 2226 1018 l’elaborazione
2250 960 2632 1018 informatica
2655 961 2813 1018 delle
2838 960 2991 1018 fonti
3018 960 3571 1018 storico—artistiche

477 1253 570 1341 [p.
606 1252 776 1334 313]

2060 1507 2900 1628 EMBLEMI

475 1789 682 1857 1830.
724 1789 1238 1857 ACCADEMICI
1270 1788 1531 1870 Gelati,
1573 1790 1812 1870 Prose,
1854 1788 2208 1878 Bologna,
2249 1810 2375 1878 per
2411 1788 2462 1856 li
2500 1788 2929 1870 Manolessi,
2980 1788 3191 1870 1671;
3232 1788 3456 1857 Unito
3496 1788 3634 1857 alle
3668 1791 4043 1869 Memorie,
4088 1791 4408 1876 Imprese
4448 1812 4486 1857 e

709 1906 998 1972 Ritratti
1026 1903 1116 1972 de
1146 1905 1286 1991 Sig.
1317 1903 1806 1985 Accademici,
1848 1903 2056 1985 1672,
2089 1903 2163 1971 in
2191 1904 2258 1972 4.
2293 1905 2322 1971 I
2350 1903 2490 1972 due
2519 1903 2798 1972 volumi
2828 1903 3044 1993 legati
3076 1903 3386 1972 assieme
3416 1903 3542 1993 fig.

713 2015 942 2086 Questo
973 2033 1185 2089 grosso
1215 2015 1460 2072 volume
1489 2014 1550 2072 di
1579 2014 1740 2072 circa
1767 2015 1888 2073 900
1915 2014 2134 2089 pagine
2163 2014 2441 2072 contiene
2473 2015 2547 2072 88
2579 2014 2866 2072 emblemi
2895 2033 2928 2072 e
2959 2015 3036 2072 32
3064 2014 3288 2082 ritratti,
3320 2015 3469 2072 oltre
3497 2014 3517 2071 i
3546 2014 3916 2089 frontespizi,
3948 2033 4064 2072 ove
4093 2033 4356 2072 vennero
4384 2014 4489 2089 più

711 2110 773 2167 in
797 2111 1020 2185 grande
1044 2110 1336 2185 intagliati
1361 2111 1438 2168 da
1460 2129 1541 2168 un
1564 2110 1863 2168 imitatore
1887 2110 1907 2167 i
1930 2110 2251 2168 bellissimi
2274 2110 2424 2168 rami
2449 2110 2510 2168 di
2535 2110 2836 2185 Agostino
2862 2110 3112 2168 Caracci
3137 2110 3248 2168 che
3273 2129 3500 2168 ornano
3526 2111 3582 2168 le
3605 2110 3756 2168 rime
3781 2110 3879 2168 dei
3905 2110 4120 2168 Gelati.

483 2326 690 2394 1831.
723 2326 1237 2394 ACCADEMICI
1261 2325 1522 2407 Gelati,
1555 2325 2011 2394 Ricreazioni
2043 2347 2396 2407 amorose,
2429 2325 2590 2394 Bol.
2633 2325 2841 2407 1500,
2875 2347 3014 2394 con
3044 2336 3194 2394 otto
3225 2325 3590 2394 emblemi.

710 2483 809 2488 —
836 2440 1287 2530 Aggiuntovi
1317 2440 1663 2509 Psaffone
1691 2451 1970 2509 trattato
2001 2440 2377 2522 d’Amore,
2411 2440 2571 2509 Bol.
2614 2440 2822 2510 1590.

713 2551 925 2623 Questi
949 2560 1034 2609 tre
1059 2551 1277 2609 libretti
1304 2570 1454 2609 sono
1480 2551 1670 2609 ornati
1696 2551 1757 2609 di
1781 2570 1861 2609 un
1883 2551 2222 2609 bellissimo
2247 2551 2498 2626 intaglio
2523 2552 2622 2609 nel
2647 2551 3040 2626 frontespizio
3066 2551 3127 2609 di
3151 2551 3452 2626 Agostino
3478 2551 3746 2609 Caracci.

483 2747 690 2815 1832.
723 2747 1237 2815 ACCADEMICI
1261 2746 1500 2815 Gelati
1531 2746 1603 2815 di
1633 2746 1987 2836 Bologna,
2020 2746 2254 2828 Rime,
2286 2768 2539 2836 presso
2570 2746 2669 2836 gli
2700 2746 2894 2815 eredi
2924 2746 3164 2828 Rossi,
3197 2746 3533 2836 Bologna
3569 2746 3777 2828 1597,
3810 2746 3884 2814 in
3922 2746 4029 2815 16.

712 2858 847 2915 Con
878 2858 950 2914 14
976 2857 1263 2915 emblemi
1288 2858 1766 2932 elegantemente
1790 2857 2099 2932 intagliati.

483 3073 690 3141 1833.
723 3073 1237 3141 ACCADEMICI
1261 3072 1500 3141 Gelati
1531 3072 1603 3141 di
1633 3072 1987 3162 Bologna,
2020 3072 2254 3154 Rime,
2286 3094 2539 3162 presso
2569 3072 3035 3141 Bartolomeo
3066 3072 3321 3154 Cochi,
3355 3072 3516 3141 Bol.
3559 3072 3767 3154 1615,
3800 3072 3874 3140 in
3912 3072 4019 3141 16.

714 3230 813 3235 —
840 3187 1291 3277 Aggiuntovi
1321 3187 1373 3255 il
1402 3187 1775 3269 Tancredi,
1808 3187 2160 3277 Tragedia
2188 3187 2260 3256 di
2290 3187 2591 3256 Ridolfo
2622 3187 3049 3277 Campeggi,
3082 3187 3408 3256 Vicenza
3444 3187 3651 3256 1614.

483 3399 690 3467 1834.
730 3399 1055 3467 ASCIATI
1084 3398 1441 3480 Andreae,
1481 3398 2018 3467 Emblematum
2053 3398 2365 3480 libellus,
2405 3398 2717 3480 Parisiis,
2758 3420 2847 3467 ex
2885 3398 3192 3467 officina
3227 3398 3616 3467 Christiani
3652 3398 4031 3480 Wechelii,
4080 3398 4288 3480 1640,
4329 3398 4482 3488 fig.,

712 3513 786 3581 in
824 3514 931 3582 12.

711 3624 975 3682 Libretto
1003 3625 1276 3699 elegante
1301 3643 1408 3699 per
1434 3624 1517 3699 gli
1543 3624 1754 3699 intagli
1780 3624 1842 3681 in
1868 3625 2068 3699 legno:
2101 3624 2263 3682 forse
2290 3625 2348 3682 la
2371 3624 2565 3699 prima
2590 3624 2869 3682 edizione
2896 3624 3095 3682 latina:
3129 3643 3280 3682 sono
3308 3625 3364 3682 le
3393 3633 3623 3699 stampe
3657 3624 3790 3692 115,
3820 3643 3919 3682 ma
3944 3643 4066 3682 non
4093 3624 4402 3699 giungono
4431 3625 4486 3682 al

711 3720 924 3778 merito
950 3720 1011 3778 di
1036 3721 1235 3795 quelle
1260 3720 1371 3778 che
1398 3720 1706 3778 servirono
1731 3720 2228 3795 posteriormente
2251 3739 2358 3795 per
2381 3721 2437 3778 le
2462 3720 2726 3778 edizioni
2751 3720 2812 3778 di
2836 3720 3044 3788 Lione,
3072 3721 3105 3778 e
3132 3739 3282 3778 sono
3308 3721 3406 3778 del
3431 3729 3714 3778 carattere
3739 3720 4088 3778 dell’antica
4113 3721 4337 3778 scuola.

479 3915 686 3984 1835.
738 3916 1118 3997 ALCIATO,
1165 3915 1472 3984 Diverse
1521 3915 1833 4005 imprese
1884 3915 2355 3984 accomodate
2406 3937 2446 3984 a
2494 3915 2777 3984 diverse
2825 3915 3157 3984 moralità
3204 3937 3343 3984 con
3391 3915 3582 3984 versi
3632 3915 3765 3984 che
3813 3915 3836 3983 i
3886 3915 4042 3984 loro
4094 3915 4486 4005 significati

713 4030 1150 4112 dichiarano,
1218 4041 1421 4099 tratte
1487 4030 1681 4120 dagli
1749 4030 2093 4099 emblemi
2160 4030 2653 4112 dell’Alciato,
2723 4030 2797 4098 in
2862 4030 3111 4112 Lione,
3179 4052 3306 4120 per
3368 4032 3670 4099 Masseo
3737 4030 4198 4112 Buonhomo,
4276 4030 4483 4100 1549.

712 4145 1067 4214 Dedicato
1099 4145 1165 4214 al
1194 4147 1407 4235 Doge
1435 4147 1837 4214 Francesco
1867 4146 2081 4214 Donà
2109 4145 2200 4214 da
2229 4145 2595 4214 Giovanni
2624 4145 3024 4235 Marquale,
3057 4145 3131 4213 in
3169 4146 3276 4214 12.

711 4256 989 4331 Figurato
1025 4256 1087 4313 in
1122 4257 1303 4331 legno
1340 4275 1457 4314 con
1492 4257 1680 4314 molla
1715 4257 2018 4331 eleganza.
2061 4257 2225 4314 Sono
2262 4265 2471 4331 queste
2514 4257 2622 4313 141
2663 4256 2881 4331 pagine
2917 4256 3210 4331 impresse
3246 4257 3404 4314 colle
3439 4257 3658 4324 tavole,
3699 4265 3854 4314 sotto
3891 4257 3947 4314 le
3983 4256 4145 4331 quali
4183 4265 4394 4314 stanno
4431 4257 4487 4314 le

712 4352 1142 4410 dichiarazioni
1166 4352 1229 4409 in
1253 4352 1411 4410 versi
1435 4352 1680 4410 italiani.

487 4548 694 4617 1836.
755 4549 1084 4617 ALCIATI
1133 4548 1489 4630 Andreae,
1550 4548 2023 4617 Emblemata:
2087 4570 2276 4617 nunc
2333 4570 2583 4617 recens
2644 4548 2922 4617 adiecta
2980 4559 3142 4617 sunt
3198 4548 3594 4638 epimythia
3649 4548 3910 4638 quibus
3970 4548 4488 4617 emblematum

714 4663 1113 4753 amplitudo
1150 4665 1243 4753 [p.
1279 4664 1448 4746 314]
1486 4674 1555 4732 et
1583 4663 1889 4732 obscura
1916 4663 2372 4745 illustrantur,
2405 4663 2762 4753 Lugduni,
2797 4685 2905 4753 ap.
2939 4663 3243 4732 Haered.
3278 4663 3443 4732 Gul.
3477 4663 3773 4745 Rovilii,
3815 4663 4023 4745 1616,
4056 4663 4130 4731 in
4168 4663 4276 4745 16,
4309 4663 4435 4753 fig.

714 4775 878 4832 Sono
904 4774 987 4849 gli
1014 4774 1189 4832 stessi
1213 4774 1422 4849 intagli
1446 4774 1509 4831 in
1533 4775 1713 4849 legno
1740 4775 2165 4849 dell’elegante
2190 4774 2468 4832 edizione
2493 4775 2591 4832 del
2623 4774 2778 4833 1549
2807 4774 3082 4849 stampati
3109 4793 3290 4832 senza
3313 4783 3622 4832 contorno.

479 4990 686 5058 1837.
721 4990 1050 5058 ALCIATI
1073 4989 1409 5058 Andreae
1441 4991 1529 5058 V.
1566 4989 1702 5071 Cl.,
1736 4989 2190 5058 Emblemata
2220 5011 2388 5058 cum
2419 4989 2956 5058 commentariis
2991 4989 3462 5079 amplissimis
3495 4989 3784 5058 Claudii
3815 4989 4094 5058 Minois
4125 4989 4487 5058 Francisci

714 5104 985 5173 Sanctii
1015 5104 1403 5173 Brocensis
1435 5115 1504 5173 et
1531 5104 1720 5173 notis
1751 5104 2112 5173 Laurentii
2142 5104 2459 5194 Pignorii
2490 5115 2621 5173 etc.
2657 5115 2815 5186 etc.,
2848 5104 3121 5173 Patavii
3160 5104 3368 5186 1621,
3403 5126 3511 5194 ap.
3545 5106 3722 5173 Petr.
3757 5106 3829 5173 P.
3863 5104 4236 5186 Tozzium,
4269 5104 4343 5172 in
4371 5105 4438 5173 4.

711 5216 810 5273 Ad
841 5234 1087 5290 ognuno
1120 5215 1218 5273 dei
1250 5216 1371 5272 212
1404 5215 1691 5273 emblemi
1724 5234 1842 5273 una
1873 5216 2056 5290 lunga
2089 5215 2476 5290 spiegazione
2508 5234 2541 5273 e
2573 5215 2704 5273 tutti
2736 5215 2756 5272 i
2788 5215 3135 5273 commenti:
3172 5234 3356 5290 opera
3386 5215 3498 5273 che
3530 5216 3861 5290 oltrepassa
3891 5216 3947 5273 le
3987 5216 4143 5273 1000
4174 5215 4393 5290 pagine
4426 5215 4487 5273 di

711 5319 864 5368 testo
890 5329 923 5368 e
948 5311 1006 5368 la
1027 5310 1132 5385 più
1157 5310 1357 5385 ampia
1380 5310 1491 5368 che
1517 5310 1798 5368 abbiamo
1823 5310 2060 5368 intorno
2086 5319 2297 5385 questa
2320 5310 2568 5368 materia
2590 5319 2820 5368 trattata
2843 5310 3253 5368 dall’Alciato.

483 5507 690 5575 1838.
763 5507 1209 5575 ALEANDRO
1275 5506 1675 5588 Girolamo,
1748 5506 2098 5575 Discorso
2171 5528 2383 5596 sopra
2450 5506 2826 5596 l’impresa
2894 5506 3088 5596 degli
3157 5506 3632 5575 Accademici
3702 5506 4120 5588 Rumoristi,
4192 5506 4487 5575 recitato

711 5621 1296 5711 pubblicamente
1325 5621 1399 5689 in
1427 5632 1529 5690 tre
1558 5621 1848 5703 lezioni,
1881 5623 2137 5703 Roma,
2169 5643 2420 5711 presso
2450 5621 2502 5689 il
2530 5621 2919 5703 Mascardi,
2961 5621 3169 5703 1611,
3202 5621 3276 5689 in
3304 5622 3371 5690 4.

711 5734 797 5790 La
819 5733 1022 5790 tavola
1045 5751 1161 5790 ove
1186 5733 1219 5790 è
1243 5732 1551 5807 intagliata
1574 5732 1888 5807 l’impresa
1911 5732 2073 5807 degli
2097 5732 2389 5790 Umoristi
2414 5733 2447 5790 e
2472 5732 2533 5790 di
2558 5732 2859 5807 Agostino
2885 5732 3153 5800 Caracci,
3181 5751 3218 5790 o
3244 5732 3305 5790 di
3330 5732 3584 5807 qualche
3611 5751 3720 5790 suo
3747 5732 3985 5790 allievo.

483 5929 690 5998 1839.
731 5929 1204 5997 D’AMBOISE
1234 5928 1597 6017 Francois,
1637 5928 1986 5997 Discours
2025 5950 2120 5997 ou
2155 5928 2358 5997 traité
2395 5928 2522 5997 des
2560 5928 2870 5997 Dévises
2910 5928 3227 6018 compile
3262 5950 3389 6018 par
3423 5928 3697 5997 Adrian
3734 5928 4128 5997 d’Ambois
4169 5950 4301 5997 son
4337 5928 4483 6010 fils,

712 6043 906 6112 Paris
946 6043 1154 6125 1620,
1187 6043 1261 6111 in
1294 6044 1356 6112 8.

710 6201 809 6206 —
836 6158 1309 6248 Aggiuntovi:
1345 6160 1483 6227 Les
1514 6158 1825 6227 Dévises
1856 6158 2172 6248 Royales
2202 6180 2328 6248 par
2354 6158 2629 6227 Adrien
2659 6158 3099 6227 d’Amboise
3130 6180 3218 6227 au
3247 6158 3409 6240 Roi,
3442 6158 3636 6227 Paris
3676 6158 3883 6227 1621.

712 6270 847 6327 Con
878 6270 947 6327 13
975 6270 1175 6327 tavole
1199 6269 1505 6344 intagliate
1529 6269 1592 6326 in
1614 6288 1796 6327 rame.

710 6411 809 6416 —
841 6370 899 6436 E
933 6368 1007 6436 in
1041 6368 1213 6437 fine:
1254 6368 1564 6437 Dévises
1599 6368 1984 6458 héroiques
2021 6379 2090 6437 et
2123 6368 2521 6437 emblemes
2558 6368 2647 6437 de
2681 6370 2787 6437 M.
2827 6368 3105 6437 Claude
3139 6368 3440 6437 Paradin
3473 6390 3730 6437 revues
3767 6379 3836 6437 et
3870 6369 4361 6458 augtmentées
4398 6368 4487 6437 de

2171 6657 2347 6694 WWW.
2358 6637 2734 6710 memofonte.
2748 6639 2791 6694 it
