4958 7017
1981 864 2366 922 Fondazione
2390 864 2775 922 Memofonte
2800 865 2976 922 onlus

1390 960 1600 1018 Studio
1624 979 1731 1035 per
1754 960 2226 1018 l’elaborazione
2250 960 2632 1018 informatica
2655 961 2813 1018 delle
2838 960 2991 1018 fonti
3018 960 3571 1018 storico—artistiche

479 1344 729 1418 mmm

2095 1548 2866 1640 CATALOGHI

2246 1689 2715 1746 SENZ’ANNO

473 1880 655 1938 4586.
682 1882 766 1938 Le
790 1882 1002 1948 BRUN,
1029 1880 1191 1938 Liste
1216 1881 1322 1938 des
1348 1881 1695 1955 catalogues
1721 1881 1827 1938 des
1853 1880 2204 1938 differentes
2230 1889 2455 1938 ventes.

473 2071 655 2129 4587.
693 2072 1066 2129 CATALOGO
1095 2071 1193 2129 dei
1227 2071 1363 2129 libri
1399 2071 1569 2129 scelti
1603 2071 1664 2129 di
1696 2071 1930 2146 pittura,
1969 2072 2245 2139 scultura,
2283 2071 2660 2129 architettura
2692 2072 2842 2129 d’un
2873 2071 3107 2146 privato
3141 2071 3204 2128 in
3236 2071 3525 2139 Venezia,
3564 2072 3913 2139 senz’anno,
3949 2071 4012 2128 in
4049 2072 4102 2139 8,
4139 2074 4238 2129 coi
4263 2074 4483 2145 prezzi.

699 2168 863 2225 Cosa
886 2167 1229 2225 miserabile
1254 2186 1287 2225 e
1311 2167 1676 2225 inservibile.

473 2359 655 2417 4588.
683 2360 1097 2417 CATALOGUE
1117 2360 1266 2417 d’un
1290 2360 1605 2427 excellent,
1633 2368 1691 2417 et
1712 2359 1997 2434 précieux
2021 2359 2260 2417 cabinet
2283 2360 2358 2417 de
2383 2359 2674 2427 desseins,
2701 2359 2763 2416 in
2790 2360 2842 2417 8.

473 2551 655 2610 4589.
683 2552 1097 2609 CATALOGUE
1117 2552 1266 2609 d’un
1289 2552 1405 2609 très
1429 2552 1603 2619 beau,
1631 2560 1689 2609 et
1711 2552 1827 2609 très
1851 2551 2015 2609 riche
2040 2551 2278 2609 cabinet
2301 2552 2376 2609 de
2400 2552 2697 2619 tableaux,
2725 2552 2984 2626 exposés
3008 2570 3115 2626 par
3138 2552 3311 2609 ordre
3336 2551 3774 2626 alphabetique,
3801 2551 3863 2608 in
3894 2552 3984 2609 12.

473 2742 655 2801 4590.
706 2743 1120 2800 CATALOGUE
1163 2743 1348 2800 d’une
1396 2742 1722 2800 collection
1769 2743 2139 2817 d’estampes
2188 2742 2470 2810 choisies,
2522 2751 2632 2800 etc.
2685 2743 2855 2817 après
2904 2743 2962 2800 la
3008 2743 3188 2800 décès
3237 2743 3317 2800 du
3364 2742 3466 2800 feu
3513 2744 3659 2800 Jean
3706 2743 4027 2800 Casanova
4073 2742 4367 2800 directeur
4413 2743 4488 2800 de

699 2838 1083 2896 l’Académie
1108 2839 1183 2896 de
1207 2839 1458 2906 Dresde,
1485 2838 1547 2895 in
1578 2839 1668 2896 12.

473 3030 655 3089 4591.
685 3031 1098 3088 CATALOGUE
1119 3031 1305 3088 d’une
1331 3030 1657 3088 collection
1682 3031 2052 3105 d’estampes
2079 3030 2361 3098 choisies,
2390 3039 2523 3098 etc.,
2552 3031 2658 3088 des
2685 3030 2976 3098 desseins,
3005 3031 3111 3088 des
3137 3031 3417 3088 tableaux
3442 3039 3500 3088 et
3525 3031 3631 3088 des
3658 3030 3837 3088 livres
3864 3030 3967 3105 qui
3992 3030 4227 3088 traitent
4251 3031 4326 3088 de
4352 3031 4489 3088 l’art

699 3127 779 3184 du
803 3126 1045 3184 dessein
1069 3127 1144 3184 de
1169 3127 1227 3184 la
1251 3126 1491 3184 Galerie
1516 3127 1596 3184 du
1620 3126 1723 3184 feu
1746 3128 1834 3184 M.
1862 3126 2159 3201 Algarotti
2185 3127 2219 3184 a
2241 3126 2486 3184 Venise.

473 3317 655 3376 4592.
714 3318 1128 3375 CATALOGUE
1178 3318 1363 3375 d’une
1418 3317 1744 3375 collection
1798 3318 2168 3392 d’estampes
2224 3317 2507 3385 choisies,
2565 3326 2675 3375 etc.
2733 3318 2781 3374 Il
2838 3318 3133 3385 suddetto,
3190 3317 3538 3375 traduzione
3592 3317 3655 3374 in
3708 3317 3972 3375 italiano.
4031 3317 4488 3375 Ristrettissima

699 3413 1054 3471 collezione.

473 3605 655 3664 4593.
682 3607 935 3663 NOTICE
959 3606 1034 3663 de
1059 3606 1349 3680 quelques
1374 3606 1654 3663 tableaux
1676 3605 1962 3680 précieux
1987 3606 2157 3680 après
2183 3606 2239 3663 le
2264 3606 2444 3663 décès
2471 3606 2546 3663 de
2570 3607 2658 3663 M.
2687 3606 2762 3663 de
2785 3605 2999 3673 Pillon,
3026 3605 3208 3673 Paris,
3235 3605 3297 3662 in
3324 3606 3376 3663 8.

473 3796 655 3855 4594.
682 3798 935 3854 NOTICE
959 3797 1034 3854 de
1059 3797 1349 3871 quelques
1373 3797 1528 3854 bons
1553 3797 1833 3854 tableaux
1857 3797 1932 3854 de
1957 3796 2271 3854 différents
2297 3797 2538 3854 maîtres
2564 3797 2644 3854 du
2668 3796 2925 3854 Cabinet
2948 3797 3023 3854 de
3047 3798 3135 3854 M.
3168 3797 3302 3864 ***,
3329 3796 3511 3864 Paris,
3538 3796 3600 3853 in
3627 3797 3679 3854 8.

2034 4193 2925 4307 EQUITAZIONE

473 4429 655 4488 4595.
697 4431 964 4487 BIONDO
1002 4429 1475 4504 Michelangelo,
1518 4430 1697 4487 Della
1735 4429 2096 4487 domazione
2136 4430 2234 4487 del
2272 4430 2566 4504 polledro,
2609 4430 2707 4487 del
2749 4448 2857 4487 suo
2899 4438 3461 4487 ammaestramento
3502 4438 3612 4487 etc.
3657 4430 3858 4504 Opera
3896 4429 4191 4487 d’incerto
4232 4429 4485 4487 filosofo

700 4525 943 4600 antiquo
969 4525 1245 4583 dedicata
1269 4526 1344 4583 ad
1367 4544 1487 4583 uno
1513 4525 1675 4600 degli
1702 4525 1927 4600 antiqui
1951 4525 2333 4600 imperadori,
2361 4526 2438 4583 da
2461 4525 2544 4583 lui
2568 4526 2823 4583 tradotto
2848 4525 2910 4582 in
2934 4525 3139 4600 lingua
3162 4534 3445 4593 materna,
3472 4525 3744 4583 Venezia
3774 4525 3948 4593 1549,
3975 4525 4037 4582 in
4064 4526 4116 4583 8.

700 4621 917 4695 Opera,
946 4620 1057 4678 che
1082 4620 1159 4678 ha
1182 4629 1328 4678 tutta
1352 4621 1739 4695 l’apparenza
1763 4621 1996 4678 d’esser
2019 4620 2411 4695 immaginata
2435 4639 2611 4678 come
2638 4620 2850 4688 antica,
2879 4639 2912 4678 e
2938 4620 3239 4678 direbbesi
3264 4629 3410 4678 tutta
3434 4620 3495 4678 di
3521 4620 3701 4678 conio
3728 4621 4103 4688 dell’autore,
4132 4620 4243 4678 che
4271 4620 4486 4678 scrisse

698 4716 741 4773 il
765 4718 1026 4774 Trattato
1051 4717 1211 4774 della
1232 4716 1464 4791 pittura.

473 4908 655 4967 4596.
683 4909 1123 4966 CARACCIOLO
1146 4909 1457 4983 Pasquale,
1485 4910 1571 4966 La
1594 4908 1787 4983 gloria
1810 4909 1908 4966 del
1933 4909 2168 4966 cavallo
2194 4908 2390 4966 divisa
2412 4908 2475 4965 in
2500 4908 2658 4966 dieci
2683 4908 2836 4976 libri,
2863 4908 3150 4976 Venezia,
3179 4908 3428 4976 Giolito,
3463 4908 3637 4976 1567,
3664 4908 3726 4965 in
3749 4909 3805 4966 4.

700 5005 901 5079 Opera
930 5005 988 5062 la
1015 5004 1120 5079 più
1150 5013 1318 5062 vasta
1347 5004 1458 5062 che
1489 5004 1882 5062 conosciamo
1913 5004 1975 5061 in
2005 5013 2216 5079 questa
2245 5004 2509 5072 materia,
2545 5023 2725 5062 senza
2755 5004 2967 5079 figure,
3001 5023 3118 5062 con
3148 5005 3333 5062 molte
3364 5023 3397 5062 e
3426 5005 3545 5062 ben
3575 5013 3771 5062 estese
3801 5005 4001 5062 tavole
4032 5005 4190 5062 delle
4221 5004 4484 5072 materie,

698 5119 798 5158 ma
823 5100 934 5158 che
961 5101 1184 5158 eccede
1211 5101 1267 5158 le
1294 5100 1461 5158 mille
1486 5100 1706 5175 pagine
1734 5100 1795 5158 di
1821 5109 1993 5158 testo:
2027 5109 2320 5175 stampato
2347 5100 2410 5157 in
2436 5100 2667 5158 minuto
2695 5109 2978 5158 carattere
3005 5100 3263 5158 corsivo.
3293 5101 3410 5158 Nel
3444 5100 3598 5158 1587
3626 5119 3701 5158 ne
3728 5119 4052 5175 comparve
4078 5119 4197 5158 una
4224 5101 4488 5158 seconda

699 5195 977 5253 edizione
1000 5195 1321 5253 ricorretta.

473 5387 655 5446 4597.
685 5388 1050 5445 CATTANEO
1077 5388 1368 5455 Gaetano,
1396 5388 1582 5462 Equej
1593 5388 1721 5445 ade.
1750 5389 2153 5445 Monumento
2181 5387 2379 5445 antico
2411 5389 2489 5462 [p.
2521 5388 2663 5457 309]
2695 5387 2756 5445 di
2780 5388 3009 5445 bronzo
3035 5388 3133 5445 nel
3158 5389 3381 5445 Museo
3408 5387 3743 5445 Nazionale
3768 5389 4080 5462 Ungarese
4106 5387 4486 5445 considerato

698 5484 793 5541 ne’
828 5483 960 5541 suoi
983 5483 1246 5558 rapporti
1271 5483 1707 5541 coll’antichità
1731 5483 2003 5558 figurata,
2030 5483 2267 5541 Milano
2300 5484 2475 5551 1819,
2502 5483 2564 5540 in
2587 5484 2625 5540 4
2651 5502 2754 5558 gr.,
2782 5483 2886 5558 fig.

699 5580 834 5637 Con
866 5588 1098 5654 quattro
1131 5580 1331 5637 tavole
1363 5579 1425 5636 in
1455 5598 1637 5637 rame.
1674 5581 1760 5637 La
1789 5579 1965 5637 rarità
1996 5579 2094 5637 dei
2127 5579 2502 5637 monumenti
2535 5579 2596 5637 di
2629 5588 2839 5654 questa
2870 5580 2984 5637 dea
3015 5580 3266 5637 custode
3299 5580 3394 5637 de’
3434 5579 3652 5637 cavalli
3686 5598 3719 5637 e
3752 5580 3910 5637 delle
3945 5580 4114 5637 stalle
4147 5580 4420 5637 conduce
4454 5598 4488 5637 a

698 5675 884 5732 molte
917 5674 1283 5732 discussioni
1317 5693 1350 5732 e
1385 5674 1559 5749 sogni
1593 5674 1825 5742 eruditi,
1861 5693 1894 5732 e
1926 5674 1988 5731 in
2020 5674 2248 5749 ispecie
2282 5693 2316 5732 a
2347 5675 2549 5749 quella
2582 5675 2736 5732 sulla
2767 5674 2931 5732 varia
2962 5674 3485 5742 denominazione,
3521 5674 3633 5732 che
3667 5693 3858 5732 aveva
3888 5693 4098 5749 presso
4131 5674 4151 5731 i
4185 5674 4365 5749 greci,
4401 5693 4434 5732 e
4466 5674 4486 5731 i

699 5770 882 5828 latini.
910 5770 1261 5828 Bellissima
1284 5770 1562 5828 edizione
1587 5771 1921 5845 esemplare
1945 5770 2007 5827 in
2031 5779 2191 5828 carta
2214 5770 2457 5828 distinta
2479 5770 2542 5827 in
2566 5770 2666 5828 Vit.
2696 5771 2821 5828 dor.

473 5962 655 6021 4598.
702 5963 1121 6020 COLLOMBRE
1162 5962 1463 6037 Agostino
1507 5963 1584 6020 da
1627 5963 1684 6020 S.
1733 5963 1977 6030 Severo,
2022 5963 2139 6020 Del
2182 5963 2368 6020 modo
2412 5962 2473 6020 di
2517 5981 2846 6020 conoscere
2889 5963 2947 6020 la
2988 5971 3195 6020 natura
3236 5962 3334 6020 dei
3377 5962 3614 6030 cavalli,
3660 5981 3693 6020 e
3736 5963 3792 6020 le
3836 5962 4155 6030 medicine,
4201 5962 4313 6020 che
4357 5963 4487 6020 loro

700 6067 1166 6133 appartengono,
1193 6058 1464 6116 Venezia
1494 6058 1669 6126 1622,
1696 6058 1758 6115 in
1781 6059 1838 6126 4,
1866 6058 1970 6133 fig.

700 6155 901 6229 Opera
924 6154 1120 6212 divisa
1142 6154 1204 6211 in
1227 6163 1312 6212 tre
1337 6154 1490 6222 libri,
1518 6173 1551 6212 e
1576 6155 1796 6212 dettata
1821 6155 2087 6212 secondo
2113 6155 2298 6212 molte
2324 6154 2559 6212 antiche
2586 6154 3024 6229 superstizioni,
3052 6173 3085 6212 e
3110 6173 3227 6212 con
3250 6163 3399 6212 tutto
3425 6154 3827 6229 l’empirismo
3853 6154 3914 6212 di
3939 6154 4078 6229 quei
4102 6154 4306 6229 tempi.

473 6345 655 6404 4599.
683 6346 909 6403 CORTE
933 6364 1162 6403 messer
1185 6345 1463 6413 Claudio,
1490 6346 1538 6402 Il
1563 6345 1979 6413 cavallerizzo,
2006 6345 2196 6403 Lione
2228 6345 2403 6413 1573,
2430 6345 2492 6402 in
2515 6346 2571 6403 4.

701 6441 764 6499 Si
801 6450 971 6499 tratta
1006 6441 1069 6498 in
1106 6441 1301 6516 questi
1338 6450 1423 6499 tre
1461 6441 1596 6499 libri
1634 6442 1795 6499 della
1830 6450 2037 6499 natura
2073 6442 2168 6499 de’
2213 6441 2449 6509 cavalli,
2490 6442 2588 6499 del
2626 6441 2899 6509 domarli,
2940 6460 2973 6499 e
3012 6441 3270 6509 frenarli,
3311 6460 3344 6499 e
3382 6441 3596 6516 d’ogni
3634 6460 3780 6499 cosa
3817 6460 3851 6499 a
3885 6442 4050 6499 buon
4087 6441 4485 6499 cavallerizzo

2171 6657 2347 6694 WWW.
2358 6637 2734 6710 memofonte.
2748 6639 2791 6694 il
