4958 7017
1981 864 2366 922 Fondazione
2390 864 2775 922 Memofonte
2800 865 2976 922 onlus

1390 960 1600 1018 Studio
1624 979 1731 1035 per
1754 960 2226 1018 l’elaborazione
2250 960 2632 1018 informatica
2655 961 2813 1018 delle
2838 960 2991 1018 fonti
3018 960 3571 1018 storico—artistiche

483 1251 698 1320 2152.
737 1252 1107 1320 COMOLLI
1133 1251 1369 1320 Abate
1401 1251 1713 1341 Angelo,
1751 1251 2232 1341 Bibliografia
2266 1251 2816 1320 storico-critica
2848 1251 3484 1320 dell’architettura
3517 1251 3734 1320 civile
3768 1251 3858 1320 ed
3893 1251 4019 1320 arti
4056 1251 4481 1333 subalterne,

712 1366 856 1435 vol.
889 1367 957 1448 4,
990 1366 1064 1434 in
1092 1367 1160 1448 4,
1193 1368 1430 1435 Roma
1458 1366 1575 1435 dal
1613 1367 1796 1435 1788
1831 1366 1897 1435 al
1935 1367 2142 1436 1792.

711 1479 953 1535 Nessun
986 1477 1139 1535 libro
1175 1478 1424 1535 sarebbe
1455 1477 1560 1552 più
1591 1477 1736 1535 utile
1769 1477 1830 1535 di
1863 1486 2075 1552 questo
2110 1477 2230 1552 agli
2264 1477 2514 1535 amatori
2547 1496 2580 1535 e
2614 1477 2734 1552 agli
2768 1477 2970 1545 artisti,
3008 1496 3071 1535 se
3105 1478 3360 1535 l’autore
3391 1477 3583 1552 rapito
3617 1478 3777 1535 dalla
3808 1486 3998 1535 morte
4032 1496 4244 1535 avesse
4275 1486 4486 1552 potuto

712 1574 1003 1631 condurlo
1030 1574 1085 1631 al
1112 1592 1220 1631 suo
1245 1573 1496 1631 termine
1521 1592 1554 1631 e
1581 1592 1644 1631 se
1670 1573 1837 1631 fosse
1864 1582 2014 1631 stato
2039 1573 2101 1630 in
2125 1574 2310 1648 luogo
2336 1592 2452 1631 ove
2475 1582 2647 1648 poter
2670 1574 2889 1631 vedere
2912 1573 3017 1648 più
3041 1573 3176 1631 libri
3201 1573 3312 1631 che
3336 1592 3458 1631 non
3482 1573 3638 1631 vide.

479 1769 694 1838 2153.
754 1770 1136 1838 CORSARO
1187 1769 1391 1838 Gius.
1448 1769 1772 1838 Antonio
1827 1771 2200 1859 Proposto,
2258 1769 2679 1838 Dizionario
2737 1769 3001 1838 storico
3057 1769 3170 1838 de’
3234 1769 3406 1838 culti
3460 1769 3804 1859 religiosi.
3863 1769 4314 1838 Traduzione
4369 1769 4486 1838 dal

712 1884 1061 1966 francese,
1094 1884 1420 1953 Venezia
1456 1884 1664 1966 1786,
1698 1884 1842 1953 vol.
1876 1886 1943 1966 7,
1976 1884 2050 1952 in
2083 1885 2145 1953 8.

471 2095 686 2164 2154.
727 2096 1196 2177 CORNEILLE,
1235 2095 1730 2164 Dictionnaire
1764 2095 2128 2164 universel
2164 2095 2290 2164 des
2326 2106 2588 2164 termes
2626 2095 2752 2164 des
2791 2106 2927 2164 arts
2965 2106 3034 2164 et
3068 2095 3194 2164 des
3234 2095 3558 2164 sciences
3596 2095 3685 2164 de
3719 2097 3825 2164 M.
3865 2097 3953 2164 D.
3994 2095 4361 2164 Corneille
4397 2095 4487 2164 de

712 2210 1173 2279 l’Académie
1208 2210 1611 2299 Francaise;
1650 2210 1941 2279 novelle
1977 2210 2271 2292 édition,
2310 2232 2471 2292 vue,
2511 2210 2832 2300 corrigée
2868 2221 2937 2279 et
2972 2211 3398 2300 augmentée
3432 2232 3559 2300 par
3591 2212 3697 2279 M.
3742 2211 3954 2292 ****,
4002 2211 4210 2292 1731,
4249 2210 4323 2278 in
4357 2210 4483 2279 fol.

712 2325 856 2394 vol.
891 2326 956 2394 2.

479 2535 694 2604 2155.
738 2536 1029 2604 CHRIST
1060 2537 1192 2617 M.,
1235 2535 1730 2604 Dictionnaire
1769 2535 1859 2604 de
1897 2557 2431 2625 monogrames,
2475 2535 2795 2617 chiffres,
2838 2535 3076 2604 lettres
3117 2535 3451 2617 initiales,
3494 2535 4005 2625 logogryphes,
4048 2546 4179 2604 etc.
4226 2557 4343 2604 sur
4379 2535 4485 2604 les

712 2650 989 2740 quelles
1029 2650 1134 2719 les
1173 2650 1335 2740 plus
1376 2650 1695 2719 célebres
1738 2650 2013 2719 artistes
2054 2661 2179 2719 ont
2216 2650 2505 2719 dessiné
2543 2650 2696 2719 leur
2732 2672 2926 2719 nom.
2969 2650 3261 2719 Traduit
3298 2650 3387 2719 de
3425 2650 3849 2719 l’allemand
3885 2672 4011 2740 par
4046 2652 4152 2719 M.
4197 2650 4484 2732 Séllins,

712 2765 906 2834 Paris
946 2765 1154 2847 1750,
1187 2765 1261 2833 in
1291 2776 1556 2834 ottavo.

713 2877 1117 2951 Quest’opera
1140 2877 1303 2951 dopo
1329 2877 1385 2934 le
1409 2876 1617 2934 ultime
1642 2876 1703 2934 di
1729 2876 1918 2934 autori
1941 2876 2046 2951 più
2071 2876 2413 2934 accreditati
2438 2877 2471 2934 e
2496 2876 2557 2934 di
2580 2895 2738 2951 poca
2759 2876 2966 2934 utilità.

479 3072 694 3141 2156.
746 3074 1149 3141 DANETIUS
1194 3074 1461 3154 Petrus,
1512 3072 2042 3141 Dictionarium
2090 3072 2590 3162 antiquitatum
2635 3094 3093 3141 romanarum
3140 3083 3209 3141 et
3255 3094 3673 3162 graecarum
3721 3072 3810 3141 ad
3855 3094 4070 3141 usum
4116 3072 4483 3162 Delphini,

711 3187 1246 3256 Amstelodami
1285 3188 1493 3269 1701,
1526 3187 1600 3255 in
1628 3188 1695 3256 4.

713 3299 914 3373 Opera
941 3298 1052 3356 che
1081 3298 1158 3356 ha
1183 3299 1435 3373 perduto
1465 3299 1655 3356 molto
1685 3299 1784 3356 del
1815 3317 1924 3356 suo
1952 3298 2162 3373 pregio
2192 3299 2355 3373 dopo
2385 3299 2441 3356 le
2468 3298 2573 3373 più
2599 3298 2824 3356 recenti
2851 3298 3210 3373 produzioni
3240 3298 3301 3356 di
3330 3307 3543 3373 questo
3574 3317 3792 3373 genere
3821 3317 3854 3356 e
3882 3317 4005 3356 non
4033 3299 4089 3356 le
4117 3298 4346 3356 rimane
4375 3298 4487 3356 che

712 3395 915 3469 quello
941 3394 1002 3452 di
1028 3403 1412 3469 appartenere
1438 3395 1555 3452 alla
1578 3395 1815 3452 collana
1838 3395 1996 3452 delle
2021 3413 2203 3469 opere
2226 3394 2571 3469 pubblicate
2595 3395 2678 3452 ad
2700 3414 2871 3452 usum
2895 3394 3199 3469 Delphini.

475 3589 690 3658 2157.
748 3591 1252 3658 DICTIONARY
1300 3589 1386 3658 of
1435 3600 1572 3658 arts
1629 3589 1768 3658 and
1823 3589 2148 3658 sciences
2204 3589 2821 3679 comprehending
2876 3589 2970 3658 all
3022 3589 3142 3658 the
3193 3589 3545 3658 branches
3601 3589 3686 3658 of
3732 3589 3973 3658 useful
4025 3589 4482 3679 knowledge,

711 3704 1018 3773 London
1056 3704 1264 3786 1764,
1297 3704 1371 3772 in
1404 3705 1467 3786 8,
1500 3704 1644 3773 vol.
1677 3705 1745 3773 4.

713 3816 942 3887 Questo
971 3815 1323 3883 dizionario,
1354 3834 1471 3873 con
1497 3816 1697 3873 tavole
1724 3815 1786 3872 in
1811 3834 1975 3873 rame
2003 3815 2254 3890 copiose
2282 3816 2343 3873 di
2370 3815 2676 3873 mediocre
2704 3815 3065 3873 esecuzione
3093 3816 3126 3873 e
3153 3834 3271 3873 una
3295 3815 3536 3890 piccola
3562 3815 3982 3890 enciclopedia
4007 3815 4068 3873 di
4094 3834 4252 3890 poca
4276 3815 4484 3883 utilità,

717 3913 795 3986 [p.
826 3912 967 3981 373]
997 3912 1159 3986 dopo
1185 3911 1296 3969 che
1319 3911 1424 3986 più
1448 3911 1656 3986 grandi
1681 3930 1863 3986 opere
1887 3911 2085 3969 hanno
2112 3911 2425 3969 arricchito
2451 3912 2507 3969 le
2530 3911 2898 3969 biblioteche
2922 3911 2984 3968 in
3008 3920 3217 3986 queste
3242 3911 3505 3969 materie.
3535 3912 3736 3986 Opera
3759 3911 3820 3969 di
3847 3911 4007 3969 3500
4031 3911 4267 3986 pagine.

471 4107 686 4176 2158.
736 4109 837 4176 Le
883 4109 1405 4176 DICTIONAIRE
1446 4107 1572 4176 des
1621 4118 1757 4176 arts
1806 4118 1875 4176 et
1919 4107 2046 4176 des
2096 4107 2420 4176 sciences
2469 4107 2558 4176 de
2602 4109 2708 4176 M.
2759 4109 2847 4176 D.
2898 4108 2980 4176 C.
3032 4107 3121 4176 de
3166 4107 3629 4176 l’Académie
3673 4107 4073 4176 Francaise.
4123 4107 4487 4176 Nouvelle

713 4222 986 4291 édition
1024 4244 1263 4304 revue,
1308 4222 1630 4312 corrigée
1671 4233 1741 4291 et
1780 4223 2206 4312 augmentée
2245 4244 2371 4312 par
2408 4224 2514 4291 M.
2563 4223 2699 4264 ***
2745 4222 2834 4291 de
2873 4222 2921 4290 l’
2969 4222 3371 4291 Académie
3410 4222 3690 4312 Royale
3731 4222 3857 4291 des
3901 4222 4248 4304 sciences,
4291 4222 4486 4291 Paris

721 4337 929 4419 1745,
962 4337 1036 4405 in
1065 4337 1218 4419 fol.,
1252 4338 1296 4405 2
1326 4337 1470 4406 vol.

475 4548 690 4618 2159.
724 4550 1302 4617 DICTIONNAIRE
1328 4548 1588 4638 abrégé
1618 4548 1707 4617 de
1735 4548 2060 4638 peinture
2090 4559 2159 4617 et
2188 4548 2675 4630 architecture,
2708 4548 2902 4617 Paris
2942 4548 3150 4630 1745,
3183 4548 3257 4616 in
3295 4549 3403 4630 12,
3437 4548 3581 4617 vol.
3616 4549 3681 4617 2.

713 4660 942 4731 Questo
968 4659 1301 4717 dizionario
1325 4659 1740 4734 restringendo
1766 4660 1824 4717 la
1846 4659 2093 4717 materia
2117 4678 2151 4717 a
2174 4659 2369 4734 questi
2394 4660 2510 4717 due
2533 4659 2684 4717 rami
2712 4659 2826 4717 soli
2851 4660 3009 4717 delle
3035 4659 3141 4717 arti
3166 4660 3199 4717 è
3222 4659 3567 4734 preferibile
3593 4678 3627 4717 a
3650 4660 3853 4734 quello
3879 4659 3940 4717 di
3964 4660 4287 4717 Lacombe.

479 4854 694 4923 2160.
728 4856 1307 4923 DICTIONNAIRE
1329 4854 1726 4944 historique
1756 4865 1825 4923 et
1851 4854 2164 4944 portatif,
2198 4876 2293 4923 ou
2322 4854 2619 4923 histoire
2650 4854 2910 4944 abrégé
2941 4854 3030 4923 de
3058 4865 3220 4923 tous
3252 4854 3357 4923 les
3387 4854 3745 4936 hommes,
3778 4854 3901 4944 qui
3934 4876 4010 4923 se
4042 4865 4204 4923 sont
4231 4854 4363 4923 fait
4389 4876 4486 4923 un

712 4991 887 5038 nom
914 4991 1040 5059 par
1067 4969 1172 5038 les
1202 4969 1453 5051 talens,
1486 4980 1725 5038 vertus
1757 4980 1914 5051 etc.,
1946 4969 2410 5038 Amsterdam
2447 4969 2632 5039 1769
2666 4991 2706 5038 a
2743 4970 2951 5051 1773,
2984 4969 3128 5038 vol.
3163 4969 3229 5051 5,
3262 4969 3336 5037 in
3369 4970 3432 5051 8,
3467 4991 3642 5038 avec
3672 4969 3740 5038 le
3773 4969 4247 5059 supplément.

479 5180 694 5249 2161.
748 5182 1325 5249 ENCICLOPEDIE
1370 5202 1465 5249 ou
1517 5180 1989 5249 dictionnaire
2040 5180 2166 5249 des
2221 5180 2569 5262 sciences,
2624 5180 2750 5249 des
2804 5191 2941 5249 arts
2994 5191 3063 5249 et
3112 5180 3238 5249 des
3290 5180 3602 5262 métiers,
3658 5202 3834 5249 avec
3885 5180 3953 5249 le
4006 5180 4482 5270 supplément,

711 5295 1074 5364 Livourne
1112 5296 1320 5377 1770,
1353 5295 1497 5364 vol.
1533 5296 1648 5377 33,
1681 5295 1755 5363 in
1784 5295 1911 5364 fol.
1946 5295 2062 5364 dei
2092 5295 2287 5385 quali
2326 5296 2412 5363 12
2442 5295 2721 5364 volumi
2752 5306 3212 5385 contengono
3242 5295 3310 5364 le
3338 5295 3599 5364 tavole.

471 5506 686 5575 2162.
751 5504 1188 5588 FONTÉNÉT,
1248 5506 1744 5575 Dictionnaire
1806 5506 1932 5575 des
1997 5506 2295 5588 artistes,
2361 5528 2456 5575 ou
2517 5506 2794 5575 notices
2856 5506 3290 5596 historiques
3354 5517 3423 5575 et
3480 5506 3896 5575 raisonnées
3960 5506 4086 5575 des
4148 5506 4482 5596 peintres,

713 5643 1072 5711 graveurs,
1105 5621 1300 5690 Paris
1340 5621 1548 5703 1776,
1582 5622 1626 5689 2
1656 5621 1800 5690 vol.
1835 5643 1924 5690 en
1957 5622 2019 5690 8.

713 5733 940 5804 Questa
974 5733 1007 5790 e
1043 5751 1161 5790 una
1193 5732 1434 5807 piccola
1468 5732 1888 5807 enciclopedia
1920 5751 2027 5807 per
2060 5732 2143 5807 gli
2180 5732 2364 5790 artisti
2400 5751 2516 5790 ove
2551 5732 2614 5789 in
2647 5732 2904 5790 ristretto
2943 5751 3093 5790 sono
3129 5732 3366 5790 infinite
3402 5732 3666 5790 nozioni:
3710 5732 3759 5790 si
3795 5733 4041 5790 estende
4075 5733 4221 5807 però
4259 5751 4293 5790 a
4333 5732 4487 5790 1600

710 5828 946 5903 pagine.

479 6023 694 6092 2163.
728 6025 1144 6105 LACOMBE,
1172 6023 1668 6092 Dictionnaire
1696 6023 1994 6113 portatif
2017 6023 2144 6092 des
2173 6023 2409 6092 beaux
2441 6034 2601 6105 arts,
2634 6023 2828 6092 Paris
2868 6023 3076 6105 1759,
3109 6023 3183 6091 in
3216 6024 3278 6092 8.

711 6136 927 6192 Buona
950 6134 1228 6192 edizione
1252 6134 1314 6191 in
1339 6134 1459 6192 686
1483 6134 1702 6209 pagine
1728 6153 1845 6192 con
1868 6153 1949 6192 un
1975 6135 2394 6209 supplemento
2420 6135 2633 6192 d’altre
2665 6135 2736 6193 19
2761 6134 2997 6209 pagine.

710 6277 809 6282 —
837 6236 942 6303 Lo
975 6245 1227 6303 stesso.
1261 6234 1713 6303 Traduzione
1743 6234 1860 6303 dal
1889 6234 2217 6303 francese
2246 6234 2320 6302 in
2349 6234 2666 6316 italiano,
2700 6236 3027 6303 Bassano
3066 6235 3274 6316 1781,
3307 6234 3381 6302 in
3414 6235 3476 6303 8.

713 6346 914 6420 Opera
936 6345 1258 6403 utilissima
1282 6345 1401 6420 agli
1427 6345 1612 6403 artisti
1635 6364 1742 6420 per
1765 6346 1823 6403 la
1844 6345 2118 6403 riunione
2143 6345 2204 6403 di
2229 6346 2415 6403 molte
2438 6346 2639 6403 buone
2664 6345 3029 6420 cognizioni.

2171 6657 2347 6694 WWW.
2358 6637 2734 6710 memofonte.
2748 6639 2791 6694 il
