4958 7017
1981 864 2366 922 Fondazione
2390 838 2775 922 Memofonte
2800 865 2976 922 onlus

1390 960 1600 1018 Studio
1624 979 1731 1035 per
1754 960 2226 1018 l’elaborazione
2250 960 2632 1018 informatica
2655 961 2813 1018 delle
2838 960 2991 1018 fonti
3018 960 3571 1018 storico—artistiche

473 1343 655 1401 4514.
686 1345 986 1411 FOILLOT,
1018 1352 1076 1401 et
1103 1344 1178 1401 de
1207 1344 1265 1401 la
1291 1344 1514 1411 Lande,
1546 1344 1878 1418 Catalogue
1907 1344 2093 1401 d’une
2120 1344 2280 1401 belle
2309 1343 2634 1401 collection
2662 1344 2737 1401 de
2765 1344 3061 1411 tableaux,
3093 1343 3366 1418 esquisse
3396 1344 3430 1401 a
3457 1343 3688 1411 l’huile,
3720 1343 4012 1411 desseins,
4044 1352 4344 1418 estampes
4374 1352 4484 1401 etc.

699 1440 779 1497 du
803 1439 1059 1497 Cabinet
1082 1440 1157 1497 de
1181 1441 1269 1497 M.
1297 1439 1534 1507 Nourri,
1561 1439 1724 1497 Paris
1757 1439 1910 1497 1785
1921 1488 1932 1507 ,
1959 1439 2021 1496 in
2048 1440 2100 1497 8.

473 1631 655 1689 4515.
689 1633 983 1699 PAILLET,
1019 1632 1352 1706 Catalogue
1385 1632 1571 1689 d’une
1604 1631 1929 1689 collection
1961 1632 2036 1689 de
2068 1632 2347 1689 tableaux
2379 1632 2454 1689 de
2486 1631 2791 1689 mellieurs
2825 1632 3065 1689 maîtres
3099 1632 3205 1689 des
3238 1631 3382 1689 trois
3416 1632 3638 1699 écoles,
3674 1632 3754 1689 du
3786 1631 4042 1689 Cabinet
4073 1632 4153 1689 du
4184 1633 4272 1689 M.
4309 1632 4384 1689 de
4415 1633 4484 1689 B.

703 1727 837 1794 ***,
864 1726 1027 1784 Paris
1060 1726 1235 1794 1785,
1262 1726 1324 1783 in
1351 1727 1403 1784 8.

473 1918 655 1976 4516.
682 1920 975 1986 PAILLET,
1004 1919 1337 1993 Catalogue
1362 1919 1468 1976 des
1494 1919 1773 1976 tableaux
1797 1919 1872 1976 de
1896 1918 2040 1976 trois
2066 1919 2288 1986 écoles,
2316 1918 2682 1986 miniatures,
2708 1919 2983 1986 bronzes,
3011 1919 3275 1976 marbres
3301 1927 3411 1976 etc.
3440 1919 3520 1976 du
3545 1918 3801 1976 Cabinet
3824 1919 3899 1976 de
3923 1918 4197 1993 Marquis
4223 1919 4298 1976 de
4322 1918 4485 1986 Veri,

698 2014 861 2072 Paris
894 2014 1068 2082 1785,
1095 2014 1157 2071 in
1184 2015 1237 2082 8,
1265 2017 1598 2088 coiprezzi.

473 2206 655 2264 4517.
691 2208 968 2263 PAILLET
1000 2215 1058 2264 et
1089 2206 1382 2274 Milliotti,
1419 2207 1752 2281 Catalogue
1786 2207 1892 2264 des
1926 2207 2206 2264 tableaux
2239 2207 2345 2264 des
2379 2206 2524 2264 trois
2559 2206 3062 2264 écoleszdesseins
3100 2225 3240 2264 sous
3276 2225 3474 2264 verres
3510 2215 3620 2264 etc.
3658 2207 3738 2264 du
3771 2206 4027 2264 Cabinet
4059 2207 4134 2264 de
4167 2208 4255 2264 M.
4295 2206 4486 2264 Saint—

698 2301 990 2369 Maurice,
1017 2301 1180 2359 Paris
1213 2301 1387 2369 1785,
1414 2301 1476 2358 in
1503 2302 1556 2369 8,
1584 2304 1683 2359 coi
1698 2304 1917 2375 prezzi.

2199 2494 2760 2551 MDCCLXXXVI

473 2589 655 2647 4518.
688 2591 772 2647 Le
801 2591 1013 2657 BRUN,
1046 2590 1378 2664 Catalogue
1408 2590 1593 2647 d’une
1621 2590 1781 2647 belle
1812 2589 2137 2647 collection
2166 2590 2241 2647 de
2270 2590 2550 2647 tableaux
2579 2590 2686 2647 des
2717 2590 2920 2647 écoles
2951 2589 3206 2657 d’Italie,
3239 2590 3314 2647 de
3343 2590 3596 2647 Flandre
3626 2598 3736 2647 etc.
3770 2598 3989 2647 venant
4017 2590 4097 2647 du
4127 2589 4384 2647 Cabinet
4412 2590 4487 2647 de

698 2687 786 2743 M.
819 2686 953 2753 ***,
980 2685 1143 2743 Paris
1176 2685 1350 2753 1786,
1377 2685 1439 2742 in
1466 2686 1518 2743 8.

473 2876 655 2935 4519.
682 2878 766 2934 Le
790 2878 1002 2944 BRUN,
1030 2877 1362 2951 Catalogue
1387 2877 1572 2934 d’une
1595 2877 1755 2934 belle
1780 2876 2106 2934 collection
2130 2877 2205 2934 de
2229 2877 2509 2934 tableaux
2533 2877 2613 2934 du
2637 2876 2894 2934 Cabinet
2917 2877 2992 2934 de
3016 2878 3104 2934 M.
3138 2877 3271 2944 ***,
3298 2876 3461 2934 Paris
3494 2876 3669 2944 1786,
3695 2876 3757 2933 in
3784 2877 3836 2934 8.

473 3068 655 3126 4520.
687 3070 971 3126 FOLLIOT
998 3069 1073 3126 de
1103 3069 1161 3126 la
1188 3069 1393 3126 Lande
1422 3077 1480 3126 et
1507 3068 1714 3126 Julliot
1742 3068 1862 3136 fils,
1895 3069 2228 3143 Catalogue
2257 3069 2363 3126 des
2393 3069 2690 3136 tableaux,
2723 3068 3015 3136 desseins,
3047 3077 3347 3143 estampes
3378 3069 3458 3126 du
3487 3068 3743 3126 Cabinet
3771 3069 3846 3126 de
3874 3070 3962 3126 M.
3994 3068 4292 3136 Baudoin,
4323 3068 4486 3126 Paris

706 3164 881 3232 1786,
907 3164 969 3221 in
996 3165 1048 3222 8.

473 3355 655 3413 4521.
687 3357 971 3413 FOLLIOT
998 3356 1073 3413 de
1102 3356 1160 3413 la
1188 3356 1392 3413 Lande
1421 3364 1479 3413 et
1506 3355 1713 3413 Julliot
1741 3355 1861 3423 fils,
1893 3356 2227 3430 Catalogue
2256 3356 2362 3413 des
2391 3356 2688 3423 tableaux,
2721 3355 3086 3423 miniatures,
3119 3355 3391 3413 desseins
3422 3364 3533 3413 etc.
3566 3356 3646 3413 du
3674 3355 3931 3413 Cabinet
3958 3356 4033 3413 de
4061 3357 4149 3413 M.
4182 3357 4484 3430 Bergeret,

698 3451 861 3509 Paris
894 3451 1068 3519 1786,
1095 3451 1157 3508 in
1184 3452 1236 3509 8.

473 3643 655 3701 4522.
682 3645 975 3711 PAILLET,
1003 3644 1337 3718 Catalogue
1362 3644 1468 3701 des
1493 3644 1789 3711 tableaux,
1817 3643 2109 3711 desseins,
2135 3644 2358 3718 pastels
2384 3652 2442 3701 et
2465 3662 2684 3701 emaux
2708 3652 2818 3701 etc.
2847 3644 2927 3701 du
2952 3643 3208 3701 Cabinet
3231 3644 3306 3701 de
3330 3645 3418 3701 M.
3445 3644 3720 3711 Watelet,
3747 3643 3910 3701 Paris
3943 3643 4116 3701 1786.

473 3835 655 3893 4523.
682 3837 975 3903 PAILLET,
1003 3836 1337 3910 Catalogue
1362 3836 1468 3893 des
1493 3836 1772 3893 tableaux
1794 3835 2080 3910 precieux
2104 3836 2184 3893 du
2209 3835 2465 3893 Cabinet
2489 3836 2564 3893 de
2588 3837 2676 3893 M.
2704 3836 2949 3903 Aubert,
2976 3835 3139 3893 Paris
3172 3835 3346 3903 1786,
3373 3835 3435 3892 in
3462 3836 3514 3893 8.

473 4026 655 4084 4524.
682 4028 975 4094 PAILLET,
1003 4027 1337 4101 Catalogue
1362 4027 1468 4084 des
1493 4027 1772 4084 tableaux
1796 4027 1902 4084 des
1927 4026 2071 4084 trois
2097 4027 2300 4084 écoles
2326 4027 2406 4084 du
2431 4026 2688 4084 Cabinet
2711 4027 2786 4084 de
2810 4028 2898 4084 M.
2926 4028 2996 4084 B.
3029 4027 3162 4094 ***,
3189 4026 3352 4084 Paris
3385 4026 3559 4094 1786,
3586 4026 3648 4083 in
3675 4027 3727 4084 8.

473 4218 655 4276 4525.
687 4220 980 4286 PAILLET,
1013 4219 1347 4293 Catalogue
1377 4219 1483 4276 des
1513 4219 1792 4276 tableaux
1821 4219 1927 4276 des
1957 4218 2101 4276 trois
2132 4219 2354 4286 écoles,
2387 4218 2679 4286 desseins,
2710 4219 2985 4286 bronzes,
3018 4219 3281 4276 marbres
3312 4227 3422 4276 etc.
3456 4219 3536 4276 du
3565 4218 3822 4276 Cabinet
3850 4219 3925 4276 de
3954 4220 4042 4276 M.
4076 4219 4132 4276 le
4161 4220 4297 4293 Roy
4326 4219 4401 4276 de
4431 4219 4489 4276 la

698 4314 1087 4389 Faudiguere,
1114 4314 1277 4372 Paris
1310 4314 1485 4382 1786,
1511 4314 1573 4371 in
1600 4315 1652 4372 8.

473 4505 655 4563 4526.
685 4507 978 4573 PAILLET,
1009 4506 1343 4580 Catalogue
1371 4506 1477 4563 des
1505 4506 1784 4563 tableaux
1809 4505 2095 4580 précieux
2122 4506 2228 4563 des
2256 4505 2400 4563 trois
2429 4506 2652 4573 écoles,
2683 4505 3048 4573 miniatures,
3077 4506 3300 4580 pastels
3329 4514 3439 4563 etc.
3471 4506 3552 4563 du
3579 4505 3836 4563 Cabinet
3862 4506 3937 4563 de
3964 4507 4052 4563 M.
4084 4506 4140 4563 le
4168 4505 4489 4563 Chavalier

699 4602 774 4659 de
799 4602 867 4659 C.
900 4602 1034 4669 ***,
1061 4601 1224 4659 Paris
1257 4601 1430 4659 1786.

472 4812 529 4868 p.
560 4794 675 4851 303

2185 4986 2774 5043 MDCCLXXXVII

473 5080 655 5138 4527.
683 5082 767 5138 Le
792 5082 1004 5148 BRUN,
1033 5081 1365 5155 Catalogue
1391 5081 1498 5138 des
1524 5081 1804 5138 tableaux
1829 5080 2125 5155 capitaux,
2154 5089 2212 5138 et
2236 5081 2431 5155 objets
2456 5099 2634 5148 rares,
2663 5089 2721 5138 et
2745 5080 2991 5138 curieux
3016 5081 3096 5138 du
3122 5080 3378 5138 Cabinet
3402 5081 3477 5138 de
3503 5082 3591 5138 M.
3620 5081 3916 5148 Lambert,
3945 5089 4003 5138 et
4027 5081 4102 5138 de
4127 5082 4215 5138 M.
4245 5081 4320 5138 de
4351 5081 4484 5148 ***,

698 5176 861 5234 Paris
894 5177 1068 5244 1787,
1095 5176 1157 5233 in
1184 5177 1236 5234 8.

473 5368 655 5426 4528.
683 5370 767 5426 Le
792 5370 1004 5436 BRUN,
1032 5369 1364 5443 Catalogue
1390 5369 1575 5426 d’une
1600 5369 1716 5426 très
1741 5369 1901 5426 belle
1927 5368 2252 5426 collection
2277 5369 2352 5426 de
2377 5369 2655 5426 tableaux
2680 5377 2790 5426 etc.
2818 5377 3151 5443 provenant
3175 5369 3255 5426 du
3280 5368 3537 5426 Cabinet
3561 5369 3636 5426 de
3661 5370 3749 5426 M.
3782 5369 3915 5436 ***,
3943 5368 4106 5426 Paris
4140 5369 4314 5436 1787,
4342 5368 4404 5425 in
4432 5369 4485 5436 8,

699 5467 798 5522 coi
814 5467 1033 5538 prezzi.

473 5655 655 5714 4529.
692 5657 776 5713 Le
810 5657 1022 5723 BRUN,
1060 5656 1392 5730 Catalogue
1427 5656 1533 5713 des
1568 5656 1848 5713 tableaux
1882 5656 1988 5713 des
2024 5656 2227 5713 écoles
2263 5655 2518 5723 d’Italie,
2556 5656 2631 5713 de
2665 5656 2934 5723 Flandre,
2972 5664 3030 5713 et
3063 5656 3138 5713 de
3172 5657 3395 5713 France
3430 5656 3509 5713 du
3543 5655 3800 5713 Cabinet
3833 5656 3908 5713 de
3942 5657 4030 5713 M.
4069 5656 4286 5723 Collet,
4323 5655 4486 5713 Paris

706 5752 881 5819 1787,
907 5751 969 5808 in
996 5752 1048 5809 8.

473 5943 655 6001 4530.
682 5945 766 6001 Le
790 5945 1002 6011 BRUN,
1032 5943 1214 6011 Suite,
1242 5952 1300 6001 et
1325 5944 1705 6018 supplément
1729 5962 1803 6001 au
1827 5944 2142 6018 catalogue
2167 5944 2242 6001 de
2266 5945 2354 6001 M.
2383 5944 2439 6001 le
2463 5945 2597 6001 Duc
2623 5944 2698 6001 de
2723 5943 2832 6001 Ch.
2866 5944 3000 6011 ***,
3027 5943 3190 6001 Paris
3223 5944 3398 6011 1787,
3425 5943 3486 6000 in
3513 5944 3565 6001 8.

473 6134 655 6192 4531.
686 6136 770 6192 Le
797 6136 1009 6202 BRUN,
1040 6135 1372 6209 Catalogue
1400 6135 1585 6192 d’une
1613 6135 1729 6192 très
1756 6135 1916 6192 belle
1944 6134 2269 6192 collection
2296 6135 2371 6192 de
2398 6135 2678 6192 tableaux
2705 6134 2960 6202 d’Italie,
2990 6135 3260 6202 Flandre,
3291 6135 3592 6192 Hollande
3620 6143 3678 6192 et
3703 6136 3944 6202 France,
3976 6153 4170 6202 vases,
4201 6135 4483 6202 marbres,

697 6231 953 6288 bronzes
979 6239 1089 6288 etc.
1118 6231 1198 6288 du
1222 6230 1478 6288 Cabinet
1501 6231 1576 6288 de
1600 6232 1688 6288 M.
1717 6231 1792 6288 de
1816 6230 2163 6298 Vendreuil,
2190 6230 2353 6288 Paris
2386 6231 2560 6298 1787,
2587 6230 2649 6287 in
2676 6231 2728 6288 8.

473 6422 655 6480 4532.
687 6424 771 6480 Le
799 6424 1011 6490 BRUN,
1043 6423 1376 6497 Catalogue
1405 6423 1512 6480 des
1541 6423 1821 6480 tableaux
1849 6422 2183 6497 capiteaux,
2215 6431 2273 6480 et
2300 6423 2495 6497 objets
2524 6441 2683 6480 rares
2713 6431 2771 6480 et
2798 6422 3045 6480 curieux
3073 6423 3154 6480 du
3183 6422 3439 6480 Cabinet
3467 6423 3542 6480 de
3570 6424 3658 6480 M.
3691 6423 3747 6480 le
3777 6422 3965 6480 Chev.
3998 6423 4295 6490 Lambert,
4327 6431 4385 6480 et
4412 6423 4487 6480 de

2171 6657 2347 6694 WWW.
2358 6637 2734 6710 memofonte.
2748 6639 2791 6694 il
