4958 7017
1981 864 2366 922 Fondazione
2390 864 2775 922 Memofonte
2800 865 2976 922 onlus

1390 960 1600 1018 Studio
1624 979 1731 1035 per
1754 960 2226 1018 l’elaborazione
2250 960 2632 1018 informatica
2655 961 2813 1018 delle
2838 960 2991 1018 fonti
3018 960 3571 1018 storico—artistiche

707 1247 924 1305 furono
950 1247 1357 1322 Charpentier,
1384 1248 1737 1315 Tallemant,
1764 1247 2009 1315 Racine,
2036 1247 2310 1315 Boileau,
2337 1249 2691 1322 Despreaux
2716 1266 2803 1305 ec.

706 1345 791 1401 Fu
831 1362 1151 1418 soppressa
1187 1344 1245 1401 la
1279 1343 1628 1418 prefazione
1666 1343 1778 1401 che
1818 1343 1867 1401 si
1905 1352 2153 1401 trovava
2190 1343 2289 1418 già
2328 1352 2620 1418 stampata
2656 1362 2689 1401 e
2727 1343 2789 1400 in
2826 1343 3081 1418 qualche
3119 1344 3453 1418 esemplare
3491 1343 3918 1401 difficilmente
3954 1344 4076 1418 può
4113 1343 4486 1401 riscontrarsi

708 1458 943 1507 ancora,
970 1439 1013 1496 il
1038 1439 1149 1497 che
1172 1440 1355 1497 rende
1379 1439 1422 1496 il
1447 1439 1600 1497 libro
1624 1439 1728 1514 più
1750 1439 2039 1497 ricercato
2065 1439 2163 1497 dai
2188 1439 2410 1497 curiosi
2435 1439 2496 1497 di
2519 1439 2710 1497 rarità.

474 1631 655 1690 2925.
704 1633 1139 1689 MEDIOBARBI
1181 1631 1503 1699 Francisci,
1551 1633 1985 1706 Imperatorum
2026 1650 2415 1689 romanorum
2459 1631 2823 1689 numismata
2868 1650 2902 1689 a
2945 1632 3239 1706 Pompejo
3285 1633 3516 1706 Magno
3565 1632 3640 1689 ad
3685 1631 4034 1689 Heraclium
4079 1632 4152 1689 ab
4199 1631 4486 1706 Adolpho

708 1727 957 1784 Occone
999 1726 1150 1784 olim
1189 1735 1478 1801 congesta
1518 1735 1576 1784 et
1617 1745 1651 1784 a
1690 1726 2094 1784 Mediobarbo
2136 1726 2463 1784 innumeris
2506 1726 2742 1784 mendis
2785 1735 3127 1801 expurgata,
3172 1735 3412 1784 curante
3453 1726 3733 1801 Philippo
3775 1727 4061 1801 Argelato
4102 1726 4483 1794 bononiensi,

706 1822 1045 1880 Mediolani
1077 1822 1252 1890 1764,
1279 1822 1341 1879 in
1365 1822 1492 1890 fol.,
1520 1822 1624 1897 fig.

713 1919 940 1990 Questa
969 1919 1002 1976 e
1032 1919 1090 1976 la
1116 1919 1320 1976 buona
1348 1937 1381 1976 e
1410 1918 1760 1993 pregievole
1790 1918 2068 1976 edizione
2098 1918 2159 1976 di
2189 1937 2307 1976 una
2335 1919 2415 1976 tal
2445 1937 2645 1993 opera,
2678 1927 2905 1976 mentre
2935 1937 3057 1976 non
3089 1919 3221 1976 suol
3250 1918 3469 1976 tenersi
3499 1918 3562 1975 in
3591 1918 3818 1976 credito
3849 1919 4050 1993 quella
4079 1918 4488 1976 viziosissima

705 2014 1035 2089 parimente
1060 2014 1121 2072 di
1145 2014 1382 2072 Milano
1408 2015 1506 2072 del
1538 2014 1711 2072 1683.
1738 2016 1822 2072 Le
1847 2014 2148 2089 medaglie
2172 2014 2479 2089 intagliate
2503 2014 2566 2071 in
2588 2033 2753 2072 rame
2780 2033 2930 2072 sono
2954 2014 3235 2089 riportate
3260 2014 3350 2072 fra
3372 2014 3415 2071 il
3439 2023 3610 2072 testo.

474 2206 655 2265 2926.
682 2208 1124 2264 MENEGHELLI
1146 2206 1280 2264 Pier
1302 2206 1589 2274 Antonio,
1616 2206 2080 2281 Ragionamenti
2107 2225 2284 2281 sopra
2306 2225 2424 2264 una
2448 2206 2862 2264 antichissima
2885 2215 3128 2264 moneta
3151 2206 3212 2264 di
3236 2207 3497 2274 Padova,
3523 2207 3768 2264 Padova
3798 2207 3972 2274 1803,
3998 2206 4060 2263 in
4087 2207 4139 2264 8.

702 2303 879 2359 Tutto
905 2301 1165 2376 dipende
1190 2302 1350 2359 dalla
1373 2302 1583 2359 lettura
1606 2301 2077 2359 dell’iscrizione
2104 2302 2257 2359 sulla
2280 2302 2456 2376 quale
2481 2320 2603 2359 non
2630 2302 2879 2359 sarebbe
2906 2310 3102 2359 strano
3127 2301 3170 2358 il
3193 2320 3593 2376 promuovere
3618 2301 3873 2376 qualche
3898 2301 4143 2359 dubbio.

474 2494 655 2552 2927.
682 2495 1114 2551 MENESTRIER
1137 2494 1368 2551 Claude
1392 2493 1694 2568 Francois,
1721 2495 1917 2551 Lettre
1943 2494 1977 2551 a
1999 2495 2087 2551 M.
2115 2495 2331 2568 Mayer
2356 2512 2453 2551 sur
2476 2512 2592 2551 une
2615 2493 2789 2568 piece
2815 2493 3055 2568 antique
3080 2493 3233 2568 qu’il
3259 2512 3293 2551 a
3317 2494 3563 2568 apporté
3588 2494 3663 2551 de
3687 2495 3899 2561 Rome,
3926 2493 3989 2550 in
4012 2494 4069 2561 4,
4096 2495 4184 2551 M.
4213 2494 4310 2551 27.

474 2686 655 2744 2928.
689 2687 990 2753 MENIZZI,
1023 2686 1201 2743 Delle
1232 2694 1473 2743 monete
1505 2686 1600 2743 de’
1637 2685 1971 2743 Veneziani
2002 2686 2100 2743 dal
2129 2685 2427 2760 principio
2460 2686 2516 2743 al
2547 2685 2672 2743 fine
2703 2686 2863 2743 della
2892 2686 3022 2743 loro
3053 2685 3447 2760 Repubblica,
3480 2687 3541 2743 P.
3575 2685 3787 2753 Prima,
3820 2685 4092 2743 Venezia
4128 2686 4303 2753 1818,
4336 2685 4398 2742 in
4427 2686 4484 2753 4,

707 2781 812 2856 fig.

711 2878 795 2934 Le
824 2877 1024 2934 tavole
1053 2876 1115 2933 in
1144 2877 1324 2951 legno
1354 2876 1573 2934 inserte
1603 2876 1693 2934 fra
1720 2876 1775 2933 il
1810 2885 1963 2934 testo
1991 2885 2350 2951 presentano
2379 2895 2498 2934 una
2528 2876 2679 2934 serie
2709 2876 2770 2934 di
2800 2876 3211 2934 antichissime
3240 2885 3482 2934 monete
3514 2876 3914 2944 sconosciute,
3947 2876 4058 2934 che
4090 2895 4153 2934 se
4182 2895 4305 2934 non
4336 2895 4486 2934 sono

708 2972 994 3047 apocrife,
1022 2973 1447 3047 capovolgono
1473 2973 1529 3030 le
1553 2972 1777 3030 notizie
1802 2972 1891 3029 fin
1915 2972 2017 3047 qui
2043 2981 2218 3030 avute
2241 2972 2693 3030 relativamente
2719 2972 3113 3030 all’antichità
3136 2973 3294 3030 delle
3317 2972 3509 3047 prime
3534 2981 3776 3030 monete
3801 2972 4146 3030 veneziane.

474 3165 655 3223 2929.
689 3166 1001 3222 MERCATI
1029 3164 1373 3232 Michaelis,
1406 3164 1840 3222 Metallotheca
1869 3183 2022 3239 opus
2052 3173 2404 3239 postumum
2433 3183 2466 3222 e
2497 3164 2756 3222 tenebris
2787 3164 2850 3221 in
2880 3165 3082 3222 lucem
3111 3165 3396 3222 eductum
3425 3183 3626 3239 opere,
3660 3173 3718 3222 et
3749 3164 3946 3222 studio
3977 3164 4222 3222 Joannis
4254 3164 4487 3222 Mariae

706 3260 988 3328 Lancisii,
1016 3262 1266 3328 Romae,
1294 3279 1370 3318 ex
1394 3260 1650 3318 officina
1676 3260 1965 3328 Salvioni,
2000 3261 2175 3328 1817,
2202 3260 2264 3317 in
2288 3260 2415 3328 fol.,
2443 3260 2548 3335 fig.

713 3356 942 3427 Questo
979 3355 1132 3413 libro
1169 3355 1447 3413 contiene
1482 3374 1563 3413 un
1596 3356 1698 3430 po’
1742 3355 1803 3413 di
1838 3364 2005 3423 tutto,
2044 3374 2143 3413 ma
2176 3355 2239 3412 in
2276 3355 2478 3430 specie
2514 3356 2700 3413 molte
2736 3356 2936 3413 tavole
2972 3355 3033 3413 di
3069 3355 3296 3413 metalli
3332 3374 3365 3413 e
3401 3355 3674 3413 minerali
3711 3374 3744 3413 e
3781 3355 3969 3413 anche
4005 3356 4191 3413 molte
4229 3364 4417 3413 statue
4453 3374 4486 3413 e

706 3451 1082 3509 monumenti
1108 3451 1169 3509 di
1196 3451 1494 3509 antichità.
1526 3451 1756 3509 Sonovi
1781 3451 1801 3508 i
1825 3451 2031 3509 ritratti
2057 3452 2155 3509 del
2180 3451 2436 3509 Mercati
2462 3470 2495 3509 e
2521 3452 2619 3509 del
2645 3451 2903 3509 Lancisi.
2934 3452 3198 3509 Occorre
3224 3451 3558 3509 esaminare
3586 3470 3649 3509 se
3677 3451 3828 3509 siavi
3854 3451 4239 3526 l’appendice
4265 3470 4382 3509 con
4414 3452 4485 3510 19

706 3548 906 3605 tavole
932 3547 1279 3622 pubblicata
1304 3548 1402 3605 nel
1437 3548 1612 3615 1719,
1642 3547 1753 3605 che
1781 3548 1934 3605 deve
1962 3547 2188 3605 esservi
2217 3566 2488 3605 annessa.
2519 3549 2603 3605 Le
2630 3548 2831 3605 tavole
2858 3547 3353 3605 numerosissime
3381 3548 3479 3605 del
3507 3548 3753 3605 volume
3783 3556 3993 3605 stanno
4020 3547 4301 3622 riportate
4329 3547 4419 3605 fra
4444 3547 4487 3604 il

706 3652 859 3701 testo
885 3662 918 3701 e
945 3662 1095 3701 sono
1121 3643 1389 3718 eseguite
1415 3652 1909 3701 accuratamente.

474 3836 655 3894 2930.
686 3837 931 3893 MILLIN
957 3835 1163 3893 Aubin
1190 3835 1394 3903 Louis,
1424 3835 1811 3910 Description
1838 3836 1988 3893 d’un
2015 3836 2224 3893 camée
2252 3836 2332 3893 du
2360 3835 2599 3893 cabinet
2630 3837 2708 3910 [p.
2740 3836 2842 3905 72]
2876 3836 2982 3893 des
3012 3835 3283 3910 antiques
3313 3836 3388 3893 de
3416 3836 3474 3893 la
3500 3835 3927 3910 Bibliotheque
3954 3835 4293 3903 Nationale,
4323 3835 4486 3893 Paris

708 3949 798 3988 an.
826 3932 985 3998 VIII,
1012 3930 1074 3987 in
1101 3931 1154 3998 8,
1182 3930 1308 4005 fig.,
1335 3932 1423 3988 M.
1453 3930 1549 3988 54.

711 4026 1040 4101 L’intaglio
1065 4026 1127 4083 in
1149 4045 1313 4084 rame
1338 4027 1498 4084 della
1520 4027 1723 4084 tavola
1747 4027 1780 4084 e
1805 4027 2013 4084 lavoro
2039 4026 2343 4084 finissimo
2369 4026 2430 4084 di
2457 4026 2623 4084 Saint
2646 4026 2868 4084 Aubin.

474 4219 655 4277 2931.
691 4220 952 4286 MILLIN,
989 4218 1254 4276 Histoire
1288 4218 1635 4293 métallique
1669 4219 1744 4276 de
1778 4219 1836 4276 la
1867 4218 2234 4276 Revolution
2266 4218 2600 4293 Francaise,
2637 4237 2717 4276 ou
2748 4218 2972 4276 recueil
3006 4219 3112 4276 des
3147 4218 3479 4286 médailles,
3517 4227 3575 4276 et
3607 4219 3713 4276 des
3747 4218 4085 4286 monnoies,
4122 4218 4224 4293 qui
4258 4227 4362 4276 ont
4394 4219 4487 4276 été

707 4314 984 4389 frappées
1011 4314 1223 4389 depuis
1250 4315 1308 4372 la
1332 4314 1736 4372 convocation
1761 4315 1867 4372 des
1893 4297 2055 4372 États
2082 4315 2384 4389 géneraux
2401 4315 2652 4389 jusqu’à
2676 4315 2735 4372 la
2757 4314 3050 4389 premiere
3076 4333 3410 4389 campagne
3436 4315 3511 4372 de
3544 4315 3805 4372 l’armée
3831 4314 4085 4382 d’Italie,
4113 4314 4276 4372 Paris
4310 4314 4485 4382 1806,

706 4410 768 4467 in
791 4411 848 4478 4,
876 4410 981 4485 fig.

707 4505 786 4563 26
820 4506 1020 4563 tavole
1052 4514 1409 4580 presentano
1444 4505 1696 4580 l’ampia
1731 4505 1882 4563 serie
1916 4506 2074 4563 delle
2108 4505 2427 4580 medaglie,
2464 4505 2575 4563 che
2608 4505 2919 4563 illustrano
2954 4505 3038 4580 gli
3073 4505 3479 4563 avvenimenti
3513 4506 3673 4563 della
3705 4505 3953 4563 Francia
3985 4506 4083 4563 col
4115 4505 4220 4580 più
4253 4505 4485 4563 minuto

705 4601 1058 4676 ragguaglio
1086 4601 1324 4659 storico.

474 4794 655 4852 2932.
682 4795 943 4861 MILLIN,
970 4793 1357 4868 Description
1381 4794 1567 4851 d’une
1592 4793 1874 4851 medaille
1899 4794 1974 4851 de
2001 4793 2147 4851 Siris
2173 4794 2320 4851 dans
2346 4794 2404 4851 la
2427 4793 2709 4861 Lucanie,
2736 4793 2899 4851 Paris
2932 4794 3107 4861 1824,
3134 4793 3196 4850 in
3227 4794 3318 4861 12,
3346 4793 3450 4868 fig.

474 4986 655 5044 2933.
682 4987 943 5053 MILLIN,
970 4985 1357 5060 Description
1381 4986 1531 5043 d’un
1557 5004 1737 5043 sceau
1761 4986 1898 5043 d’or
1921 4986 1996 5043 de
2020 4985 2204 5043 Lovis
2229 4987 2360 5053 XII,
2387 4985 2550 5043 Paris
2583 4986 2758 5053 1814,
2785 4985 2847 5042 in
2874 4986 2927 5053 8,
2955 4985 3059 5060 fig.

474 5177 655 5235 2934.
690 5176 970 5234 Mionnet
999 5176 1316 5234 Théodore
1347 5177 1555 5244 Edme,
1589 5176 1976 5251 Description
2007 5177 2082 5234 de
2114 5176 2428 5234 médailles
2463 5176 2753 5251 antiques,
2788 5195 3098 5251 grecques,
3133 5185 3191 5234 et
3219 5176 3522 5234 romaines
3556 5195 3702 5234 avec
3735 5177 3863 5234 leur
3893 5177 4074 5251 degré
4106 5177 4181 5234 de
4211 5177 4399 5234 rareté
4431 5185 4489 5234 et

707 5273 834 5330 leur
857 5272 1218 5340 estimation,
1246 5273 1365 5330 vol.
1393 5274 1559 5340 VI...,
1586 5272 1748 5330 Paris
1781 5272 2067 5340 1806—15,
2094 5272 2156 5329 in
2183 5273 2235 5330 8.

700 5369 901 5443 Opera
939 5368 1297 5426 accreditata
1334 5369 1759 5443 grandemente
1796 5387 1903 5443 per
1940 5369 1998 5426 la
2037 5387 2143 5426 sua
2180 5368 2540 5436 estensione,
2581 5387 2703 5426 non
2742 5387 2921 5426 meno
2961 5368 3072 5426 che
3109 5387 3216 5443 per
3253 5369 3311 5426 la
3350 5387 3456 5426 sua
3493 5377 3807 5426 esattezza.
3849 5370 3916 5425 In
3954 5368 4148 5443 questi
4185 5368 4363 5443 primi
4401 5370 4486 5426 VI

707 5464 938 5522 volumi
963 5464 1264 5539 comparsi
1290 5464 1487 5522 finora
1512 5464 1561 5522 si
1586 5473 1970 5539 contengono
1996 5465 2052 5522 le
2077 5464 2378 5539 medaglie
2403 5464 2638 5539 greche.

474 5655 655 5714 2935.
683 5657 994 5713 MOLINET
1016 5657 1077 5713 P.
1106 5656 1356 5723 Claude,
1383 5657 1467 5713 Le
1493 5655 1731 5713 cabinet
1754 5656 1829 5713 de
1854 5656 1912 5713 la
1934 5655 2361 5730 Bibliotheque
2386 5656 2461 5713 de
2489 5656 2546 5713 S.
2576 5655 2927 5713 Genevieve
2952 5655 3147 5713 divise
3172 5674 3247 5713 en
3271 5656 3430 5713 deux
3452 5655 3691 5730 parties,
3718 5655 3881 5713 Paris
3914 5655 4089 5723 1692,
4116 5655 4178 5712 in
4202 5655 4329 5723 fol.,
4357 5655 4483 5730 fig.,

707 5760 867 5809 carta
890 5752 1129 5826 grande.

711 5847 791 5905 Vi
826 5866 976 5905 sono
1009 5847 1086 5905 45
1122 5848 1322 5905 tavole
1355 5848 1504 5905 oltre
1536 5847 1556 5904 i
1589 5848 1705 5905 due
1738 5847 2084 5922 frontespizj
2123 5866 2156 5905 e
2188 5847 2231 5904 il
2262 5847 2486 5905 ritratto
2520 5848 2894 5905 dell’autore.
2930 5847 3382 5922 L’importanza
3413 5847 3724 5922 maggiore
3757 5847 3818 5905 di
3851 5856 4063 5922 questo
4097 5847 4250 5905 libro
4284 5847 4490 5905 deriva

707 5944 1059 6001 dall’essere
1101 5943 1144 6000 il
1186 5943 1534 6001 testimonio
1576 5943 1681 6018 più
1724 5943 2023 6001 autentico
2067 5943 2456 6018 dell’insigne
2500 5943 2705 6001 abilità
2747 5944 2845 6001 del
2888 5943 3123 6001 Cavino
3167 5943 3616 6001 contraffattore
3659 5943 3720 6001 di
3763 5944 3897 6018 conj
3947 5943 4167 6001 antichi
4212 5944 4400 6014 (detto
4443 5943 4486 6000 il

706 6039 1122 6110 Padovanino)
1152 6040 1411 6097 essendo
1438 6039 1719 6114 riportate
1747 6058 1780 6097 e
1808 6039 2086 6097 descritte
2114 6040 2170 6097 le
2198 6039 2500 6114 medaglie
2526 6039 2631 6114 più
2659 6039 2883 6097 celebri
2911 6040 2988 6097 da
3014 6039 3097 6097 lui
3124 6039 3369 6097 imitate.
3401 6041 3485 6097 Le
3514 6039 3616 6114 qui
3644 6039 3822 6097 citate
3850 6058 3883 6097 e
3911 6040 3967 6097 le
3996 6040 4139 6097 altre
4165 6039 4489 6114 preziosità

707 6134 768 6192 di
793 6135 932 6209 quel
958 6134 1280 6192 Gabinetto
1306 6134 1367 6192 di
1394 6135 1451 6192 S.
1481 6134 1776 6202 Genuefa,
1804 6153 1909 6192 ora
1931 6134 2194 6192 trovansi
2220 6135 2275 6192 al
2301 6134 2624 6192 Gabinetto
2649 6135 2836 6192 Reale
2861 6134 2922 6192 di
2946 6134 3209 6192 Francia.

474 6326 655 6385 2936.
689 6328 1099 6384 MONTERCHI
1129 6326 1457 6401 Giuseppe,
1494 6327 1693 6384 Scelta
1723 6327 1818 6384 de’
1857 6326 2228 6401 medaglioni
2258 6326 2363 6401 più
2392 6326 2506 6384 rari
2538 6327 2698 6384 nella
2727 6326 3069 6384 Biblioteca
3099 6327 3197 6384 del
3229 6326 3493 6384 cardinal
3525 6327 3857 6401 Carpegna,
3892 6328 4089 6384 Roma
4126 6326 4301 6394 1679,
4335 6326 4397 6383 in
4427 6327 4484 6394 4,

707 6422 812 6497 fig.

2171 6657 2347 6694 WWW.
2358 6637 2734 6710 memofonte.
2748 6639 2791 6694 il
