4958 7017
1981 864 2366 922 Fondazione
2390 864 2775 922 Memofonte
2800 865 2976 922 onlus

1390 960 1600 1018 Studio
1624 979 1731 1035 per
1754 960 2226 1018 l’elaborazione
2250 960 2632 1018 informatica
2655 961 2813 1018 delle
2838 960 2991 1018 fonti
3018 960 3571 1018 storico—artistiche

476 1343 655 1401 3578.
696 1345 790 1401 De
827 1344 1117 1401 ANGELIS
1156 1343 1343 1411 Pauli,
1383 1343 1685 1401 Basilicae
1724 1343 1940 1401 veteris
1978 1343 2308 1401 Vaticanae
2347 1343 2672 1418 descriptio
2711 1362 2786 1401 ex
2824 1352 3064 1401 auctore
3100 1362 3352 1401 romano
3391 1344 3667 1418 ejusdem
3700 1343 3990 1401 basilicae
4028 1343 4324 1401 canonico
4362 1343 4520 1401 notis

698 1439 1041 1507 illustratae,
1068 1441 1300 1497 Romae
1332 1439 1507 1507 1646,
1534 1439 1596 1496 in
1620 1439 1748 1507 fol.,
1776 1439 1880 1514 fig.

700 1536 927 1607 Questa
952 1536 985 1593 e
1011 1554 1130 1593 una
1155 1536 1313 1593 delle
1338 1536 1539 1593 buone
1566 1554 1747 1610 opere
1776 1554 1844 1593 su
1870 1544 2082 1610 questo
2111 1544 2461 1610 argomento
2487 1554 2594 1610 per
2619 1536 2677 1593 la
2701 1535 2888 1593 verità
2913 1535 2974 1593 di
3001 1535 3145 1593 certi
3172 1535 3318 1593 fatti.
3348 1536 3396 1592 Il
3423 1535 3815 1610 frontespizio
3843 1536 3876 1593 e
3903 1535 4179 1610 figurato:
4210 1535 4433 1593 trovasi
4459 1535 4522 1592 in

697 1631 995 1706 principio
1021 1631 1448 1706 l’iconografia
1471 1632 1631 1689 della
1652 1631 1906 1689 basilica
1929 1650 2046 1689 con
2070 1650 2188 1689 una
2210 1632 2413 1689 tavola
2436 1631 2497 1689 di
2522 1631 2971 1699 dichiarazioni,
2999 1650 3032 1689 e
3059 1631 3145 1689 sei
3169 1632 3369 1689 tavole
3393 1631 3456 1688 in
3480 1631 3605 1689 fine
3629 1631 3692 1688 in
3717 1650 3861 1706 gran
3886 1631 4097 1706 foglio.

476 1822 655 1881 3579.
693 1824 787 1880 De
821 1823 1111 1880 ANGELIS
1148 1822 1334 1890 Pauli,
1371 1822 1674 1880 Basilicae
1711 1823 1964 1880 Sanctae
1999 1822 2232 1880 Mariae
2266 1822 2521 1897 Majoris
2557 1822 2900 1897 descriptio,
2938 1831 2996 1880 et
3029 1822 3372 1890 delineatio,
3410 1822 3546 1880 libri
3580 1824 3711 1890 XII,
3748 1824 3998 1890 Romae,
4036 1841 4111 1880 ex
4145 1822 4524 1897 tipographia

698 1918 1148 1976 Bartholomaei
1172 1918 1422 1986 Zanetti,
1457 1918 1632 1986 1621,
1659 1918 1721 1975 in
1745 1918 1872 1986 fol.,
1900 1918 2005 1993 fig.

698 2015 746 2071 Il
783 2014 1176 2089 frontespizio
1214 2015 1247 2072 e
1284 2014 1562 2089 figurato,
1602 2033 1635 2072 e
1674 2015 1750 2073 39
1788 2015 1988 2072 tavole
2025 2014 2234 2089 grandi
2273 2033 2530 2072 servono
2569 2015 2644 2072 ad
2679 2014 2722 2071 il
2765 2016 2843 2089 [p.
2891 2014 3027 2084 168]
3070 2014 3416 2072 lustrazioni
3454 2015 3614 2072 della
3647 2014 3901 2072 basilica
3937 2023 4409 2089 accompagnate
4446 2015 4523 2072 da

698 2110 1198 2185 interpretazioni,
1225 2110 1550 2178 iscrizioni,
1578 2110 1991 2168 osservazioni
2019 2110 2294 2178 storiche,
2322 2129 2355 2168 e
2380 2110 2643 2168 critiche.
2674 2111 2875 2185 Opera
2898 2110 2959 2168 di
2982 2110 3210 2185 pregio.
3238 2110 3531 2168 Edizione
3556 2110 4064 2185 diligentemente,
4092 2129 4125 2168 e
4150 2110 4521 2168 nobilmente

699 2206 984 2281 eseguita.

476 2397 655 2455 3580.
685 2398 1016 2455 ANTINORI
1042 2397 1365 2465 Giovanni,
1397 2397 1834 2472 Scioglimento
1862 2397 1923 2455 di
1951 2398 2164 2455 alcune
2191 2397 2494 2455 difficoltà
2519 2397 2742 2455 insorte
2769 2406 2977 2455 contro
3005 2398 3063 2455 la
3088 2416 3294 2455 mossa
3319 2398 3415 2455 de’
3449 2397 3667 2455 cavalli
3694 2397 3982 2455 colossali
4011 2398 4102 2455 sul
4130 2397 4458 2469 Quirinale,
4489 2416 4522 2455 e

699 2494 905 2551 lettera
928 2493 1139 2551 diretta
1163 2494 1218 2551 al
1243 2493 1598 2561 medesimo,
1628 2502 1873 2568 segnata
1896 2493 1957 2551 di
1981 2493 2253 2551 Venezia
2276 2494 2355 2550 22
2380 2512 2518 2551 nov.
2554 2494 2707 2551 1783
2735 2494 2948 2551 C.P.B.
2976 2495 3075 2551 Un
3099 2493 3375 2568 foglietto
3401 2493 3462 2551 di
3489 2502 3737 2568 stampa,
3764 2493 3826 2550 in
3849 2494 3906 2561 4,
3933 2495 4021 2551 M.
4050 2495 4105 2551 7.

476 2685 655 2743 3581.
684 2686 1174 2754 ANTIQUITATES
1205 2704 1407 2743 sacrae
1434 2694 1492 2743 et
1518 2685 1729 2743 civiles
1755 2704 2144 2743 romanorum
2168 2685 2521 2760 explicatae:
2555 2685 2682 2743 sive
2709 2685 3126 2743 commentarii
3152 2685 3440 2753 historici,
3469 2685 3867 2760 mithologici,
3895 2685 4254 2760 philologici
4282 2694 4523 2743 auctore

698 2782 1050 2849 M.A.U.N.,
1078 2783 1287 2856 Hagae
1312 2781 1624 2839 Comitum
1654 2781 1830 2849 1726,
1857 2781 1919 2838 in
1943 2781 2070 2849 fol.,
2098 2781 2224 2856 fig.,
2252 2782 2348 2839 Iat.
2377 2800 2410 2839 e
2435 2781 2581 2839 fran.

701 2877 865 2934 Sono
901 2877 977 2934 84
1009 2877 1209 2934 tavole
1240 2876 1547 2951 intagliate
1579 2876 1641 2933 in
1671 2895 1852 2934 rame.
1888 2877 2151 2951 L’opera
2181 2877 2214 2934 è
2244 2876 2532 2951 piuttosto
2566 2876 2977 2951 appariscente
3007 2895 3114 2951 per
3144 2877 3202 2934 la
3235 2895 3342 2934 sua
3373 2876 3569 2934 forma
3599 2885 3850 2944 esterna,
3885 2876 3996 2934 che
4026 2895 4133 2951 per
4166 2895 4274 2934 suo
4307 2876 4520 2934 merito

698 2972 1040 3030 intrinseco.

476 3164 655 3222 3582.
694 3165 1216 3233 ANTIQUITATUM
1252 3164 1550 3222 variarum
1585 3173 1857 3222 auctores
1894 3183 2151 3239 quorum
2185 3165 2530 3239 catalogum
2566 3183 2823 3239 sequens
2860 3164 3126 3222 continet
3158 3165 3415 3239 pagella,
3454 3164 3750 3239 Lugduni,
3790 3165 3949 3239 apud
3986 3165 4122 3222 Seb.
4163 3164 4518 3239 Gryphium,

706 3260 881 3328 1552,
907 3260 969 3317 in
1000 3261 1090 3318 12.

700 3356 929 3427 Questo
978 3356 1311 3413 volumetto
1360 3355 1421 3413 di
1467 3374 1677 3430 presso
1726 3356 1847 3414 900
1893 3355 2130 3430 pagine,
2181 3355 2458 3413 contiene
2506 3356 2564 3413 la
2610 3355 2948 3413 collezione
2994 3355 3099 3430 più
3147 3355 3347 3430 ampia
3393 3355 3454 3413 di
3501 3364 3645 3413 tutte
3694 3356 3893 3430 quelle
3941 3364 4206 3430 operette
4255 3355 4522 3430 apocrife

699 3451 1052 3509 d’antichità
1076 3451 1421 3526 pubblicate
1448 3452 1525 3509 da
1551 3451 1699 3509 frate
1725 3451 1994 3509 Antonio
2022 3452 2099 3509 da
2123 3451 2393 3519 Viterbo,
2423 3452 2521 3509 dal
2547 3451 2811 3519 Fiocchi,
2841 3452 2918 3509 da
2942 3451 3138 3509 Pietro
3166 3452 3425 3509 Calabro
3453 3470 3486 3509 e
3513 3452 3590 3509 da
3616 3451 3763 3519 altri,
3793 3470 3826 3509 e
3855 3470 4005 3509 sono
4030 3451 4294 3525 Myrsilii
4317 3452 4522 3509 Lesbii

698 3548 773 3605 de
827 3550 1063 3621 origine
1113 3547 1343 3605 Italiae.
1401 3550 1482 3605 M.
1541 3550 1747 3605 Porcii
1802 3549 2054 3605 Catonis
2107 3550 2422 3621 originam,
2477 3547 2831 3605 Archiloehi
2882 3548 2957 3605 de
3011 3548 3394 3621 temporibus,
3452 3550 3669 3605 Berosi
3718 3547 4029 3605 Babilonii
4079 3550 4515 3621 antiqaitatam,

696 3644 1089 3701 Manethonis
1120 3644 1195 3701 de
1225 3646 1366 3717 Reg.
1400 3645 1632 3717 Aegipt.
1668 3644 2069 3701 Metasthenis
2100 3643 2413 3701 annaliam
2443 3646 2842 3711 Persicoram,
2878 3644 3295 3717 Xenophontis
3326 3644 3401 3701 de
3432 3646 3798 3717 aeqaivocis,
3841 3645 3907 3715 Q.
3946 3644 4125 3701 Fabii
4154 3646 4415 3701 Pietoris
4446 3644 4521 3701 de

698 3759 889 3797 aureo
930 3739 1153 3807 seculo,
1205 3741 1266 3797 C.
1315 3741 1654 3813 Sempronii
1692 3740 1767 3797 de
1808 3740 2105 3797 divisione
2144 3739 2373 3807 Italiae,
2420 3739 2695 3797 Philonis
2734 3740 2956 3797 Jadaei
2990 3741 3185 3813 Antiq.
3231 3739 3581 3807 Biblioram,
3632 3741 3693 3797 C.
3740 3739 3887 3797 Jalii
3927 3739 4119 3797 Solini
4157 3739 4514 3813 Polyhistor,

697 3838 1021 3909 Pomponii
1057 3835 1263 3893 Meloe
1303 3836 1378 3893 de
1418 3838 1534 3893 sita
1575 3836 1755 3903 orbis,
1801 3838 2125 3909 Pomponii
2161 3838 2332 3893 Laeti
2370 3836 2445 3893 de
2485 3838 2667 3909 antiq.
2716 3836 2882 3893 arbis
2919 3838 3163 3903 Romae,
3208 3835 3504 3893 Marliani
3546 3836 3975 3909 Topographia
4016 3838 4233 3893 veteris
4270 3838 4514 3903 Romae,

697 3930 900 3988 Pablii
941 3933 1196 3988 Victoris
1233 3931 1308 3988 de
1348 3931 1514 3988 arbis
1549 3933 1779 3988 Romae
1820 3931 2184 4004 regionibas,
2228 3933 2551 4004 Pomponii
2585 3933 2755 3988 Laeti
2791 3931 2866 3988 de
2902 3931 3381 4004 Magistratibas,
3424 3933 3482 3988 L.
3527 3930 3907 3988 Fenestelloe
3945 3931 4020 3988 de
4056 3931 4522 4004 Magistratibas

698 4027 1180 4100 saeerclotiisqae
1208 4047 1613 4084 romanoram.
1641 4026 1799 4084 Vedi
1825 4045 2044 4084 ancora
2064 4029 2159 4084 De
2182 4029 2375 4084 Roma
2392 4029 2603 4100 prisca
2630 4038 2688 4084 et
2709 4047 2886 4084 nova.

476 4218 655 4276 3583.
687 4219 1088 4287 ANTIQUITES
1118 4218 1421 4276 romaines
1452 4218 1802 4293 expliquées
1833 4219 1981 4276 dans
2012 4219 2099 4276 les
2130 4218 2453 4276 memoires
2485 4219 2565 4276 du
2594 4227 2793 4276 comte
2823 4219 2898 4276 de
2927 4220 3056 4276 B...
3093 4227 3413 4276 contenant
3443 4237 3538 4276 ses
3570 4227 3901 4286 avantures,
3936 4237 4031 4276 ses
4060 4218 4432 4286 recherches,
4465 4227 4523 4276 et

701 4333 795 4372 ses
829 4315 1222 4372 decouvertes
1258 4333 1355 4372 sur
1386 4315 1473 4372 les
1508 4314 1826 4389 antiquités
1860 4315 1935 4372 de
1968 4315 2026 4372 la
2057 4314 2200 4372 ville
2233 4315 2308 4372 de
2340 4316 2535 4372 Rome
2568 4323 2626 4372 et
2658 4323 2851 4372 autres
2885 4314 3198 4372 curiosités
3232 4315 3307 4372 de
3340 4314 3576 4382 l’Italie,
3612 4314 3875 4372 divisées
3909 4333 3984 4372 en
4015 4314 4159 4372 trois
4191 4314 4429 4389 parties,
4465 4323 4523 4372 et

699 4410 994 4468 enrichies
1020 4411 1095 4468 de
1118 4411 1253 4485 plus
1279 4411 1354 4468 de
1386 4411 1500 4468 100
1524 4411 1715 4468 belles
1739 4410 2026 4485 planches
2052 4429 2128 4468 en
2151 4410 2314 4468 taille
2339 4411 2552 4478 douce,
2580 4412 2753 4485 Haye
2785 4410 2959 4478 1750,
2986 4410 3048 4467 in
3071 4411 3128 4478 4,
3156 4410 3260 4485 fig.

698 4506 961 4580 L’opera
984 4506 1017 4563 è
1040 4505 1220 4580 piena
1243 4505 1304 4563 di
1329 4506 1533 4580 garbo,
1561 4524 1594 4563 e
1618 4505 1679 4563 di
1705 4505 1930 4580 spirito,
1958 4524 1991 4563 e
2016 4506 2072 4563 le
2099 4514 2328 4580 stampe
2352 4524 2474 4563 non
2498 4524 2795 4563 mancano
2821 4505 2882 4563 di
2907 4514 3100 4580 gusto.

476 4697 655 4755 3584.
683 4698 1069 4755 ANTONELLI
1092 4698 1408 4755 Leonardo
1434 4697 1753 4765 cardinale,
1780 4697 2082 4755 Memorie
2109 4697 2367 4755 storiche
2392 4698 2551 4755 delle
2578 4716 2743 4755 sacre
2767 4706 2916 4755 teste
2942 4698 3037 4755 de’
3072 4698 3175 4755 SS.
3205 4697 3464 4772 apostoli
3489 4697 3704 4765 Pietro,
3732 4716 3765 4755 e
3789 4698 3994 4765 Paolo,
4027 4699 4104 4772 [p.
4140 4697 4276 4767 169]
4307 4716 4340 4755 e
4365 4698 4524 4755 della

699 4794 829 4851 loro
857 4794 1104 4851 solenne
1127 4793 1541 4868 ricognizione
1566 4794 1727 4851 nella
1748 4793 2002 4851 basilica
2024 4795 2441 4861 Lateranense,
2468 4795 2665 4851 Roma
2696 4793 2871 4861 1806,
2897 4793 2959 4850 in
2982 4794 3039 4861 4,
3067 4793 3171 4868 fig.

701 4889 764 4947 Si
790 4908 1072 4964 veggono
1099 4889 1189 4947 fra
1213 4890 1269 4947 le
1295 4889 1531 4947 diverse
1556 4890 1758 4947 tavole
1784 4889 2090 4964 frapposte
2117 4890 2172 4947 al
2197 4898 2350 4947 testo
2376 4889 2669 4964 intagliati
2694 4889 2757 4946 in
2780 4908 2944 4947 rame
2970 4908 3087 4947 con
3112 4889 3416 4964 diligenza
3439 4889 3459 4946 i
3485 4890 3601 4947 due
3626 4889 3813 4947 nuovi
3837 4889 3996 4947 busti
4022 4889 4333 4947 modellati
4359 4890 4521 4947 dallo

701 4986 958 5043 scultore
983 4985 1279 5060 Acquisti,
1307 5004 1340 5043 e
1365 4985 1661 5060 veggonsi
1687 4985 1770 5060 gli
1796 4985 2018 5043 antichi
2041 4985 2372 5060 parimente
2397 5004 2484 5043 ec.
2513 4986 2662 5043 oltre
2688 4986 2831 5043 altre
2856 4985 3092 5043 curiose
3117 5004 3150 5043 e
3174 4985 3550 5043 interessanti
3575 4985 3883 5043 memorie.

476 5176 655 5234 3585.
698 5177 989 5234 ARINGHI
1026 5176 1213 5244 Pauli,
1256 5178 1453 5234 Roma
1495 5177 1874 5234 subterranea
1912 5176 2265 5244 novissima,
2308 5176 2370 5233 in
2410 5195 2529 5251 qua
2566 5185 2705 5251 post
2743 5176 3078 5234 Antonium
3116 5176 3390 5244 Bosium,
3434 5185 3492 5234 et
3532 5177 3800 5234 celebres
3843 5176 3994 5234 alios
4036 5176 4202 5234 libris
4244 5176 4522 5234 distincte

698 5272 1078 5340 illustrantur,
1105 5274 1337 5330 Romae
1369 5272 1544 5340 1651,
1572 5273 1691 5330 vol.
1720 5273 1776 5340 2,
1803 5272 1865 5329 in
1889 5272 2016 5340 fol.,
2044 5272 2149 5347 fig.

698 5370 782 5426 Le
821 5368 1119 5426 immense
1160 5368 1355 5443 figure
1395 5368 1730 5426 distribuite
1770 5368 1860 5426 fra
1897 5368 1940 5425 il
1980 5377 2133 5426 testo
2175 5387 2447 5426 avevano
2491 5368 2710 5426 servito
2753 5369 2870 5426 alla
2907 5370 3105 5426 Roma
3143 5369 3241 5426 del
3280 5368 3492 5436 Bosio;
3535 5387 3635 5426 ma
3673 5377 3884 5443 questa
3925 5369 4205 5436 seconda,
4248 5368 4360 5426 che
4398 5369 4520 5443 può

699 5464 1018 5522 chiamarsi
1041 5464 1349 5522 refusione
1374 5465 1710 5539 dell’opera
1732 5464 1837 5539 più
1862 5464 2057 5522 antica
2079 5464 2395 5539 indigesta,
2423 5465 2456 5522 e
2481 5464 2707 5539 meglio
2734 5464 3021 5532 ordinata,
3049 5465 3125 5522 ed
3149 5464 3434 5539 eseguita,
3462 5483 3495 5522 e
3518 5483 3625 5539 per
3648 5464 3791 5539 ogni
3814 5464 4062 5539 ragione
4085 5464 4447 5539 preferibile.

476 5655 655 5713 3586.
691 5656 981 5713 ARINGHI
1011 5655 1198 5723 Pauli,
1234 5657 1431 5713 Roma
1465 5656 1845 5713 subterranea
1876 5655 2212 5713 novissima
2242 5655 2428 5713 tribus
2462 5655 2630 5713 libris
2664 5655 2944 5713 distincta
2975 5674 3051 5713 ex
3084 5655 3538 5713 absolutissimo
3572 5674 3754 5730 opere
3786 5655 3954 5713 Pauli
3986 5655 4241 5730 Aringhi
4274 5655 4336 5712 in
4368 5655 4522 5713 hanc

697 5751 1040 5826 portatilem
1062 5751 1323 5809 formam
1346 5751 1722 5819 concinnata,
1749 5751 2115 5809 Arnhemiae
2147 5751 2322 5819 1661,
2349 5751 2411 5808 in
2442 5752 2533 5819 12,
2561 5751 2665 5826 fig.

700 5848 929 5919 Questo
963 5847 1206 5922 piccolo
1242 5847 1478 5905 libretto
1512 5866 1619 5922 per
1652 5848 1710 5905 la
1743 5847 1939 5905 forma
1974 5848 2144 5922 (però
2180 5847 2241 5905 di
2276 5848 2397 5905 700
2431 5847 2650 5922 pagine
2685 5847 2870 5918 circa)
2907 5848 2940 5905 è
2975 5856 3183 5905 ornato
3219 5847 3280 5905 di
3316 5848 3527 5905 alcune
3565 5856 3796 5922 stampe
3830 5847 3892 5904 in
3924 5866 4088 5905 rame
4124 5847 4430 5922 frapposte
4466 5848 4521 5905 al

698 5952 870 6011 testo,
898 5962 931 6001 e
958 5943 1007 6001 si
1032 5944 1194 6001 volle
1217 5943 1379 6001 ridur
1401 5943 1689 6001 tascabile
1715 5943 2207 6018 quell’immensa
2230 5962 2414 6018 opera
2437 5962 2554 6001 con
2576 5962 2736 6018 poco
2764 5962 3065 6001 successo.

476 6134 655 6192 3587.
683 6135 1092 6192 ASSEMANUS
1114 6134 1339 6209 Joseph
1365 6134 1691 6202 Simonius,
1719 6134 1975 6192 Litterae
2001 6134 2371 6209 apostolicae
2396 6134 2728 6192 Clementis
2754 6136 2867 6191 XII
2890 6153 2999 6209 pro
3024 6134 3442 6192 Bibliothecae
3466 6134 3795 6192 Vaticanae
3820 6134 4279 6192 conservatione
4304 6134 4518 6202 editae,

698 6232 930 6288 Romae
962 6231 1137 6298 1739,
1164 6230 1226 6287 in
1249 6231 1305 6288 4.

697 6362 780 6366 —
802 6327 1119 6384 Accedunt
1141 6326 1458 6384 Benedicti
1482 6328 1627 6384 XIV
1652 6326 1880 6384 litterae
1906 6326 2276 6401 apostolicae
2299 6345 2408 6401 pro
2434 6326 2762 6401 aperitione
2786 6326 2990 6384 Musei
3014 6326 3311 6394 Vaticani,
3339 6328 3571 6384 Romae
3603 6326 3777 6384 1757.

697 6458 780 6462 —
803 6423 1037 6480 Cedola
1060 6422 1121 6480 di
1146 6431 1312 6480 moto
1336 6422 1579 6497 proprio
1605 6422 1666 6480 di
1690 6423 2004 6480 Clemente
2028 6424 2141 6479 XII
2168 6423 2323 6480 sullo
2351 6431 2543 6480 stesso
2569 6431 2834 6497 oggetto,
2861 6424 3058 6480 Roma
3088 6422 3262 6480 1761.

2171 6657 2347 6694 WWW.
2358 6637 2734 6710 memofonte.
2748 6639 2791 6694 it
