4958 7017
1981 864 2366 922 Fondazione
2390 838 2775 922 Memofonte
2800 865 2976 922 onlus

1390 960 1600 1018 Studio
1624 979 1731 1035 per
1754 960 2226 1018 l’elaborazione
2250 960 2632 1018 informatica
2655 961 2813 1018 delle
2838 960 2991 1018 fonti
3018 960 3571 1018 storico—artistiche

481 1247 889 1305 Demontiosii
914 1248 1083 1315 Lud.,
1113 1247 1329 1305 Gallus
1351 1250 1581 1305 Romae
1607 1248 1848 1321 hospes,
1878 1247 2056 1306 3695.

481 1391 824 1466 Dempsteri
848 1391 977 1459 Th.,
1002 1394 1097 1449 De
1121 1394 1363 1449 Etruria
1391 1391 1602 1465 regali,
1630 1391 1811 1459 2569,
1839 1391 2019 1449 2570.

481 1537 717 1603 Denon,
749 1538 1005 1609 Viaggio
1030 1536 1319 1609 d’Egitto,
1346 1535 1525 1593 2520.

481 1680 765 1737 Deraund
788 1681 898 1747 Fr.,
923 1680 1402 1737 L’archite'cture
1427 1680 1535 1737 des
1560 1691 1787 1747 voutes,
1814 1680 1954 1738 490.

481 1824 819 1897 Descamps
844 1824 955 1890 Io.,
980 1825 1066 1880 La
1092 1825 1184 1880 vie
1208 1823 1316 1880 des
1333 1822 1949 1896 peintresﬂamands,
1977 1822 2158 1880 2253.

481 1968 819 2041 Descamps
844 1968 955 2034 Io.,
987 1969 1228 2040 Voyage
1245 1969 1637 2040 pictoresque
1662 1967 1737 2024 de
1762 1969 1814 2023 F
1815 1966 2045 2034 landre,
2072 1967 2253 2025 4199.

479 2113 884 2184 Descripcion
909 2111 984 2168 de
1011 2110 1103 2168 los
1128 2111 1398 2168 ornaclos
1414 2110 1742 2184 pubblicos
1759 2130 1878 2184 per
1902 2110 2121 2168 Carlos
2143 2113 2239 2178 IV,
2274 2110 2447 2168 1530.

479 2257 884 2328 Descripcion
909 2255 984 2312 de
1011 2254 1103 2312 los
1116 2255 1402 2328 jardinos
1426 2255 1501 2312 de
1526 2256 1577 2312 S.
1607 2254 1934 2328 Idelfonso,
1961 2255 2142 2312 4340.

479 2400 828 2471 Descriptio
855 2409 913 2455 et
936 2397 1259 2471 explicatio
1277 2409 1629 2471 pegmatum
1652 2400 1891 2455 Ernesti
1916 2409 2047 2465 etc.,
2082 2398 2255 2455 1400.

479 2543 870 2615 Description
895 2542 970 2599 de
997 2541 1293 2615 l’Egypte,
1320 2541 1499 2599 2521.

479 2687 870 2759 Description
895 2686 975 2743 du
989 2685 1190 2759 jubilé
1211 2686 1286 2743 de
1311 2687 1362 2743 S.
1392 2688 1690 2753 Macaire,
1725 2685 1898 2743 1524.

479 2830 870 2902 Description
895 2829 1003 2886 des
1028 2830 1347 2886 curiosite's
1371 2829 1446 2886 de
1473 2828 1533 2886 la
1563 2828 1711 2886 Ville
1736 2829 2052 2896 d’Anvers,
2079 2828 2261 2896 4160,
2287 2828 2468 2887 4159.

479 2974 870 3046 Description
895 2973 1003 3030 des
1029 2975 1311 3030 environs
1335 2973 1410 3030 de
1434 2975 1630 3040 Paris,
1657 2973 1839 3030 4283.

479 3118 870 3190 Description
895 3117 1003 3174 des
1028 3117 1279 3174 beautés
1303 3117 1378 3174 de
1406 3118 1625 3184 Genes,
1652 3117 1833 3174 4224.

479 3262 870 3334 Description
895 3261 975 3318 du
1001 3261 1260 3318 chateau
1285 3261 1360 3318 de
1390 3260 1731 3328 Versailles,
1758 3261 1940 3319 4390.

479 3405 870 3477 Description
895 3404 1003 3461 des
1029 3403 1250 3477 eglises
1275 3403 1660 3461 cathe'clrales
1684 3403 2125 3477 d’Angleterre,
2155 3404 2334 3462 3997.

479 3549 870 3621 Description
895 3548 1003 3605 des
1028 3548 1140 3605 bas
1167 3547 1368 3621 reliefs
1392 3548 1467 3605 de
1495 3547 1554 3605 la
1580 3547 1932 3605 cathe’clrale
1957 3548 2032 3605 de
2055 3550 2251 3615 Paris,
2281 3548 2459 3606 3998.

479 3693 870 3765 Description
895 3692 970 3749 de
997 3691 1056 3749 la
1081 3703 1276 3749 statue
1303 3703 1578 3765 equestre
1603 3692 1678 3749 de
1703 3694 1755 3748 F
1757 3692 1977 3749 rideric
2006 3694 2067 3759 V,
2097 3692 2276 3750 3499.

479 3837 870 3909 Description
895 3836 970 3893 de
997 3835 1154 3893 l’arc
1178 3836 1253 3893 de
1280 3836 1574 3909 triomphe
1599 3836 1674 3893 de
1701 3835 1964 3903 l’Etoile,
1998 3835 2171 3893 1537.

487 4124 565 4197 [p.
593 4122 758 4192 xxiv]

479 4412 870 4484 Description
895 4411 1003 4468 des
1014 4411 1176 4484 fétes
1200 4411 1275 4468 de
1302 4410 1361 4468 la
1387 4410 1525 4468 ville
1550 4411 1625 4468 de
1649 4413 1827 4468 Paris
1844 4430 2010 4484 pour
2032 4410 2086 4468 le
2111 4413 2385 4484 mariage
2412 4422 2542 4478 etc.,
2577 4410 2750 4468 1507.

479 4555 870 4627 Description
895 4554 970 4611 de
997 4553 1056 4611 la
1084 4553 1331 4611 Galerie
1356 4554 1436 4611 du
1459 4556 1678 4611 Prince
1703 4554 1778 4611 de
1801 4554 2225 4621 Lichtenstein,
2255 4554 2433 4612 3379.

479 4700 875 4761 Descrizione
900 4698 963 4755 di
988 4718 1108 4755 una
1133 4697 1295 4755 volta
1320 4698 1551 4771 dipinta
1579 4700 1637 4755 in
1667 4697 1820 4755 Villa
1844 4700 2161 4765 Pinciana,
2190 4697 2368 4756 3697.

479 4844 875 4905 Descrizione
900 4841 1058 4899 delle
1083 4861 1279 4899 nuove
1304 4853 1580 4915 scoperte
1608 4844 1666 4899 in
1690 4844 2003 4915 Pompeja,
2031 4841 2211 4899 2670.

479 4988 875 5049 Descrizione
900 4985 1063 5043 della
1088 4997 1288 5043 statua
1313 4986 1462 5043 d’un
1479 4985 1853 5059 pugillatore
1878 4986 1941 5043 di
1968 4987 2238 5053 Canova,
2267 4985 2445 5043 3500.

479 5131 875 5192 Descrizione
900 5128 1001 5186 del
1023 5140 1371 5186 monastero
1396 5129 1459 5186 di
1479 5131 1560 5186 M.
1596 5130 1875 5196 Cassino,
1905 5129 2084 5187 3999.

479 5275 875 5336 Descrizione
900 5272 1058 5330 delle
1076 5275 1301 5346 pitture
1319 5272 1650 5346 pubbliche
1675 5273 1738 5330 di
1766 5275 2040 5340 Venezia,
2067 5272 2247 5330 4361.

479 5419 875 5480 Descrizione
900 5416 1058 5474 delle
1076 5419 1301 5490 pitture
1326 5417 1389 5474 di
1413 5418 1464 5474 S.
1494 5419 1699 5474 Pietro
1727 5419 1785 5474 in
1809 5419 2094 5490 Perugia,
2121 5417 2302 5484 4301,
2329 5417 2510 5474 4302.

479 5562 875 5623 Descrizione
900 5559 1063 5617 della
1092 5560 1315 5617 Chiesa
1340 5560 1403 5617 di
1427 5561 1478 5617 S.
1509 5562 1857 5617 Francesco
1885 5562 1943 5617 in
1967 5562 2251 5633 Perugia,
2278 5560 2459 5617 4300.

479 5706 875 5767 Descrizione
900 5704 963 5761 di
984 5706 1177 5761 Roma
1202 5706 1406 5761 antica
1433 5723 1464 5761 e
1488 5704 1800 5771 moderna,
1830 5703 2007 5762 3696.

479 5850 875 5911 Descrizione
900 5847 1063 5905 della
1089 5849 1232 5905 città
1257 5848 1320 5905 di
1342 5850 1505 5915 Pisa,
1532 5848 1713 5906 4309.

479 5994 875 6055 Descrizione
900 5991 1063 6049 della
1089 5991 1371 6065 cappella
1396 5992 1558 6049 detta
1585 5991 1644 6049 lo
1670 5991 1925 6049 Scurolo
1949 5992 2012 6049 di
2036 5993 2087 6049 S.
2122 5991 2327 6059 Carlo,
2354 5992 2534 6049 4237.

479 6137 875 6198 Descrizione
900 6134 1063 6192 della
1093 6134 1246 6192 Villa
1272 6134 1434 6192 Silva
1462 6137 1519 6192 in
1548 6134 1859 6202 Cinisello,
1886 6135 2068 6192 4238.

479 6281 875 6342 Descrizione
900 6279 963 6336 di
983 6278 1211 6352 Napoli
1236 6298 1267 6336 e
1292 6281 1429 6336 suoi
1453 6281 1749 6346 contorni,
1776 6278 1957 6336 4264.

479 6425 875 6486 Descrizione
900 6422 1001 6480 del
1016 6434 1200 6496 prato
1225 6422 1388 6480 della
1417 6422 1583 6480 Valle
1611 6425 1669 6480 in
1693 6423 1964 6490 Padova,
1991 6422 2172 6480 4276.

2171 6657 2347 6694 WWW.
2358 6637 2734 6710 memofonte.
2748 6639 2791 6694 it
