4958 7017
1981 864 2366 922 Fondazione
2390 864 2775 922 Memofonte
2800 865 2976 922 onlus

1390 960 1600 1018 Studio
1624 979 1731 1035 per
1754 960 2226 1018 l’elaborazione
2250 960 2632 1018 informatica
2655 961 2813 1018 delle
2838 960 2991 1018 fonti
3018 960 3571 1018 storico—artistiche

476 1344 655 1402 3189.
694 1344 1139 1401 CANCELLIERI
1171 1345 1525 1411 Francesco,
1563 1343 1998 1401 Dissertazioni
2034 1343 2358 1418 epistolari,
2395 1343 2860 1418 bibliografiche
2898 1362 3075 1418 sopra
3109 1343 3446 1401 Cristoforo
3483 1344 3788 1401 Colombo
3825 1362 3858 1401 e
3895 1343 4199 1401 Giovanni
4236 1344 4484 1411 Gersen,

706 1441 903 1497 Roma
933 1440 1108 1507 1809,
1135 1439 1197 1496 in
1224 1440 1276 1497 8.

696 1536 897 1610 Opera
939 1535 1170 1610 ripiena
1214 1535 1582 1593 d’immensa
1626 1535 1974 1593 erudizione
2020 1535 2544 1593 dall’infaticabile
2591 1544 2814 1603 autore,
2863 1535 2974 1593 che
3019 1535 3096 1593 ha
3143 1535 3344 1593 scritto
3392 1554 3536 1610 gran
3581 1554 3832 1593 numero
3879 1535 3940 1593 di
3986 1535 4121 1593 libri
4166 1535 4229 1592 in
4274 1535 4487 1593 merito

707 1631 1060 1689 d’antichità
1083 1650 1116 1689 e
1141 1631 1202 1689 di
1227 1631 1591 1689 erudizione.

476 1823 655 1881 3190.
683 1823 957 1880 CAPYCII
981 1822 1254 1897 Cajetani
1278 1822 1530 1890 Mariae,
1559 1823 1869 1897 Opuscula
1893 1822 2224 1897 antiquaria
2246 1822 2308 1879 in
2332 1841 2520 1880 unum
2543 1823 2816 1890 collecta,
2843 1822 3104 1897 Neapoli
3136 1822 3311 1890 1785,
3337 1822 3399 1879 in
3422 1823 3479 1890 4,
3507 1822 3633 1897 fig.,
3660 1824 3748 1880 M.
3777 1823 3832 1881 9.

714 1919 878 1976 Sono
904 1919 962 1976 la
983 1918 1088 1993 più
1110 1927 1275 1993 parte
1300 1937 1417 1976 con
1441 1919 1497 1976 le
1520 1918 1827 1993 rispettive
1851 1919 2051 1976 tavole
2077 1919 2130 1976 a’
2162 1918 2371 1993 luoghi
2395 1918 2641 1976 indicati
2666 1919 2765 1976 nel
2789 1927 2960 1976 testo.

476 2111 655 2169 3191.
688 2111 895 2168 CARLI
922 2110 1223 2185 Agostino
1252 2110 1471 2178 Rubbi,
1502 2110 1952 2168 Dissertazione
1983 2129 2160 2185 sopra
2186 2110 2229 2167 il
2258 2129 2444 2185 corpo
2474 2110 2535 2168 di
2566 2111 2623 2168 S.
2655 2112 2869 2168 Marco
2898 2110 3285 2185 Evangelista
3310 2110 3539 2185 riposto
3568 2111 3728 2168 nella
3753 2110 4103 2185 patriarcale
4131 2110 4398 2168 Basilica
4425 2110 4486 2168 di

709 2207 766 2264 S.
794 2208 1027 2274 Marco,
1054 2206 1325 2264 Venezia
1355 2207 1530 2274 1811,
1556 2206 1618 2263 in
1645 2207 1697 2264 8.

476 2398 655 2456 3192.
683 2398 1094 2455 CARYOPHILI
1116 2397 1441 2465 Paschalis,
1469 2399 1563 2455 De
1587 2397 1832 2455 thermis
1858 2397 2233 2465 Herculanis,
2260 2416 2449 2472 nuper
2471 2397 2533 2454 in
2556 2397 2749 2455 Dacia
2772 2397 3040 2465 detectis,
3067 2399 3356 2455 Mantuae
3388 2398 3563 2465 1739,
3590 2397 3652 2454 in
3675 2398 3731 2455 4.

705 2529 788 2533 —
810 2493 1067 2551 Accedit
1090 2494 1366 2568 ejusdem
1389 2494 1464 2551 de
1488 2512 1601 2551 usu
1625 2502 1683 2551 et
1705 2493 2065 2568 praestantia
2087 2493 2452 2551 thermarum
2474 2494 2965 2561 Herculanarum,
2992 2495 3280 2551 Mantuae
3312 2494 3487 2561 1739,
3514 2493 3576 2550 in
3599 2494 3656 2561 4,
3684 2493 3788 2568 fig.

706 2589 1132 2647 L’erudizione
1160 2589 1221 2647 di
1248 2589 1346 2647 cui
1375 2608 1526 2647 sono
1556 2608 1759 2664 sparse
1786 2598 1994 2664 queste
2022 2590 2138 2647 due
2165 2589 2582 2647 dissertazioni
2610 2590 2643 2647 e
2671 2589 2836 2647 arida
2860 2589 2922 2646 in
2948 2608 3029 2647 un
3056 2598 3407 2664 argomento
3435 2589 3546 2647 che
3572 2589 3903 2664 prestavasi
3932 2590 4007 2647 ad
4032 2608 4151 2647 una
4176 2589 4487 2664 maggiore

708 2685 968 2743 amenità
990 2686 1088 2743 nel
1112 2686 1390 2743 trattarlo.

476 2877 655 2935 3193.
685 2877 941 2934 CASSEL
963 2876 1197 2934 Johann
1221 2876 1477 2951 Philipp,
1508 2876 1867 2934 Observatio
1892 2876 2267 2951 philologica
2290 2876 2596 2951 inquirens
2623 2877 2794 2934 Atlas
2820 2878 3006 2934 Mons
3033 2877 3191 2934 unde
3216 2876 3397 2951 Dyris
3424 2876 3675 2944 dictus?,
3703 2876 4106 2951 Magdeburgi
4139 2877 4314 2944 1743,
4342 2876 4404 2933 in
4428 2877 4485 2944 4,

706 2974 794 3030 M.
822 2973 920 3030 41.

476 3165 655 3223 3194.
682 3166 776 3222 De
801 3165 859 3222 la
882 3165 1094 3232 CHAU,
1121 3164 1522 3222 Dissértation
1548 3183 1646 3222 sur
1669 3165 1756 3222 les
1783 3164 2050 3222 attributs
2076 3165 2151 3222 de
2175 3165 2402 3232 Venus,
2429 3164 2592 3222 Paris
2625 3164 2800 3232 1676,
2827 3164 2889 3221 in
2912 3165 2969 3232 4,
2997 3164 3101 3239 fig.

706 3243 754 3317 É
784 3261 1015 3335 d’uopo
1047 3279 1187 3318 aver
1215 3279 1357 3318 cura
1385 3260 1496 3318 che
1527 3261 1912 3335 l’esemplare
1942 3260 2003 3318 di
2033 3261 2420 3335 quest’opera
2447 3279 2570 3318 non
2601 3260 2689 3318 sia
2716 3260 2889 3335 privo
2920 3261 3080 3318 della
3110 3269 3342 3335 stampa
3370 3260 3431 3318 di
3460 3262 3698 3318 Venere
3727 3260 4149 3318 Anadiomene
4178 3260 4488 3335 intagliata

707 3356 784 3413 da
815 3355 981 3413 Saint
1010 3355 1232 3413 Aubin.
1266 3357 1333 3412 In
1363 3364 1576 3430 questo
1608 3356 1942 3430 esemplare
1972 3374 2095 3413 non
2127 3356 2259 3413 solo
2291 3356 2324 3413 e
2355 3356 2413 3413 la
2444 3364 2692 3430 stampa,
2726 3374 2826 3413 ma
2860 3357 2938 3430 [p.
2980 3356 3117 3425 110]
3154 3364 3364 3430 questa
3393 3356 3426 3413 e
3459 3374 3639 3413 senza
3668 3355 3711 3412 il
3743 3364 4034 3413 contorno
4066 3374 4099 3413 e
4128 3355 4299 3430 priva
4328 3356 4488 3413 della

707 3451 1067 3526 conchiglia,
1097 3451 1443 3526 aggiuntavi
1467 3451 1983 3526 posteriormente,
2012 3452 2068 3509 le
2094 3451 2256 3526 quali
2282 3470 2426 3509 cose
2451 3470 2526 3509 ne
2552 3451 2987 3509 costituiscono
3013 3470 3093 3509 un
3118 3451 3394 3526 maggior
3416 3451 3626 3526 pregio
3651 3470 3860 3526 presso
3887 3451 3970 3526 gli
3997 3451 4265 3509 amatori:
4297 3451 4486 3509 anche

708 3548 919 3605 alcune
947 3547 1267 3622 medaglie,
1298 3547 1409 3605 che
1436 3547 1701 3605 trovansi
1729 3547 2035 3622 intagliate
2062 3547 2125 3604 in
2152 3548 2272 3622 varj
2306 3547 2514 3622 luoghi
2542 3547 2632 3605 fra
2657 3547 2700 3604 il
2727 3556 2881 3605 testo
2910 3566 2943 3605 e
2971 3548 3027 3605 le
3057 3547 3143 3605 sei
3170 3547 3393 3605 Veneri
3421 3547 3532 3605 che
3562 3556 3774 3605 stanno
3802 3548 3900 3605 nel
3928 3547 4339 3622 frontespizio,
4371 3548 4488 3605 alla

706 3652 857 3701 testa
880 3644 1040 3701 della
1061 3643 1410 3718 prefazione
1435 3662 1468 3701 e
1494 3644 1609 3701 alle
1632 3662 1689 3718 p.
1717 3644 1816 3711 47,
1844 3644 1941 3711 71,
1972 3644 2045 3701 88
2073 3662 2106 3701 e
2131 3644 2228 3711 91,
2258 3662 2408 3701 sono
2434 3643 2495 3701 di
2520 3643 2646 3701 fina
2669 3662 2702 3701 e
2727 3643 3002 3718 graziosa
3025 3643 3403 3701 esecuzione.

476 3835 655 3894 3195.
693 3836 1078 3893 CHEVALIER
1109 3835 1379 3903 Nicolas,
1415 3837 1785 3910 Remarques
1823 3854 1921 3893 sur
1953 3854 2069 3893 une
2102 3835 2276 3910 piece
2311 3835 2551 3910 antique
2585 3836 2660 3893 de
2692 3836 2917 3893 bronze
2950 3836 3197 3893 trouvée
3232 3854 3349 3893 aux
3382 3835 3664 3893 environs
3700 3836 3775 3893 de
3808 3837 4004 3893 Rome
4038 3844 4148 3893 etc.
4187 3854 4334 3893 avec
4369 3854 4487 3893 une

707 3930 1074 4005 description
1098 3931 1173 3988 de
1198 3931 1256 3988 la
1279 3930 1579 3988 Chambre
1604 3931 1710 3988 des
1735 3931 1960 3988 rarétez
1985 3931 2060 3988 de
2085 3931 2356 3998 l’auteur,
2384 3931 2771 3988 Amsterdam
2801 3930 2976 3998 1694,
3003 3930 3065 3987 in
3096 3931 3187 3998 12,
3215 3930 3319 4005 fig.

706 4028 773 4083 In
800 4035 1013 4101 questo
1042 4027 1315 4101 elegante
1344 4027 1676 4084 volumetto
1708 4045 1858 4084 sono
1894 4027 1966 4083 14
1994 4027 2212 4094 tavole,
2243 4045 2562 4101 compreso
2590 4026 2633 4083 il
2662 4026 3055 4101 frontespizio
3083 4026 3371 4094 istoriato,
3402 4027 3458 4084 le
3486 4026 3649 4101 quali
3677 4045 3795 4084 con
3822 4026 4023 4101 grazia
4050 4026 4267 4084 furono
4295 4026 4486 4084 incise

707 4123 784 4180 da
809 4122 1263 4180 Schoonebeek.

476 4314 655 4373 3196.
697 4315 1023 4372 CHIFLETII
1059 4316 1226 4372 Joan.
1268 4314 1497 4382 Jacobi,
1538 4314 1852 4372 Anastasis
1893 4314 2222 4372 Childerici
2260 4314 2442 4371 Primi
2481 4316 2845 4372 Francorum
2881 4314 3085 4389 Regis,
3130 4314 3258 4372 sive
3296 4314 3607 4372 thesaurus
3649 4314 4059 4389 sepulchralis,
4101 4314 4485 4389 Antuerpiae,

706 4410 956 4478 Plantin,
991 4410 1166 4478 1655,
1193 4410 1255 4467 in
1278 4411 1335 4478 4,
1363 4410 1467 4485 fig.

712 4506 847 4563 Con
893 4506 1079 4563 molte
1125 4506 1326 4563 tavole
1373 4506 1469 4563 de’
1523 4505 1899 4563 monumenti
1945 4505 2160 4563 trovati
2207 4506 2305 4563 nel
2354 4506 2630 4580 sepolcro
2678 4505 2739 4563 di
2786 4505 3133 4563 Childerico
3179 4506 3298 4563 ben
3343 4505 3650 4580 intagliate
3698 4506 3775 4563 ed
3820 4505 4061 4563 inserite
4109 4505 4199 4563 fra
4243 4505 4287 4562 il
4333 4514 4487 4563 testo

707 4602 1058 4676 dell’opera.

476 4794 655 4852 3197.
684 4794 1221 4851 CHIMENTELLIUS
1248 4793 1545 4861 Valerius,
1573 4795 1845 4851 Marmor
1868 4793 2154 4851 Pisanum
2178 4794 2253 4851 de
2278 4793 2507 4851 honore
2532 4793 2746 4851 Biselii
2771 4795 3086 4868 Parergon.
3115 4793 3372 4851 Accedit
3396 4794 3471 4851 de
3497 4793 3733 4851 Muscis
3760 4793 3964 4851 odoris
3989 4793 4185 4868 pisani
4211 4793 4484 4868 epistola,

706 4889 1022 4947 Bononiae
1054 4889 1229 4957 1666,
1256 4889 1318 4946 in
1341 4890 1397 4947 4.

707 4986 842 5043 Con
867 4985 945 5043 54
971 4985 1165 5060 figure
1189 4985 1252 5042 in
1276 4985 1494 5060 cinque
1518 4986 1718 5043 tavole
1743 4985 1805 5042 in
1827 5004 2011 5053 rame;
2039 5004 2223 5060 opera
2244 4985 2475 5060 ripiena
2498 4985 2559 5043 di
2584 4985 2928 5043 vastissima
2951 4985 3315 5043 erudizione.

476 5177 655 5235 3198.
683 5177 1087 5234 CHRONICON
1109 5176 1448 5234 universale
1472 5195 1579 5251 per
1602 5176 1766 5234 viam
1788 5176 2191 5251 epithomatis,
2218 5176 2655 5251 Norimbergae
2687 5177 2862 5244 1493,
2889 5176 2951 5233 in
2975 5176 3102 5244 fol.,
3130 5176 3234 5251 fig.

711 5274 1073 5330 Veramente
1098 5281 1483 5347 quantunque
1508 5272 1606 5330 dai
1629 5272 1979 5347 bibliografi
2007 5272 2283 5330 s’intitoli
2308 5273 2438 5330 così
2464 5281 2676 5347 questo
2703 5272 2875 5340 libro,
2901 5273 3023 5347 può
3047 5272 3351 5347 riportarsi
3376 5272 3478 5347 qui
3502 5272 3545 5329 il
3572 5291 3681 5330 suo
3708 5291 3851 5330 vero
3877 5272 4289 5347 frontespizio,
4317 5272 4428 5330 che
4454 5273 4487 5330 e

706 5368 749 5425 il
784 5377 1087 5443 seguente:
1123 5371 1464 5442 Registrum
1497 5369 1674 5442 hujus
1708 5371 1912 5442 operis
1946 5368 2085 5426 libri
2117 5369 2545 5426 chronicarum
2578 5388 2713 5426 cum
2732 5369 2959 5442 figuris
2993 5380 3051 5426 et
3084 5369 3449 5442 imaginibus
3481 5369 3561 5426 ab
3597 5371 3766 5426 initio
3799 5369 4022 5426 mundi.
4058 5370 4240 5443 Dopo
4274 5377 4486 5443 questo

707 5464 1118 5539 frontespizio,
1153 5483 1423 5539 seguono
1460 5465 1531 5523 19
1563 5464 1734 5539 fogli,
1766 5464 1877 5522 che
1906 5473 2290 5539 contengono
2323 5464 2552 5522 Tabula
2582 5467 2786 5538 operis
2815 5465 2992 5538 hujus
3020 5465 3095 5522 de
3126 5465 3496 5538 temporibus
3524 5465 3747 5522 mundi.
3780 5464 4101 5522 Comincia
4127 5464 4232 5539 poi
4260 5464 4303 5521 il
4331 5473 4485 5522 testo

707 5560 805 5617 dal
831 5559 1024 5634 foglio
1054 5568 1301 5634 segnato
1335 5560 1359 5616 1
1393 5560 1448 5617 al
1474 5560 1614 5627 299,
1643 5559 1833 5617 dietro
1860 5559 1957 5617 cui
1982 5560 2158 5617 adest
2180 5579 2353 5627 nunc,
2386 5560 2655 5617 studiose
2683 5559 2885 5627 lector,
2905 5560 3058 5633 finis
3085 5559 3224 5617 libri
3249 5560 3677 5617 chronicarum
3695 5579 3814 5633 per
3836 5562 3994 5617 viam
4021 5560 4405 5633 epithomatis
4432 5571 4490 5617 et

707 5656 973 5729 breviarj
1027 5655 1339 5729 compilati
1395 5667 1500 5713 etc.
1563 5656 1646 5713 ad
1701 5658 1972 5713 intuitum
2027 5667 2228 5713 autem
2285 5667 2343 5713 et
2387 5675 2608 5729 preces
2656 5656 3054 5729 providorum
3110 5658 3328 5713 civium
3383 5655 3631 5713 Sebaldi
3685 5656 3980 5729 Schreyer
4033 5667 4091 5713 et
4144 5656 4489 5713 Sebastiani

706 5754 1183 5809 Kamermaister
1243 5752 1402 5809 bunc
1467 5751 1684 5809 librum
1747 5752 2027 5809 dominus
2085 5753 2384 5809 Antonius
2447 5752 2766 5825 Koberger
2822 5752 3266 5825 Nurimbergae
3333 5754 3645 5825 impressit.
3712 5752 4015 5809 Aclbibitis
4080 5763 4278 5809 tamen
4343 5754 4486 5809 viris

706 5848 1147 5905 mathematicis
1187 5847 1604 5921 plugenclique
1652 5850 1800 5905 artis
1840 5850 2197 5921 peritissimi
2242 5847 2550 5905 Michaele
2604 5847 2947 5921 Wolgemut,
3004 5859 3062 5905 et
3112 5847 3421 5905 Wilbelmo
3468 5847 3921 5921 Pleiclenwurft;
3973 5868 4229 5921 quarum
4276 5847 4487 5905 solerti

706 5946 1290 6017 accuratissimaque
1332 5944 1861 6001 animaclversione
1905 5955 2025 6001 tum
2067 5946 2386 6011 civitatum,
2437 5955 2557 6001 tum
2601 5943 2919 6001 illustrium
2961 5946 3225 6001 virorum
3254 5944 3504 6017 figurae
3549 5946 3811 6001 insertae
3853 5955 4002 6001 sunt.
4055 5945 4488 6001 Consumatum

706 6051 907 6097 autem
931 6040 1293 6097 duodecima
1318 6042 1541 6097 mensis
1564 6039 1711 6097 Julii
1734 6060 1898 6097 anno
1922 6039 2136 6097 salutis
2160 6051 2406 6097 nostrae
2434 6040 2594 6097 1493
2603 6088 2612 6097 .

711 6134 892 6192 Libro
922 6134 1033 6192 che
1061 6134 1138 6192 ha
1163 6134 1373 6209 pregio
1404 6153 1438 6192 a
1465 6134 1719 6209 cagione
1748 6135 1910 6192 dello
1939 6134 2239 6192 immenso
2268 6153 2518 6192 numero
2548 6134 2609 6192 di
2637 6135 2837 6192 tavole
2866 6134 2927 6192 di
2955 6134 3094 6209 quei
3121 6134 3298 6209 primi
3326 6134 3689 6209 intagliatori
3717 6134 3779 6191 in
3807 6135 4006 6209 legno,
4038 6153 4137 6192 ma
4164 6134 4275 6192 che
4303 6153 4425 6192 non
4453 6135 4486 6192 e

707 6230 768 6288 di
800 6231 1013 6288 alcuna
1040 6230 1232 6298 rarità,
1267 6249 1301 6288 a
1330 6230 1584 6305 cagione
1615 6230 1713 6288 dei
1745 6230 1916 6288 molti
1947 6230 2267 6305 esemplari
2298 6230 2409 6288 che
2442 6249 2505 6288 se
2535 6249 2610 6288 ne
2640 6230 3011 6288 incontrano.
3045 6213 3093 6287 È
3124 6231 3201 6288 da
3229 6230 3452 6288 notarsi
3481 6231 3627 6305 però
3659 6230 3769 6288 che
3801 6231 3918 6288 alla
3945 6230 4167 6305 pagina
4196 6230 4317 6288 266
4347 6249 4488 6305 pare

707 6326 818 6384 che
854 6326 1073 6384 finisca
1106 6326 1149 6383 il
1189 6328 1267 6401 [p.
1313 6327 1450 6396 111]
1491 6327 1755 6394 volume,
1793 6326 2094 6400 completo
2132 6329 2190 6384 in
2212 6327 2633 6400 famosissima
2666 6327 3179 6400 Nirimbergensis
3216 6327 3363 6384 urbe
3400 6346 3519 6384 ecc.
3564 6327 3767 6397 (come
3802 6326 3862 6384 vi
3900 6326 3949 6384 si
3985 6327 4206 6401 legge).
4244 6326 4353 6384 Poi
4387 6327 4486 6384 nel

706 6431 910 6480 nostro
953 6423 1286 6497 esemplare
1330 6441 1480 6480 sono
1523 6422 1704 6497 legati
1746 6422 1766 6479 i
1809 6422 1842 6480 5
1888 6422 2015 6490 fol.,
2059 6441 2181 6480 non
2221 6422 2530 6490 numerati,
2575 6422 2687 6480 che
2729 6423 3105 6480 dovrebbero
3146 6422 3397 6480 trovarsi
3440 6423 3557 6480 alla
3597 6422 3721 6480 fine
3763 6423 3838 6480 de
3881 6424 4195 6480 Sarmacia
4240 6425 4487 6496 regione

2171 6657 2347 6694 WWW.
2358 6637 2734 6710 memofonte.
2748 6639 2791 6694 it
