4958 7017
1981 864 2366 922 Fondazione
2390 864 2775 922 Memofonte
2800 865 2976 922 onlus

1390 960 1600 1018 Studio
1624 979 1731 1035 per
1754 960 2226 1018 l’elaborazione
2250 960 2632 1018 informatica
2655 961 2813 1018 delle
2838 960 2991 1018 fonti
3018 960 3571 1018 storico—artistiche

476 1344 655 1402 3479.
682 1344 969 1401 ANTINOI
992 1362 1025 1401 e
1050 1362 1347 1401 marmore
1371 1343 1544 1401 Pario
1572 1344 1803 1418 sculpta
1825 1343 2029 1418 imago
2055 1343 2356 1401 Adrianae
2379 1343 2604 1411 ruinae,
2630 1352 2862 1418 reperta
2886 1362 3041 1401 anno
3074 1344 3248 1402 1739.

710 1475 793 1479 —
815 1440 1025 1497 Florae
1052 1439 1441 1497 simulacrum
1463 1439 1767 1497 effossum
1789 1439 1851 1496 in
1878 1440 2010 1497 solo
2035 1439 2365 1507 Tiburtino,
2394 1458 2549 1497 anno
2582 1440 2755 1497 1744.

710 1571 793 1575 —
815 1535 1001 1593 Fauni
1025 1535 1354 1593 terminalis
1380 1535 1625 1610 effigies
1649 1544 1881 1610 reperta
1903 1535 1965 1592 in
1988 1535 2153 1593 Villa
2176 1535 2458 1603 Adriana,
2487 1554 2643 1593 anno
2676 1536 2850 1593 1747.

710 1667 793 1671 —
818 1631 1052 1689 Silentii
1079 1640 1269 1689 statua
1291 1631 1354 1688 in
1380 1632 1512 1689 solo
1537 1631 1848 1689 Tiburtino
1874 1632 2124 1699 detecta,
2153 1650 2308 1689 anno
2341 1632 2515 1689 1740.

710 1762 793 1766 —
818 1726 1221 1784 Simulacrum
1244 1726 1593 1801 aegyptium
1615 1726 1678 1783 in
1702 1726 2013 1784 Tiburtino
2041 1727 2173 1784 solo
2199 1735 2572 1794 excavatum,
2601 1745 2758 1784 anno
2791 1727 2964 1785 1739.

710 1858 793 1862 —
816 1822 1098 1880 Centauri
1123 1823 1243 1880 duo
1269 1841 1344 1880 ex
1368 1841 1665 1880 marmore
1691 1822 1972 1897 aegyptio
1997 1822 2060 1879 in
2085 1841 2227 1897 agro
2252 1822 2563 1880 Tiburtino
2587 1822 2820 1897 reperti,
2849 1841 3004 1880 anno
3037 1822 3211 1880 1736.

713 1919 938 1990 Queste
966 1927 1113 1976 sette
1141 1927 1347 1986 statue,
1376 1918 1474 1976 dai
1499 1918 1764 1993 migliori
1789 1918 2151 1993 intagliatori
2176 1918 2238 1975 in
2263 1937 2407 1993 gran
2432 1918 2626 1993 foglio
2653 1937 2770 1976 con
2795 1918 3098 1993 diligenza
3122 1918 3432 1993 disegnate
3458 1919 3534 1976 ed
3558 1918 3767 1986 incise,
3798 1937 3948 1976 sono
3973 1918 4187 1976 riunite
4212 1919 4372 1976 nella
4395 1920 4483 1976 M.

710 2015 804 2072 84.
831 2016 1023 2072 Prove
1048 2014 1109 2072 di
1132 2014 1324 2089 prima
1346 2014 1747 2089 impressione
1772 2033 1805 2072 e
1830 2014 2193 2072 freschezza.

476 2207 655 2264 3480.
687 2208 992 2264 BARZONI
1019 2206 1299 2274 Vittorio,
1331 2207 1536 2264 L’Ebe
1566 2206 1627 2264 di
1656 2206 1924 2264 Antonio
1955 2207 2207 2264 Canova
2235 2206 2507 2264 ordinata
2535 2225 2568 2264 e
2596 2207 2924 2281 posseduta
2952 2207 3050 2264 dal
3080 2225 3130 2264 c.
3165 2206 3475 2281 Giuseppe
3504 2206 3791 2274 Albrizzi,
3823 2206 4095 2264 Venezia
4130 2207 4305 2274 1803,
4337 2206 4399 2263 in
4431 2207 4484 2274 8,

707 2320 824 2359 con
848 2302 968 2376 varj
1001 2301 1216 2359 sonetti
1240 2301 1477 2359 intorno
1503 2302 1561 2359 la
1586 2310 1792 2369 stessa,
1819 2303 1907 2359 M.
1943 2302 2075 2359 100.

476 2494 655 2551 3481.
682 2495 987 2551 BARZONI
1009 2493 1288 2561 Vittorio,
1315 2493 1714 2561 Descrizioni,
1741 2493 1977 2551 Milano
2010 2493 2185 2561 1815,
2212 2493 2274 2550 in
2305 2494 2396 2561 12,
2423 2495 2510 2551 M.
2546 2494 2678 2551 101.

709 2590 873 2647 Sono
903 2589 1005 2664 qui
1035 2589 1299 2647 descritti
1330 2589 1528 2647 alcuni
1558 2589 1933 2647 monumenti
1963 2608 1996 2647 e
2028 2598 2216 2647 statue
2246 2589 2482 2647 antiche
2511 2608 2544 2647 e
2574 2590 2880 2657 moderne,
2911 2589 2974 2646 in
3001 2589 3230 2664 ispecie
3260 2590 3472 2647 alcune
3502 2608 3684 2664 opere
3713 2589 3774 2647 di
3803 2590 4055 2647 Canova
4082 2608 4259 2647 come
4288 2590 4483 2657 l’Ebe,

707 2686 765 2743 la
787 2685 1019 2753 Psiche,
1046 2685 1089 2742 il
1114 2694 1507 2743 monumento
1533 2686 1838 2743 dell’Emo
1864 2704 1951 2743 ec.

476 2877 655 2934 3482.
685 2876 920 2934 Becker
947 2876 1291 2934 Guillaume
1320 2876 1607 2944 Gottlieb,
1637 2877 2019 2951 Augusteum
2044 2895 2124 2934 ou
2151 2876 2519 2951 description
2546 2877 2652 2934 des
2681 2895 3041 2934 monumens
3071 2876 3342 2951 antiques
3371 2876 3473 2951 qui
3504 2895 3567 2934 se
3594 2885 3870 2934 trouvent
3897 2877 3931 2934 a
3956 2877 4207 2944 Dresde,
4237 2876 4487 2951 Leipzig

714 2973 889 3040 1804,
916 2973 1035 3030 vol.
1066 2973 1120 3040 3,
1147 2972 1209 3029 in
1233 2972 1360 3040 fol.,
1388 2972 1492 3047 fig.

696 3069 897 3143 Opera
920 3068 1189 3143 eseguita
1212 3087 1330 3126 con
1352 3068 1692 3143 precisione
1718 3087 1751 3126 e
1776 3087 1893 3126 con
1915 3068 2077 3126 ricca
2100 3069 2403 3143 eleganza.
2431 3068 2590 3126 Vedi
2612 3068 2879 3126 Recueil.

479 3262 557 3335 [p.
593 3260 729 3330 154]

476 3452 655 3509 3483.
696 3453 889 3509 BIAGI
926 3452 1259 3519 Clemente,
1300 3451 1782 3526 Ragionamento
1824 3470 2001 3526 sopra
2037 3451 2344 3509 un’antica
2383 3460 2573 3509 statua
2612 3451 3089 3526 singolarissima
3125 3460 3530 3509 nuovamente
3571 3460 3845 3526 scoperta
3881 3452 4176 3526 nell’agro
4214 3470 4484 3519 romano,

706 3549 903 3605 Roma
933 3548 1108 3615 1771,
1135 3547 1197 3604 in
1220 3548 1277 3615 4,
1305 3547 1431 3622 fig.,
1458 3549 1546 3605 M.
1577 3548 1672 3605 33.

716 3644 851 3701 Con
874 3662 993 3701 una
1015 3644 1218 3701 tavola
1240 3643 1548 3718 intagliata
1570 3643 1633 3700 in
1655 3662 1837 3701 rame.
1865 3645 1951 3701 La
1977 3652 2167 3701 statua
2192 3643 2454 3718 spiegasi
2479 3662 2655 3701 come
2678 3652 3162 3718 rappresentante
3186 3643 3229 3700 il
3256 3644 3415 3701 Sole.

476 3836 655 3893 3484.
694 3837 956 3893 BOCCHI
989 3837 1342 3903 Francesco,
1381 3836 1740 3893 Eccellenza
1775 3836 1935 3893 della
1972 3844 2162 3893 statua
2198 3835 2259 3893 di
2298 3836 2355 3893 S.
2397 3835 2651 3910 Giorgio
2689 3835 2750 3893 di
2786 3836 3110 3893 Donatello
3150 3836 3408 3893 scultore
3445 3835 3787 3903 fiorentino,
3825 3844 4001 3910 posta
4035 3836 4196 3893 nella
4231 3835 4488 3893 facciata

707 3931 971 3988 d’Orsan
994 3930 1264 3988 Michele
1292 3930 1491 3988 scritta
1513 3930 1575 3987 in
1599 3930 1806 4005 lingua
1829 3930 2166 3998 fiorentina,
2193 3930 2500 3998 Fiorenza,
2526 3931 2626 4005 pel
2650 3930 3021 3998 Marescotti,
3056 3930 3230 3998 1584,
3257 3930 3319 3987 in
3346 3931 3398 3988 8.

476 4122 655 4180 3485.
688 4124 1068 4190 BOFFRAND,
1101 4122 1488 4197 Description
1519 4123 1594 4180 de
1625 4141 1695 4180 ce
1726 4122 1828 4197 qui
1860 4141 1894 4180 a
1923 4123 2016 4180 été
2045 4122 2315 4197 pratique
2344 4141 2497 4197 pour
2526 4122 2739 4180 fondre
2770 4141 2845 4180 en
2873 4123 3098 4180 bronze
3129 4123 3278 4180 d’un
3310 4123 3438 4180 seul
3461 4123 3551 4197 jet
3580 4123 3638 4180 la
3667 4122 3861 4197 figure
3892 4131 4166 4197 equestre
4197 4123 4272 4180 de
4302 4122 4486 4180 Lovis

706 4220 851 4276 XIV
876 4237 1139 4293 ouvrage
1165 4218 1447 4293 francois,
1475 4227 1533 4276 et
1556 4218 1700 4276 latin
1725 4218 1947 4276 entichi
1972 4219 2047 4276 de
2070 4218 2358 4293 planches
2384 4237 2459 4276 en
2482 4218 2646 4276 taille
2671 4219 2884 4286 douce,
2911 4218 3074 4276 Paris
3107 4219 3281 4286 1743,
3308 4218 3370 4275 in
3394 4218 3499 4276 fol.

704 4315 905 4389 Opera
937 4314 1207 4389 eseguita
1239 4333 1356 4372 con
1389 4315 1577 4372 molta
1609 4314 2056 4389 magnificenza
2088 4315 2164 4372 ed
2197 4323 2512 4372 esattezza:
2551 4333 2668 4372 con
2702 4315 2781 4372 20
2815 4315 3015 4372 tavole
3049 4333 3148 4372 ma
3187 4315 3258 4373 19
3292 4333 3399 4389 per
3431 4333 3630 4372 essere
3662 4314 3917 4389 ripetuta
3949 4315 4007 4372 la
4037 4314 4247 4389 prima,
4284 4333 4401 4372 ove
4437 4314 4486 4372 si

707 4411 860 4468 vede
884 4419 1046 4468 netto
1071 4410 1114 4467 il
1139 4419 1301 4485 getto
1327 4411 1487 4468 della
1512 4419 1717 4478 statua,
1745 4411 1843 4468 nel
1868 4410 2234 4468 cominciare
2259 4429 2292 4468 e
2316 4411 2414 4468 nel
2440 4410 2616 4468 finire
2641 4411 2739 4468 del
2764 4411 3026 4468 volume.

476 4601 655 4659 3486.
682 4603 1162 4659 BOUCHARDON
1184 4602 1523 4669 Edmundo,
1553 4602 1756 4659 Statua
1780 4601 2074 4676 antiquae.
2102 4601 2261 4659 Vedi
2284 4601 2567 4659 Preisler.

476 4794 655 4851 3487.
692 4795 1036 4851 BRASCHIO
1069 4795 1158 4851 Jo.
1195 4793 1483 4868 Baptista,
1519 4795 1613 4851 De
1646 4793 1832 4851 tribus
1870 4793 2075 4851 statuis
2110 4793 2173 4850 in
2204 4812 2456 4851 romano
2492 4793 2756 4868 capitolo
2791 4793 3003 4851 erectis
3039 4812 3195 4851 anno
3237 4794 3393 4851 1720
3428 4793 3732 4868 ecphrasis
3767 4793 4254 4868 iconographica,
4290 4795 4488 4851 Roma

714 4890 889 4957 1724,
915 4889 977 4946 in
1000 4890 1057 4957 4,
1085 4889 1189 4964 fig.

715 4987 799 5043 Le
835 4985 1080 5043 critiche
1116 4985 1482 5043 discussioni
1520 4986 1673 5043 sulla
1706 4985 2186 5043 inconvenienza
2220 4985 2281 5043 di
2317 4986 2619 5043 collocare
2655 4986 2853 5060 quelle
2891 4994 3078 5043 statue
3112 4985 3327 5043 riunite
3365 5004 3516 5043 sono
3555 4985 3889 5043 savissime.
3928 4987 4014 5043 La
4047 4986 4250 5043 tavola
4284 4985 4395 5043 che
4431 4986 4487 5043 le

705 5089 1089 5155 rappresenta
1111 5099 1233 5138 non
1259 5099 1429 5138 serve
1455 5099 1489 5138 a
1512 5081 1693 5138 darne
1717 5080 1980 5138 un’idea.

476 5273 655 5330 3488.
685 5273 1129 5330 CANCELLIERI
1148 5274 1502 5340 Francesco,
1530 5272 1772 5330 Notizie
1798 5273 1956 5330 delle
1982 5273 2098 5330 due
2125 5272 2361 5330 famose
2390 5281 2578 5330 statue
2604 5272 2665 5330 di
2691 5291 2771 5330 un
2797 5272 2987 5330 fiume
3013 5291 3046 5330 e
3072 5272 3133 5330 di
3158 5273 3452 5340 Patroclo,
3481 5273 3639 5330 dette
3665 5273 4077 5347 volgarmente
4103 5272 4164 5330 di
4189 5272 4487 5330 Marforio

707 5387 740 5426 e
764 5368 1084 5443 Pasquino,
1111 5370 1308 5426 Roma
1338 5369 1513 5436 1789,
1540 5368 1602 5425 in
1629 5369 1682 5436 8,
1709 5368 1836 5443 fig.,
1863 5370 1951 5426 M.
1979 5369 2077 5426 48.

716 5465 892 5522 Colle
919 5473 1107 5522 statue
1131 5464 1438 5539 intagliate
1462 5464 1524 5521 in
1546 5483 1728 5522 rame.

476 5656 655 5714 3489.
686 5656 1131 5713 CANCELLIERI
1152 5657 1505 5723 Francesco,
1535 5655 1971 5713 Dissertazioni
1999 5655 2305 5730 epistolari
2333 5655 2570 5713 diverse
2596 5655 2811 5713 riunite
2839 5674 2872 5713 e
2898 5655 3243 5730 pubblicate
3273 5674 3450 5730 sopra
3476 5656 3535 5713 la
3563 5664 3752 5713 statua
3778 5656 3876 5713 del
3903 5655 4262 5723 Discobolo,
4292 5657 4489 5713 Roma

714 5751 889 5819 1806,
915 5751 977 5808 in
1004 5752 1057 5819 8,
1085 5751 1211 5826 fig.,
1238 5753 1326 5809 M.
1357 5751 1452 5809 35.

716 5848 832 5905 Col
876 5847 1269 5922 frontespizio
1314 5847 1591 5922 figurato,
1638 5848 1947 5905 corredata
1989 5847 2050 5905 di
2093 5848 2278 5905 molte
2322 5847 2613 5905 memorie
2659 5866 2728 5905 su
2772 5856 2984 5922 questo
3030 5856 3378 5922 argomento
3423 5848 3709 5905 dell’abb.
3756 5849 3891 5915 Fea,
3938 5848 4036 5905 del
4081 5847 4379 5915 Guattani,
4426 5847 4487 5905 di

706 5943 996 6001 Visconti.

476 6135 655 6193 3490.
689 6135 994 6192 CARBURI
1022 6135 1090 6192 C.
1124 6134 1322 6192 Maria
1351 6135 1426 6192 de
1456 6134 1793 6202 Cefalonie,
1826 6136 2190 6192 Monument
2219 6135 2391 6192 élevé
2423 6135 2457 6192 a
2486 6135 2544 6192 la
2573 6134 2763 6209 gloire
2794 6135 2869 6192 de
2898 6134 3095 6192 Pierre
3125 6135 3181 6192 le
3213 6135 3434 6202 Grand,
3467 6153 3547 6192 ou
3575 6134 3828 6192 relation
3858 6135 3964 6192 des
3995 6143 4259 6202 travaux,
4293 6143 4351 6192 et
4380 6135 4486 6192 des

706 6249 960 6305 moyens
989 6230 1419 6305 mechaniques
1449 6231 1764 6305 employés
1791 6249 1944 6305 pour
1975 6232 2053 6305 [p.
2092 6230 2229 6300 155]
2263 6231 2321 6288 la
2345 6231 2491 6288 base
2519 6239 2577 6288 et
2603 6231 2661 6288 la
2689 6239 2876 6288 statue
2904 6231 3178 6305 equestre
3206 6231 3281 6288 de
3309 6239 3404 6288 cet
3429 6232 3774 6305 Empereur,
3806 6249 3840 6288 a
3865 6230 4028 6288 Paris
4064 6231 4238 6298 1777,
4268 6230 4330 6287 in
4357 6230 4484 6298 fol.,

707 6326 812 6401 fig.

717 6423 918 6497 Opera
941 6423 1240 6480 celebrata
1262 6422 1691 6490 meritamente,
1720 6441 1836 6480 ove
1860 6422 1922 6479 in
1953 6423 2025 6479 12
2050 6423 2250 6480 tavole
2275 6423 2308 6480 è
2333 6422 2613 6480 descritta
2636 6431 2847 6497 questa
2870 6422 3108 6480 famosa
3131 6422 3510 6497 operazione.

2171 6657 2347 6694 WWW.
2358 6637 2734 6710 memofonte.
2748 6639 2791 6694 il
