4958 7017
1981 864 2366 922 Fondazione
2390 864 2775 922 Memofonte
2800 865 2976 922 onlus

1390 960 1600 1018 Studio
1624 979 1731 1035 per
1754 960 2226 1018 l’elaborazione
2250 960 2632 1018 informatica
2655 961 2813 1018 delle
2838 960 2991 1018 fonti
3018 960 3571 1018 storico—artistiche

475 1347 640 1417 691.
681 1349 1044 1416 VITRUVII
1082 1347 1401 1432 (Marci),
1442 1349 1554 1416 De
1592 1347 2059 1416 architectura
2093 1347 2255 1416 libri
2293 1347 2570 1416 decem.
2612 1347 2868 1416 Codex
2905 1347 3498 1416 membranaceus
3537 1369 3705 1416 com
3740 1347 3990 1416 litteris
4030 1347 4482 1437 aureopictis.

709 1462 996 1531 Saeculi
1025 1464 1219 1531 XIV.

706 1574 754 1630 Il
782 1573 996 1631 codice
1024 1574 1057 1631 e
1084 1582 1402 1648 composto
1431 1574 1508 1631 da
1541 1574 1654 1630 124
1683 1573 1961 1648 foglietti;
1994 1573 2210 1631 sonovi
2239 1574 2451 1631 alcune
2477 1573 2674 1648 poche
2702 1573 2896 1648 figure
2924 1592 2957 1631 e
2984 1573 3004 1630 i
3032 1573 3315 1631 vocaboli
3343 1573 3505 1648 greci
3534 1574 3589 1631 al
3617 1573 3902 1648 margine.
3933 1575 4019 1631 Fu
4046 1573 4425 1631 confrontato
4454 1592 4487 1631 e

707 1669 1115 1744 corrisponde,
1153 1688 1269 1727 con
1301 1669 1714 1744 piccolissime
1750 1669 1974 1727 varietà
2007 1688 2040 1727 e
2074 1688 2196 1727 non
2230 1669 2567 1737 essenziali,
2606 1669 2661 1727 ai
2696 1670 2812 1727 due
2845 1669 3162 1744 principali
3197 1670 3357 1727 della
3389 1669 3683 1727 Vaticana
3716 1688 3749 1727 e
3782 1688 3889 1744 per
3922 1670 3980 1727 la
4010 1669 4346 1727 bellissima
4381 1688 4488 1727 sua

707 1784 1000 1823 conserva
1034 1767 1112 1840 [p.
1154 1766 1291 1835 127]
1328 1765 1522 1833 zione,
1556 1784 1589 1823 e
1618 1765 1811 1840 prima
1840 1766 2106 1840 legatura
2135 1784 2168 1823 e
2199 1766 2404 1823 lettere
2436 1774 2652 1833 aurate,
2686 1784 2719 1823 e
2750 1765 3049 1823 nitidezza
3078 1765 3139 1823 di
3168 1784 3531 1840 pergamene
3561 1765 3605 1822 il
3634 1765 3950 1823 riteniamo
3982 1765 4043 1823 di
4074 1784 4196 1823 non
4226 1784 4486 1823 comune

705 1861 1044 1936 preziosità.

475 2056 640 2126 692.
674 2058 1037 2125 VITRUVII
1059 2058 1191 2138 M.,
1224 2058 1336 2125 De
1368 2056 1835 2125 architectura
1862 2056 2024 2125 libri
2053 2067 2214 2125 tres.
2249 2056 2505 2125 Codex
2535 2056 3128 2125 membranaceus
3159 2056 3233 2124 in
3262 2056 3389 2125 fol.

708 2168 937 2239 Questo
973 2167 1187 2225 codice
1222 2167 1333 2225 che
1367 2186 1489 2225 non
1524 2167 1747 2242 giunge
1784 2186 1847 2225 se
1881 2186 2003 2225 non
2038 2186 2072 2225 a
2104 2176 2252 2225 tutto
2287 2167 2330 2224 il
2364 2176 2527 2225 terzo
2563 2167 2716 2225 libro
2751 2168 2784 2225 e
2821 2176 2971 2225 stato
3007 2167 3371 2225 cominciato
3407 2168 3505 2225 col
3540 2167 3830 2225 massimo
3866 2168 4033 2225 lusso
4069 2168 4145 2225 ed
4179 2168 4483 2242 eleganza,

707 2264 966 2321 essendo
997 2264 1055 2321 la
1081 2263 1274 2338 prima
1300 2263 1522 2338 pagina
1549 2263 1940 2321 interamente
1972 2263 2171 2321 scritta
2200 2282 2234 2321 a
2262 2264 2466 2321 lettere
2496 2264 2672 2321 d’oro
2703 2282 2736 2321 e
2766 2264 2822 2321 le
2852 2264 2968 2321 due
3000 2263 3271 2338 seguenti
3302 2264 3583 2321 alternate
3612 2263 3675 2320 in
3705 2282 3812 2321 oro
3842 2263 3904 2320 in
3933 2263 4085 2338 lapis
4116 2263 4333 2321 lazzuli
4363 2282 4396 2321 e
4425 2263 4487 2320 in

705 2378 981 2434 porpora:
1012 2368 1160 2417 tutto
1187 2359 1230 2416 il
1255 2368 1414 2417 resto
1442 2360 1540 2417 del
1567 2359 1781 2417 codice
1807 2359 1869 2416 in
1895 2359 2085 2417 minio
2113 2378 2146 2417 e
2172 2359 2234 2416 in
2260 2378 2423 2427 nero,
2453 2360 2486 2417 e
2513 2360 2673 2417 della
2697 2359 2987 2417 massima
3010 2360 3299 2417 bellezza:
3331 2378 3453 2417 non
3479 2360 3512 2417 e
3537 2360 3683 2434 però
3712 2359 4003 2417 anteriore
4031 2360 4086 2417 al
4112 2361 4229 2417 XV
4258 2360 4482 2417 secolo.

706 2457 821 2513 Era
843 2456 1003 2513 nella
1024 2455 1353 2513 biblioteca
1376 2456 1474 2513 del
1498 2457 1672 2513 Duca
1695 2455 1756 2513 di
1781 2456 2071 2513 Cassano.

475 2650 640 2720 693.
674 2652 1037 2719 VITRUVII
1065 2652 1142 2719 L.
1176 2650 1550 2732 Pollionis,
1583 2652 1695 2719 De
1726 2650 2193 2719 architectura
2220 2650 2382 2719 libri
2413 2650 2691 2732 decem,
2725 2650 2947 2719 editio
2976 2650 3331 2740 princeps.

706 2762 823 2819 Nel
860 2761 1158 2836 principio
1198 2762 1231 2819 e
1270 2762 1328 2819 la
1365 2762 1571 2819 lettera
1608 2761 1669 2819 di
1710 2761 2014 2819 Giovanni
2056 2761 2326 2836 Sulpizio
2367 2762 2422 2819 al
2462 2762 2689 2819 lettore:
2736 2780 2919 2836 segue
2958 2761 3227 2819 l’indice:
3269 2761 3374 2836 poi
3413 2762 3471 2819 la
3508 2762 3714 2819 lettera
3752 2762 3850 2819 del
3889 2761 4171 2819 Cardinal
4210 2761 4414 2819 Riario
4455 2780 4489 2819 a

708 2857 1012 2915 Giovanni
1048 2857 1337 2932 Sulpizio:
1376 2876 1658 2932 vengono
1691 2857 1711 2914 i
1744 2857 1902 2915 dieci
1935 2857 2070 2915 libri
2103 2857 2164 2915 di
2196 2857 2483 2915 Viuuvio:
2521 2857 2633 2915 che
2667 2857 2972 2915 ﬁniscono
3006 2876 3123 2915 con
3154 2876 3273 2915 una
3304 2866 3464 2915 carta
3495 2857 3556 2915 di
3590 2869 3793 2915 errata
3827 2858 3925 2915 col
3956 2857 4225 2932 registro.
4261 2859 4328 2914 In
4360 2857 4486 2915 fine

707 2955 866 3011 Sexti
888 2953 1027 3011 Iulii
1051 2956 1103 3010 F
1105 2956 1327 3011 roniini
1355 2953 1713 3011 Consularis
1738 2954 1813 3011 de
1839 2973 2068 3027 acques
2094 2973 2251 3027 quae
2280 2956 2338 3011 in
2365 2954 2573 3011 urbem
2601 2953 2879 3027 influunt;
2910 2953 3150 3011 libellus
3175 2953 3489 3011 mirabilis.
3518 2953 3900 3011 Dell’ultima
3924 2962 4084 3011 carta
4108 2954 4141 3011 e
4166 2953 4209 3010 il
4233 2953 4485 3028 registro

707 3049 805 3107 dei
830 3049 1000 3124 fogli,
1027 3049 1090 3106 in
1114 3049 1241 3117 fol.,
1271 3068 1452 3107 senza
1475 3050 1660 3124 luogo
1686 3050 1762 3107 ed
1787 3068 1960 3107 anno.

708 3146 935 3217 Questa
970 3146 1003 3203 e
1040 3146 1098 3203 la
1131 3145 1236 3220 più
1270 3164 1400 3203 rara
1435 3164 1468 3203 e
1503 3145 1771 3220 pregiata
1806 3145 2084 3203 edizione
2121 3145 2182 3203 di
2219 3146 2605 3220 quest’opera
2638 3164 2744 3220 per
2779 3164 2943 3203 esser
2978 3146 3036 3203 la
3069 3145 3262 3220 prima
3296 3164 3418 3203 non
3457 3146 3608 3213 solo,
3647 3164 3747 3203 ma
3780 3145 4000 3220 perché
4036 3145 4079 3202 il
4118 3164 4226 3203 suo
4263 3154 4416 3203 testo
4454 3146 4487 3203 e

705 3242 1179 3299 bastantemente
1204 3250 1478 3299 corretto:
1508 3242 1842 3316 esemplare
1867 3241 2199 3316 magniﬁco
2224 3241 2286 3298 in
2311 3241 2411 3299 vit.
2440 3242 2565 3299 dor.
2593 3243 2708 3299 Era
2730 3242 2890 3299 della
2911 3241 3240 3299 biblioteca
3263 3241 3520 3299 Corsini.

471 3455 636 3525 694.
681 3457 1044 3524 VITRUVII
1082 3457 1159 3524 L.
1204 3455 1578 3537 Pollionis,
1622 3457 1734 3524 De
1776 3455 2243 3524 architectura
2281 3455 2443 3524 libri
2485 3455 2741 3524 decem
2783 3455 2965 3524 sexti
3004 3455 3173 3524 Iulii
3213 3455 3530 3524 Frontini
3572 3455 3661 3524 de
3703 3455 4266 3545 aquaeductibus
4308 3455 4489 3524 liber

706 3592 913 3639 unus:
959 3570 1226 3660 Angeli
1267 3570 1596 3639 Polidani
1638 3570 2092 3660 opusculum:
2139 3570 2336 3660 quod
2375 3570 2925 3660 Panepistemen
2965 3570 3393 3639 inscribitur:
3439 3570 3707 3660 Angeli
3748 3570 4099 3639 Policiani
4139 3570 4213 3638 in
4252 3570 4489 3660 priora

706 3685 1093 3775 Analytica
1137 3685 1549 3775 praelectio,
1601 3685 1717 3754 cui
1764 3685 2010 3754 titulus
2059 3696 2167 3754 est
2211 3685 2481 3754 Lamia.
2532 3685 2935 3754 Florentiae
2982 3685 3418 3775 impressum
3466 3707 3653 3754 anno
3703 3707 3743 3754 a
3787 3685 4027 3754 Natali
4076 3685 4487 3754 Christiano

716 3800 924 3882 1496,
957 3800 1031 3868 in
1060 3800 1187 3869 fol.

706 3913 847 3969 Non
900 3911 949 3969 si
999 3912 1121 3986 può
1173 3911 1526 3969 indovinare
1578 3911 1876 3979 l’editore,
1930 3912 2005 3969 né
2057 3912 2117 3969 lo
2172 3920 2531 3986 stampatore
2583 3911 2644 3969 di
2696 3920 2908 3986 questo
2960 3920 3132 3979 testo,
3186 3911 3248 3968 in
3299 3911 3397 3969 cui
3448 3911 3714 3969 trovansi
3768 3911 3966 3969 alcuni
4016 3911 4213 3986 poche
4265 3911 4489 3969 varietà

707 4007 1137 4065 dell’edizione
1163 4007 1434 4082 principe
1462 4026 1549 4065 ec.
1580 4009 1694 4065 Tre
1720 4026 1757 4065 o
1786 4016 2017 4082 quattro
2046 4007 2239 4082 figure
2267 4007 2328 4065 di
2358 4007 2634 4082 semplici
2662 4007 2931 4082 quadrati
2958 4026 3080 4065 non
3105 4008 3357 4065 bastano
3387 4026 3421 4065 a
3445 4016 3617 4082 poter
3642 4007 3790 4065 dillo
3819 4007 3909 4065 fra
3934 4007 4194 4065 Vitruvii
4222 4007 4481 4082 figurali:

708 4103 906 4161 alcuni
932 4112 1381 4161 erroneamente
1406 4122 1486 4161 un
1510 4112 1715 4178 tempo
1742 4104 1802 4161 lo
1827 4103 2170 4178 riputarono
2195 4103 2388 4178 prima
2412 4103 2707 4161 edizione.
2736 4104 2972 4161 L’anno
2999 4103 3060 4161 di
3088 4112 3319 4178 stampa
3342 4103 3565 4161 trovasi
3591 4104 3754 4178 dopo
3779 4103 3822 4160 il
3847 4105 3904 4160 X
3930 4103 4082 4161 libro
4107 4103 4299 4178 prima
4323 4103 4486 4178 degli

707 4199 985 4274 opuscoli
1012 4218 1045 4257 e
1072 4200 1170 4257 del
1196 4199 1496 4257 Frontino.
1526 4200 1574 4256 Il
1600 4208 1754 4257 testo
1782 4200 1815 4257 è
1840 4200 2165 4274 preceduto
2193 4200 2270 4257 da
2295 4200 2411 4257 due
2440 4199 2554 4257 soli
2581 4199 2840 4274 foglietti
2867 4200 3025 4257 colle
3051 4200 3251 4257 tavole
3278 4199 3376 4257 dei
3403 4199 3649 4274 capitoli
3676 4218 3709 4257 e
3735 4199 3778 4256 il
3805 4199 4215 4274 frontespizio.
4245 4201 4312 4256 In
4337 4208 4486 4257 tutto

706 4295 749 4352 il
774 4296 1019 4353 volume
1046 4314 1197 4353 sono
1226 4295 1302 4353 86
1328 4295 1603 4370 foglietti.
1631 4296 1980 4370 Esemplare
2005 4295 2066 4353 di
2089 4295 2426 4353 bellissima
2449 4295 2939 4353 conservazione.

471 4490 636 4560 695.
708 4492 1071 4559 VITRUVII
1136 4492 1213 4559 L.
1285 4490 1659 4572 Pollionis,
1730 4492 1842 4559 De
1908 4490 2406 4559 Architectura
2471 4490 2633 4559 libri
2702 4490 2977 4559 decem.
3048 4490 3430 4559 Accedunt
3496 4490 3896 4559 Cleonidae
3963 4490 4488 4559 Harmonicum

707 4605 1329 4687 Introdoctorium,
1392 4605 1710 4674 Frontini
1773 4605 1862 4674 de
1924 4605 2510 4695 aquaeductibus.
2575 4605 2926 4674 Policiani
2988 4605 3359 4695 opuscula,
3423 4605 3886 4695 impressimi,
3950 4605 4300 4687 Venetiis,
4363 4627 4489 4695 per

709 4720 1088 4789 Simonem
1116 4720 1566 4810 Papiensem,
1600 4720 1874 4789 dictum
1902 4720 2367 4810 Bevilacqua,
2409 4721 2617 4802 1497,
2650 4720 2724 4788 in
2754 4720 2881 4789 fol.

711 4833 795 4889 Le
818 4831 1015 4906 poche
1041 4831 1291 4889 varianti
1316 4831 1427 4889 che
1452 4831 1810 4889 incontranti
1834 4831 1897 4888 in
1921 4840 2132 4906 questa
2155 4831 2433 4889 edizione
2458 4832 2618 4889 dalla
2647 4833 2725 4906 [p.
2761 4832 2898 4901 128]
2927 4832 3285 4906 precedente
3310 4831 3371 4889 di
3395 4833 3672 4889 Toscana
3694 4850 3816 4889 non
3842 4850 3992 4889 sono
4012 4850 4186 4906 prese
4211 4832 4288 4889 da
4312 4832 4488 4889 alcun

707 4927 939 4995 codice,
985 4928 1060 4985 né
1103 4927 1165 4984 in
1209 4928 1384 4985 alcun
1427 4936 1616 4985 motto
1661 4936 2067 5002 comprovate,
2114 4946 2214 4985 ma
2256 4928 2474 4985 dettate
2518 4928 2595 4985 da
2639 4927 2913 5002 semplici
2957 4927 3387 5002 conghietture:
3435 4927 3498 4984 in
3540 4936 3688 4985 tutto
3732 4927 4115 5002 rassomiglia
4157 4927 4486 4985 l’edizione

706 5023 1028 5081 ﬁorentina
1066 5042 1099 5081 e
1139 5042 1261 5081 non
1300 5023 1694 5081 conosciamo
1738 5042 1801 5081 se
1842 5024 2018 5081 alcun
2057 5042 2242 5081 uomo
2283 5023 2344 5081 di
2382 5023 2684 5098 profonda
2722 5023 2979 5081 dottrina
3016 5042 3091 5081 ne
3129 5042 3484 5098 procurasse
3524 5024 3582 5081 la
3618 5023 3921 5098 ristampa.
3967 5024 4131 5081 Sono
4172 5023 4367 5098 questi
4407 5024 4480 5082 91

707 5119 966 5194 foglietti
991 5119 1052 5177 di
1079 5128 1310 5194 stampa
1331 5138 1438 5194 per
1461 5119 1797 5194 l’aggiunta
1820 5120 1918 5177 del
1943 5119 2257 5177 Cleonide.
2285 5120 2521 5177 L’anno
2547 5119 2608 5177 di
2635 5128 2867 5194 stampa
2892 5128 2980 5177 sta
3003 5120 3166 5194 dopo
3191 5119 3234 5176 il
3259 5119 3498 5177 decimo
3524 5119 3677 5177 libro
3703 5119 3764 5177 di
3788 5119 4083 5177 Vitruvio.

475 5314 640 5384 696.
679 5316 1112 5383 VITRUVIUS
1143 5316 1461 5396 Marcus,
1500 5316 1631 5383 Per
1663 5314 2060 5383 iucundum
2096 5314 2311 5383 solito
2346 5314 2758 5404 castigatior
2790 5314 3023 5383 factus
3060 5336 3228 5383 cum
3261 5314 3516 5404 figuris
3553 5325 3622 5383 et
3653 5314 3915 5396 tabula,
3952 5325 4029 5383 ut
4061 5314 4208 5383 iam
4240 5314 4384 5404 legi
4420 5325 4489 5383 et

707 5429 1013 5519 intelligi
1042 5429 1294 5519 possit,
1327 5429 1677 5511 Venetiis,
1711 5429 1847 5498 511
1886 5429 2260 5519 diligentia
2286 5431 2487 5498 Joan.
2522 5429 2611 5498 de
2640 5429 2936 5498 Tridino
2968 5429 3143 5498 alias
3173 5429 3485 5511 tacuino,
3518 5429 3592 5497 in
3621 5429 3749 5498 fol.
3783 5429 3909 5519 fig.

706 5523 754 5597 È
789 5541 866 5598 da
898 5540 1139 5608 notarsi,
1175 5559 1281 5615 per
1311 5541 1430 5598 ben
1464 5559 1793 5598 conoscere
1828 5540 1911 5615 gli
1946 5540 2265 5615 esemplari
2300 5540 2587 5615 completi
2622 5540 2683 5598 di
2718 5549 2928 5615 questa
2961 5540 3257 5608 edizione,
3295 5540 3406 5598 che
3441 5541 3604 5615 dopo
3641 5540 3661 5598 l
3673 5542 3892 5598 ’errata
3928 5543 4168 5614 corrige
4204 5541 4486 5598 debbono

707 5636 933 5694 esservi
961 5655 1120 5694 nove
1148 5645 1306 5694 carte
1334 5636 1395 5694 di
1422 5636 1608 5694 indici
1636 5636 1697 5694 di
1726 5636 2027 5704 vocaboli,
2058 5637 2114 5694 le
2142 5636 2304 5711 quali
2332 5655 2454 5694 non
2483 5655 2634 5694 sono
2662 5636 2724 5693 in
2751 5636 2881 5694 tutti
2910 5636 2993 5711 gli
3022 5636 3360 5711 esemplari,
3391 5655 3567 5694 come
3595 5655 3670 5694 ne
3698 5636 3761 5694 fa
3787 5636 3926 5694 fede
3955 5637 4102 5694 altro
4131 5637 4483 5711 esemplare,

707 5732 768 5790 di
795 5733 938 5790 altre
963 5741 1295 5800 mancante,
1324 5732 1639 5790 essendosi
1663 5741 1839 5807 posta
1863 5733 1921 5790 la
1945 5733 2082 5790 data
2105 5732 2655 5790 immediatamente
2683 5741 2839 5790 sotto
2866 5733 3138 5800 l’errata,
3167 5751 3284 5790 con
3310 5732 3439 5790 altri
3465 5732 3751 5800 caratteri,
3780 5751 3955 5790 come
3983 5751 4046 5790 se
4071 5732 4114 5789 il
4140 5732 4293 5790 libro
4320 5732 4486 5790 fosse

707 5829 1029 5903 completo.
1064 5830 1205 5886 Non
1236 5829 1269 5886 e
1301 5847 1560 5886 comune
1591 5837 1825 5886 trovare
1857 5828 2175 5903 esemplari
2206 5828 2269 5885 in
2300 5847 2444 5903 gran
2475 5828 2744 5903 margine
2777 5847 2810 5886 e
2841 5828 3031 5886 intatti
3063 5847 3238 5886 come
3270 5837 3483 5903 questo
3515 5837 3738 5886 nostro:
3776 5829 3832 5886 le
3864 5828 4057 5903 figure
4088 5828 4395 5903 intagliate
4426 5828 4488 5885 in

707 5925 886 5999 legno
934 5943 1085 5982 sono
1130 5924 1371 5982 inserite
1416 5925 1514 5982 nel
1558 5933 1730 5982 testo.
1778 5926 1888 5982 Fra
1932 5924 2255 5982 Giocondo
2300 5924 2536 5999 insigne
2582 5924 2891 5982 architetto
2937 5924 3002 5982 fu
3044 5924 3240 5999 primo
3287 5943 3321 5982 a
3364 5933 3773 5982 commentare
3817 5924 3860 5981 il
3904 5933 4057 5982 testo
4103 5924 4164 5982 di
4208 5924 4485 5982 Vitruvio

706 6019 1007 6077 mediante
1037 6019 1473 6094 l’esposizione
1502 6020 1660 6077 delle
1690 6019 1902 6094 figure,
1935 6038 1968 6077 e
1997 6020 2057 6077 lo
2087 6019 2305 6077 dedicò
2336 6038 2370 6077 a
2399 6019 2606 6077 Giulio
2635 6021 2705 6077 II.
2738 6021 2848 6077 Ma
2877 6019 2926 6077 si
2954 6019 3215 6094 permise
3245 6020 3431 6077 molte
3460 6019 3891 6094 conghietture,
3923 6020 4109 6077 molte
4139 6019 4486 6077 alterazioni

707 6116 805 6173 del
829 6124 982 6173 testo
1008 6134 1041 6173 e
1066 6115 1241 6173 viene
1266 6115 1364 6173 dai
1389 6115 1579 6173 critici
1603 6115 1859 6173 tacciato
1885 6115 1946 6173 di
1973 6115 2289 6173 soverchio
2315 6134 2348 6173 e
2372 6115 2687 6173 temerario
2714 6115 2954 6173 arbitrio
2980 6116 3349 6173 vulnerando
3374 6134 3454 6173 un
3478 6115 3738 6173 classico
3762 6115 4060 6190 prezioso.

475 6330 640 6400 697.
684 6332 1118 6399 VITRUVIUS
1159 6332 1477 6412 Marcus,
1522 6332 1784 6399 Iterum
1823 6341 1892 6399 et
1929 6330 2313 6399 Frontintis
2356 6352 2396 6399 a
2432 6330 2761 6399 Jucundo
2800 6330 3018 6399 revisi
3057 6330 3560 6420 repurgatique
3599 6330 3930 6420 quintum
3969 6352 4058 6399 ex
4099 6330 4488 6399 collatione

2171 6657 2347 6694 WWW.
2358 6637 2734 6710 memofonte.
2748 6639 2766 6694 i
2770 6648 2791 6694 t
