4958 7017
1981 864 2366 922 Fondazione
2390 864 2775 922 Memofonte
2800 865 2976 922 onlus

1390 960 1600 1018 Studio
1624 979 1731 1035 per
1754 960 2226 1018 l’elaborazione
2250 960 2632 1018 informatica
2655 961 2813 1018 delle
2838 960 2991 1018 fonti
3018 960 3571 1018 storico—artistiche

705 1294 804 1299 —
832 1253 934 1320 La
961 1252 1223 1333 meme,
1256 1251 1407 1320 l’an
1445 1251 1652 1320 1763.

705 1409 804 1414 —
832 1368 934 1435 La
961 1367 1223 1448 meme,
1256 1366 1407 1435 l’an
1445 1366 1652 1435 1767.

705 1524 804 1529 —
832 1483 1066 1550 Lettre
1096 1481 1274 1550 d’un
1302 1481 1712 1571 particulier
1742 1482 1782 1550 à
1808 1503 1905 1550 un
1935 1481 2024 1550 de
2056 1503 2169 1550 ses
2199 1492 2483 1571 parents
2513 1481 2788 1571 peintre
2818 1503 2907 1550 en
2935 1481 3282 1571 province
3314 1503 3431 1550 sur
3458 1481 3526 1550 le
3557 1481 3780 1550 Salon
3810 1481 3905 1550 du
3943 1481 4150 1550 1755.

705 1639 804 1644 —
834 1596 1166 1665 Seconde
1195 1596 1396 1665 lettre
1428 1597 1468 1665 à
1494 1618 1591 1665 un
1619 1596 1933 1686 partisan
1963 1596 2058 1665 du
2085 1596 2233 1665 bon
2263 1597 2437 1686 goùt
2467 1618 2584 1665 sur
2611 1596 2681 1665 la
2709 1597 2949 1665 meme
2979 1596 3412 1686 exposition.

705 1754 804 1759 —
847 1713 1187 1801 Reponse
1233 1711 1373 1780 alla
1415 1711 1616 1780 lettre
1659 1711 2110 1801 precedente:
2161 1711 2353 1780 nella
2395 1711 2608 1801 quale
2652 1711 2704 1779 il
2749 1711 2953 1801 grido
2999 1711 3194 1801 degli
3241 1711 3462 1780 artisti
3507 1711 3696 1780 feriti
3742 1711 3933 1780 dalla
3976 1711 4241 1793 critica,
4290 1711 4486 1780 forse

708 1826 943 1916 giusta
971 1848 1010 1895 e
1039 1826 1479 1916 imparziale,
1515 1826 1574 1895 si
1604 1826 1679 1895 fa
1710 1826 1969 1895 sentire
2000 1826 2402 1895 altamente.

706 1939 883 1995 Tutto
909 1938 1107 2012 legato
1132 1937 1194 1994 in
1217 1956 1298 1995 un
1324 1938 1415 1995 sol
1440 1938 1703 1995 volume.
1732 1937 1960 1995 Vedasi
1984 1938 2109 2005 Art,
2140 1938 2595 1995 Observations.

487 2133 694 2202 1262.
734 2135 1138 2202 FIGUERRA
1171 2133 1322 2218 (de)
1361 2133 1911 2215 Pardo-Benito,
1950 2135 2263 2202 Esamen
2301 2133 2639 2202 analitico
2677 2133 2794 2202 del
2830 2133 3102 2223 quadro
3140 2133 3229 2202 de
3265 2133 3335 2202 la
3369 2133 3953 2202 Transfiuracion
3990 2133 4079 2202 de
4115 2133 4372 2202 Rafael
4409 2133 4478 2202 d’

706 2248 1010 2330 Urbino;
1046 2248 1349 2338 seguido
1380 2248 1469 2317 de
1501 2248 1799 2338 algunas
1831 2248 2390 2317 observaciones
2424 2248 2634 2317 sobre
2663 2248 2733 2317 la
2760 2248 3042 2338 pintura
3070 2248 3159 2317 de
3188 2248 3299 2317 los
3332 2248 3664 2338 Griegos,
3697 2248 3892 2317 Paris
3932 2249 4140 2330 1804,
4173 2248 4247 2316 in
4280 2249 4343 2330 8,
4375 2250 4481 2317 M.

716 2364 873 2432 102.

487 2574 694 2643 1263.
754 2576 1313 2643 FRANCESCONI
1363 2574 1691 2656 Daniele,
1752 2574 2247 2643 Illustrazione
2304 2574 2376 2643 di
2432 2575 2861 2656 un’urnetta,
2921 2574 3241 2643 lavorata
3297 2574 3508 2643 d’oro
3566 2596 3605 2643 e
3662 2574 3734 2643 di
3791 2574 3942 2643 vari
4001 2574 4155 2643 altri
4212 2574 4486 2643 metalli

709 2689 1195 2779 all’agemina,
1228 2689 1554 2758 Venezia
1590 2690 1799 2771 1800,
1832 2689 1906 2757 in
1939 2690 2002 2771 8,
2035 2689 2161 2779 fig.

707 2801 842 2858 Con
865 2809 950 2858 tre
974 2801 1174 2858 tavole
1199 2800 1680 2875 diligentissime.

491 3015 698 3084 1264.
748 3017 1308 3084 FRANCESCONI
1347 3015 1676 3097 Daniele,
1727 3016 2168 3105 Congettura
2214 3015 2347 3084 che
2393 3037 2537 3084 una
2581 3015 2829 3084 lettera
2874 3015 3165 3084 creduta
3211 3015 3283 3084 di
3331 3015 3717 3084 Baldassar
3762 3015 4213 3105 Castiglione
4262 3015 4368 3084 sia
4414 3015 4487 3084 di

707 3130 1073 3199 Raffaello
1104 3130 1487 3212 d’Urbino,
1519 3130 1817 3199 Firenze
1855 3131 2063 3212 1799,
2096 3130 2170 3198 in
2203 3131 2265 3199 8.

708 3242 935 3313 Questa
958 3242 1165 3299 lettera
1188 3242 1221 3299 e
1246 3241 1457 3299 diretta
1481 3260 1515 3299 a
1537 3243 1699 3316 Papa
1719 3243 1923 3299 Leone
1947 3243 2021 3299 X.

487 3436 694 3505 1265.
735 3438 835 3505 Le
870 3438 1306 3505 FRONDEUR
1337 3458 1432 3505 ou
1469 3436 1844 3526 dialogues
1885 3458 2002 3505 sur
2036 3436 2104 3505 le
2143 3436 2347 3505 salon
2382 3458 2509 3526 par
2543 3436 2851 3505 l’auteur
2886 3436 2981 3505 du
3018 3436 3563 3526 coup-de-patte
3600 3447 3669 3505 et
3704 3436 3799 3505 du
3834 3436 4252 3518 triumvirat,
4292 3436 4486 3505 Paris

716 3551 924 3633 1785,
957 3551 1031 3619 in
1064 3552 1127 3633 8,
1159 3553 1265 3620 M.
1303 3551 1415 3620 86.

708 3663 935 3734 Questa
958 3663 991 3720 e
1016 3681 1134 3720 una
1157 3662 1363 3720 critica
1389 3662 1756 3737 sanguinosa
1779 3663 1937 3720 delle
1962 3681 2144 3737 opere
2168 3663 2358 3720 d’arte
2383 3671 2624 3737 esposte
2648 3662 2710 3719 in
2735 3663 3086 3737 quell’anno
3113 3662 3232 3737 agli
3257 3662 3434 3720 occhi
3459 3663 3557 3720 del
3580 3662 3869 3737 pubblico
3894 3662 3956 3719 in
3979 3662 4192 3737 Parigi.

483 3858 690 3927 1266.
742 3859 1051 3927 GUERIN
1096 3860 1202 3927 M.
1255 3858 1649 3927 Sécrétaire
1694 3858 2063 3948 perpetuel
2110 3858 2200 3927 de
2246 3858 2440 3927 l’Ac.
2493 3858 2582 3927 de
2628 3860 2710 3927 B.
2769 3860 2862 3948 [p.
2914 3859 3085 3941 221]
3138 3859 3328 3940 Arts,
3378 3858 3841 3948 Description
3888 3858 3977 3927 de
4023 3858 4486 3927 l’Academie

707 3973 985 4063 Royale
1015 3973 1142 4042 des
1175 3984 1311 4042 arts
1343 3973 1432 4042 de
1460 3973 1785 4063 peinture
1815 3984 1884 4042 et
1912 3973 2001 4042 de
2033 3973 2414 4063 sculpture,
2447 3973 2641 4042 Paris
2681 3973 2890 4055 1715,
2924 3995 3013 4042 en
3051 3974 3159 4055 12,
3192 3973 3319 4063 fig.

706 4067 754 4141 É
787 4084 1083 4142 intitolato
1118 4093 1330 4159 questo
1365 4084 1518 4142 libro
1554 4085 1609 4142 al
1643 4085 1886 4142 d’Duca
1918 4084 2105 4142 Antin
2137 4084 2269 4142 Pari
2303 4084 2364 4142 di
2397 4084 2661 4152 Francia,
2697 4084 2995 4142 Direttore
3029 4085 3187 4142 delle
3221 4084 3549 4152 fabbriche,
3587 4084 3693 4142 arti
3727 4103 3760 4142 e
3794 4084 4173 4142 manifatture
4207 4084 4318 4142 che
4353 4084 4487 4142 fece

708 4199 1026 4255 assegnare
1063 4181 1162 4238 nel
1199 4182 1436 4238 Louvre
1473 4199 1554 4238 un
1592 4181 1814 4255 grande
1853 4189 2300 4255 appartamento
2337 4199 2444 4255 per
2480 4180 2894 4238 l’accademia.
2935 4182 3072 4238 Una
3106 4180 3347 4255 piccola
3385 4180 3681 4255 stampina
3718 4180 4030 4255 disegnata
4066 4181 4143 4238 da
4179 4181 4415 4255 Coypel
4453 4199 4486 4238 e

706 4275 1014 4350 intagliata
1038 4276 1115 4333 da
1138 4276 1385 4333 Audran
1407 4284 1685 4350 presenta
1708 4294 1788 4333 un
1815 4284 2091 4350 soggetto
2118 4275 2446 4350 allegorico
2472 4276 2630 4333 delle
2656 4275 2780 4343 arti,
2808 4276 2906 4333 col
2931 4275 3316 4350 medaglione
3341 4294 3374 4333 e
3398 4275 3622 4333 ritratto
3648 4276 3746 4333 del
3771 4284 4081 4333 mecenate
4106 4275 4301 4333 inciso
4327 4276 4488 4333 nella

705 4371 1057 4446 piccolezza
1079 4371 1368 4429 massima
1389 4371 1683 4446 possibile
1709 4390 1826 4429 con
1852 4390 2088 4429 somma
2111 4371 2406 4429 maestria.

483 4567 690 4636 1267.
728 4568 1090 4636 GUILLON
1115 4567 1350 4649 Abbé,
1386 4569 1487 4636 Le
1521 4567 1837 4636 Cénacle
1870 4567 1960 4636 de
1992 4567 2322 4636 Leonard
2354 4567 2444 4636 de
2477 4567 2694 4636 Vinci
2726 4567 2950 4636 rendu
2985 4589 3123 4636 aux
3158 4567 3339 4636 amis
3374 4567 3500 4636 des
3532 4567 3768 4636 beaux
3803 4578 3962 4649 arts,
3997 4567 4233 4636 Milan
4274 4568 4483 4649 1811,

708 4704 797 4751 en
830 4683 892 4751 8.

483 4893 690 4962 1268.
729 4895 1197 4962 ISTRUZIONE
1223 4893 1508 4962 intorno
1544 4893 1682 4962 alle
1716 4915 1932 4983 opere
1966 4893 2079 4962 de’
2120 4893 2361 4983 pittori
2395 4893 2756 4962 nazionali
2791 4893 2881 4962 ed
2914 4893 3146 4975 esteri,
3184 4904 3474 4983 esposta
3505 4893 3579 4961 in
3611 4893 3957 4983 pubblico
3991 4893 4183 4962 nella
4215 4893 4383 4962 città
4414 4893 4486 4962 di

706 5008 1013 5090 Milano,
1047 5030 1186 5077 con
1215 5008 1521 5098 qualche
1550 5008 1822 5077 notizia
1850 5008 1963 5077 de’
2004 5008 2296 5077 scultori
2327 5030 2366 5077 e
2397 5008 2767 5077 architetti.
2801 5010 3002 5077 Parte
3031 5008 3287 5090 Prima,
3319 5008 3604 5077 Milano
3643 5009 3851 5090 1777,
3884 5008 3958 5076 in
3991 5009 4053 5077 8.

706 5121 847 5177 Non
870 5138 945 5177 ne
971 5119 1036 5177 fu
1060 5119 1181 5177 mai
1204 5119 1553 5194 pubblicato
1579 5119 1690 5177 che
1716 5128 1926 5194 questa
1947 5119 2141 5194 prima
2166 5120 2296 5177 sola
2317 5128 2499 5194 parte.

483 5333 690 5403 1269.
735 5335 1149 5401 LAMBERTI
1188 5333 1422 5423 Luigi,
1467 5333 1940 5402 Descrizione
1981 5333 2097 5402 dei
2140 5333 2396 5423 dipinti
2439 5355 2479 5402 a
2515 5333 2713 5402 buon
2753 5333 2992 5402 fresco
3035 5333 3340 5423 eseguiti
3382 5333 3499 5402 dal
3539 5333 3797 5423 pittore
3836 5333 4129 5402 Andrea
4167 5333 4485 5423 Appiani

707 5448 899 5517 nella
929 5448 1079 5517 sala
1107 5448 1224 5517 del
1253 5450 1492 5517 Trono
1523 5448 1641 5517 del
1671 5450 1754 5517 R.
1788 5448 2095 5517 Palazzo
2126 5448 2197 5517 di
2226 5448 2533 5530 Milano,
2565 5448 2849 5517 Milano
2888 5449 3096 5530 1809,
3129 5448 3203 5516 in
3236 5449 3298 5517 8.
3333 5448 3631 5517 Italiano
3663 5470 3702 5517 e
3731 5448 4080 5530 francese,
4112 5450 4218 5517 M.
4256 5449 4368 5517 87.

483 5660 690 5728 1270.
739 5661 1153 5727 LAMBERTI
1196 5659 1430 5749 Luigi,
1478 5659 1951 5728 Descrizione
1996 5659 2112 5728 dei
2158 5659 2414 5749 dipinti
2461 5681 2501 5728 a
2541 5659 2739 5728 buon
2783 5659 3022 5728 fresco
3068 5659 3374 5749 eseguiti
3420 5659 3614 5728 dallo
3662 5670 3893 5728 stesso
3938 5659 4130 5728 nella
4175 5659 4325 5728 sala
4368 5659 4485 5728 dei

707 5774 1019 5864 Principi
1049 5774 1123 5842 in
1153 5774 1347 5843 detto
1377 5774 1705 5856 Palazzo,
1736 5774 2021 5843 Milano
2060 5775 2268 5856 1810,
2301 5774 2375 5842 in
2408 5775 2470 5843 8.
2503 5776 2807 5843 Estratta
2835 5774 2952 5843 dal
2982 5774 3326 5843 Giornale
3354 5774 3728 5856 Ufficiale,
3762 5774 3909 5843 Ital.
3943 5776 4074 5856 Fr.,
4106 5776 4212 5843 M.
4248 5775 4362 5843 37.

483 5986 690 6054 1271.
728 5987 1070 6054 MELLINI
1098 5985 1532 6067 Domenico,
1570 5985 1865 6054 Ricordi
1900 5985 2184 6054 intorno
2222 5985 2287 6054 ai
2323 5985 2635 6054 costumi
2672 5985 2910 6054 azioni
2946 6007 2985 6054 e
3021 6007 3341 6075 governo
3378 5985 3495 6054 del
3532 5985 4014 6054 Serenissimo
4050 5986 4245 6054 Gran
4279 5987 4488 6054 Duca

708 6100 1014 6169 Cosimo
1061 6100 1323 6182 Primo,
1376 6100 1596 6169 scritti
1644 6100 1716 6169 di
1763 6100 2286 6169 commissione
2333 6100 2524 6169 della
2570 6100 2918 6169 Sereniss.
2968 6100 3205 6169 Maria
3250 6100 3564 6169 Cristina
3609 6100 3681 6169 di
3729 6102 4028 6182 Lorena,
4080 6122 4204 6169 ora
4247 6122 4374 6190 per
4418 6100 4488 6169 la

706 6215 938 6305 prima
965 6215 1163 6284 volta
1189 6215 1585 6305 pubblicati
1616 6237 1756 6284 con
1785 6215 2281 6297 illustrazioni,
2313 6215 2609 6284 Firenze
2647 6216 2855 6297 1820,
2888 6215 2962 6283 in
2995 6216 3058 6297 8,
3090 6217 3196 6284 M.
3234 6216 3346 6284 80.

706 6327 754 6383 Il
780 6326 1094 6384 Canonico
1120 6326 1362 6384 Moreni
1386 6326 1675 6401 pubblicò
1703 6326 1897 6401 questi
1926 6326 2109 6384 scritti
2135 6345 2168 6384 e
2194 6345 2269 6384 ne
2294 6326 2531 6384 intitolò
2559 6327 2614 6384 al
2639 6326 3025 6401 Vermiglioli
3051 6326 3397 6384 l’edizione.
3429 6326 3492 6384 Si
3517 6327 3684 6401 parla
3707 6326 3769 6383 in
3794 6326 3989 6401 questi
4015 6326 4076 6384 di
4102 6326 4274 6384 molti
4301 6326 4486 6384 artisti

707 6422 768 6480 di
793 6423 1081 6497 quell’età
1104 6441 1137 6480 e
1162 6423 1320 6480 delle
1345 6423 1475 6480 loro
1501 6441 1683 6497 opere
1707 6423 1783 6480 ed
1808 6422 1937 6480 altri
1963 6422 2245 6480 aneddoti
2268 6422 2501 6480 relativi
2527 6423 2642 6480 alle
2668 6422 2791 6480 arti.

2171 6657 2347 6694 WWW.
2358 6637 2734 6710 memofonte.
2748 6639 2791 6694 il
