4958 7017
1981 864 2366 922 Fondazione
2390 838 2775 922 Memofonte
2800 865 2976 922 onlus

1390 960 1600 1018 Studio
1624 979 1731 1035 per
1754 960 2226 1018 l’elaborazione
2250 960 2632 1018 informatica
2655 961 2813 1018 delle
2838 960 2991 1018 fonti
3018 960 3571 1018 storico—artistiche

473 1344 655 1401 4477.
684 1345 977 1411 PAILLET,
1008 1344 1341 1418 Catalogue
1368 1344 1554 1401 d’une
1579 1343 1743 1401 riche
1770 1343 2096 1401 collection
2122 1344 2197 1401 de
2223 1344 2520 1411 tableaux,
2550 1344 2625 1401 de
2652 1343 2966 1401 differents
2994 1344 3216 1411 écoles,
3246 1343 3348 1418 qui
3375 1352 3734 1418 composent
3760 1344 3816 1401 le
3843 1343 4100 1401 Cabinet
4125 1344 4200 1401 de
4226 1345 4314 1401 M.
4350 1344 4485 1411 ***,

698 1439 861 1497 Paris
894 1440 1068 1507 1779,
1095 1439 1157 1496 in
1181 1440 1236 1498 9.

473 1632 655 1689 4478.
703 1633 921 1699 REMY,
969 1632 1301 1706 Catalogue
1346 1632 1532 1689 d’une
1575 1631 1739 1689 riche
1784 1631 2110 1689 collection
2154 1632 2229 1689 de
2274 1631 2547 1689 desseins
2593 1640 2651 1689 et
2694 1640 2995 1706 estampes
3041 1632 3147 1689 des
3192 1631 3336 1689 trois
3382 1632 3586 1689 écoles
3634 1632 3803 1702 (sous
3849 1650 4016 1689 verre
4061 1632 4117 1689 le
4160 1632 4384 1706 pastels
4430 1640 4488 1689 et

698 1726 1072 1797 miniatures)
1099 1727 1179 1784 du
1203 1726 1460 1784 Cabinet
1483 1727 1558 1784 de
1582 1728 1670 1784 M.
1698 1728 1892 1784 Vasas
1918 1727 1993 1784 de
2020 1726 2187 1784 Saint
2210 1727 2455 1794 Hubert,
2482 1726 2645 1784 Paris
2678 1727 2853 1794 1779,
2880 1726 2942 1783 in
2973 1727 3063 1784 12.

2243 1919 2716 1976 MDCCLXXX

473 2015 655 2073 4479.
685 2016 769 2072 Le
795 2016 1007 2082 BRUN,
1037 2015 1369 2089 Catalogue
1396 2015 1502 2072 des
1529 2015 1809 2072 tableaux
1835 2015 1941 2072 des
1969 2015 2172 2072 écoles
2201 2014 2507 2072 flamande
2534 2023 2592 2072 et
2617 2014 2931 2089 francaise,
2959 2015 3202 2089 pastels,
3232 2014 3524 2082 desseins,
3554 2023 3854 2089 estampes
3882 2023 3992 2072 etc.
4023 2015 4103 2072 du
4130 2014 4386 2072 Cabinet
4411 2015 4486 2072 de

698 2112 786 2168 M.
814 2111 1028 2178 Prault,
1055 2110 1218 2168 Paris
1251 2111 1425 2178 1780,
1451 2110 1513 2167 in
1540 2111 1592 2168 8.

473 2302 655 2359 4480.
693 2302 1107 2359 CATALOGUE
1140 2302 1325 2359 d’une
1357 2302 1518 2359 belle
1552 2301 1877 2359 collection
1910 2302 1985 2359 de
2018 2302 2298 2359 tableaux
2331 2301 2620 2376 oiginaux
2654 2302 2734 2359 du
2768 2301 3024 2359 Cabinet
3057 2302 3132 2359 de
3165 2303 3253 2359 M.
3296 2302 3429 2369 ***,
3466 2301 3648 2369 Paris,
3685 2301 3833 2359 chez
3868 2301 4133 2359 Charion
4166 2310 4224 2359 et
4255 2301 4483 2369 Paillet,

706 2398 881 2465 1780,
907 2397 969 2454 in
996 2398 1048 2455 8.

473 2590 655 2647 4481.
683 2590 1097 2647 CATALOGUE
1121 2590 1227 2647 des
1252 2590 1532 2647 tableaux
1556 2590 1631 2647 de
1656 2608 1800 2647 mon
1825 2589 2097 2657 Cabinet,
2126 2608 2242 2647 aux
2266 2589 2512 2657 délices,
2547 2590 2721 2657 1780,
2748 2589 2810 2646 in
2837 2590 2889 2647 8.

2229 2782 2730 2839 MDCCLXXXI

473 2877 655 2934 4482.
693 2878 943 2944 BASAN,
982 2877 1315 2951 Catalogue
1351 2877 1457 2934 des
1493 2877 1789 2944 tableaux,
1828 2876 2119 2944 desseins,
2158 2885 2458 2951 estampes
2496 2877 2602 2934 des
2636 2877 2771 2951 plus
2809 2877 3025 2951 grands
3062 2877 3321 2944 maîtres,
3357 2885 3690 2951 provenant
3724 2877 3804 2934 du
3839 2876 4096 2934 Cabinet
4129 2877 4204 2934 de
4239 2878 4309 2933 M
4350 2877 4484 2944 ***,

698 2972 861 3030 Paris
894 2973 1068 3040 1781,
1095 2972 1157 3029 in
1184 2973 1237 3040 8,
1265 2992 1380 3030 con
1398 2975 1617 3046 prezzi.

473 3165 655 3222 4483.
692 3166 927 3222 BASAN
960 3173 1018 3222 et
1050 3164 1328 3232 Joullain,
1367 3165 1700 3239 Catalogue
1735 3165 1810 3222 de
1845 3164 2196 3222 differentes
2232 3164 2547 3222 curiosités
2583 3165 2730 3222 dans
2766 3165 2854 3222 les
2892 3164 3181 3232 sciences,
3219 3173 3277 3222 et
3311 3173 3425 3222 arts
3461 3165 3542 3222 du
3576 3164 3833 3222 Cabinet
3866 3165 3941 3222 de
3975 3166 4063 3222 M.
4102 3165 4177 3222 de
4211 3165 4485 3232 Menard,

698 3260 861 3318 Paris
894 3261 1068 3328 1781,
1095 3260 1157 3317 in
1184 3261 1237 3328 8,
1265 3263 1598 3334 eoiprezzi.

473 3452 655 3509 4484.
689 3453 773 3509 Le
804 3453 1015 3519 BRUN,
1050 3452 1382 3526 Catalogue
1412 3451 1692 3509 raisonné
1724 3452 1830 3509 des
1863 3452 2145 3519 marbres,
2172 3452 2398 3526 jaspes,
2433 3460 2652 3526 agates,
2685 3451 3080 3526 porcelaines,
3115 3460 3225 3509 etc.
3261 3452 3341 3509 du
3372 3451 3628 3509 Cabinet
3658 3452 3733 3509 de
3764 3452 4051 3509 Madame
4083 3452 4141 3509 la
4170 3451 4486 3509 Duchesse

698 3547 990 3615 Mazarin,
1017 3547 1180 3605 Paris
1213 3548 1387 3615 1781,
1414 3547 1476 3604 in
1503 3548 1556 3615 8,
1583 3567 1732 3605 avec
1749 3550 1904 3621 prix.

473 3739 655 3797 4485.
683 3740 1097 3797 CATALOGUE
1121 3740 1227 3797 des
1252 3740 1549 3807 tableaux,
1577 3748 1635 3797 et
1658 3739 1930 3797 desseins
1954 3739 2240 3814 précieux
2264 3740 2344 3797 du
2368 3739 2625 3797 Cabinet
2648 3740 2723 3797 de
2747 3741 2835 3797 M.
2864 3740 2939 3797 de
2966 3739 3199 3807 Sireuil,
3226 3739 3389 3797 Paris
3422 3740 3596 3807 1781,
3623 3739 3685 3796 in
3712 3740 3764 3797 8.

473 3930 655 3988 4486.
682 3932 975 3998 PAILLET,
1003 3931 1337 4005 Catalogue
1362 3931 1468 3988 des
1493 3931 1772 3988 tableaux
1794 3930 2080 4005 précieux
2104 3931 2184 3988 du
2209 3930 2465 3988 Cabinet
2489 3931 2564 3988 de
2588 3932 2676 3988 M.
2705 3931 2761 3988 le
2785 3932 2919 3988 Duc
2945 3931 3020 3988 de
3045 3931 3103 3988 la
3125 3930 3385 3998 Valiere,
3412 3930 3574 3988 Paris
3607 3931 3782 3998 1781,
3809 3930 3871 3987 in
3898 3931 3950 3988 8.

473 4123 655 4180 4487.
691 4124 910 4190 REMY,
946 4123 1278 4197 Catalogue
1311 4123 1417 4180 des
1451 4123 1748 4190 tableaux,
1784 4123 1931 4180 dont
1962 4123 2018 4180 le
2050 4123 2186 4197 plus
2221 4123 2407 4197 grand
2439 4123 2690 4180 nombre
2723 4123 2829 4180 des
2862 4123 3016 4180 bons
3051 4123 3291 4180 maîtres
3326 4123 3432 4180 des
3465 4122 3610 4180 trois
3644 4123 3866 4190 écoles,
3903 4123 4073 4197 après
4107 4123 4163 4180 le
4197 4123 4377 4180 décés
4411 4123 4486 4180 de

698 4219 865 4276 Mad.
893 4220 1161 4286 Lancret,
1188 4218 1351 4276 Paris
1384 4219 1559 4286 1781,
1585 4218 1647 4275 in
1678 4219 1768 4276 12.

2215 4411 2744 4468 MDCCLXXXII

473 4506 655 4563 4488.
686 4507 770 4563 Le
797 4507 1009 4573 BRUN,
1040 4506 1372 4580 Catalogue
1398 4505 1678 4563 raisonné
1707 4506 1782 4563 de
1809 4506 2106 4573 tableaux,
2137 4506 2420 4573 marbres,
2449 4506 2724 4573 bronzes,
2755 4514 2865 4563 etc.
2897 4506 2977 4563 du
3005 4505 3261 4563 Cabinet
3288 4506 3363 4563 de
3390 4507 3478 4563 M.
3511 4506 3586 4563 de
3616 4505 3955 4580 Saint—Foy,
3986 4505 4149 4563 Paris
4185 4506 4360 4573 1782,
4391 4508 4489 4563 coi

691 4604 910 4675 prezzi.

473 4794 655 4852 4489.
690 4795 774 4851 Le
805 4795 1017 4861 BRUN,
1052 4794 1384 4868 Catalogue
1414 4793 1694 4851 raisonné
1726 4794 1911 4851 d’une
1943 4794 2059 4851 très
2090 4794 2250 4851 belle
2282 4793 2608 4851 collection
2644 4795 2722 4868 [p.
2760 4794 2902 4863 300]
2939 4794 3014 4851 de
3045 4794 3324 4851 tableaux
3353 4802 3686 4868 provenant
3716 4794 3797 4851 du
3828 4793 4085 4851 Cabinet
4115 4794 4190 4851 de
4221 4795 4309 4851 M.
4350 4794 4485 4861 ***,

698 4889 861 4947 Paris
894 4890 1068 4957 1782,
1095 4889 1157 4946 in
1184 4890 1237 4957 8,
1265 4892 1364 4947 coi
1379 4892 1598 4963 prezzi.
1626 4890 1797 4947 Avec
1823 4890 1881 4947 la
1904 4889 2038 4947 liste
2063 4890 2169 4947 des
2195 4890 2542 4964 catalogues
2568 4890 2643 4947 de
2668 4898 2844 4947 vente
2869 4889 3044 4947 faites
3068 4908 3175 4964 par
3198 4890 3254 4947 le
3278 4891 3458 4947 Brun.

473 5081 655 5139 4490.
682 5082 766 5138 Le
790 5082 1002 5148 BRUN,
1030 5081 1362 5155 Catalogue
1385 5080 1665 5138 raisonné
1690 5081 1796 5138 des
1821 5081 2118 5148 tableaux,
2144 5081 2419 5148 bronzes,
2447 5081 2730 5148 marbres,
2758 5089 2868 5138 etc.
2896 5080 3035 5138 tires
3061 5081 3136 5138 de
3161 5080 3475 5138 differents
3501 5080 3787 5148 cabinets,
3814 5080 3977 5138 Paris
4010 5081 4185 5148 1782,
4212 5080 4274 5137 in
4301 5081 4353 5138 8.

473 5273 655 5331 4491.
688 5274 772 5330 Le
802 5274 1013 5340 BRUN,
1047 5273 1379 5347 Catalogue
1410 5273 1595 5330 d’une
1624 5273 1784 5330 belle
1815 5272 2140 5330 collection
2170 5273 2245 5330 de
2275 5273 2554 5330 tableaux
2584 5273 2690 5330 des
2722 5273 2925 5330 écoles
2957 5272 3211 5340 d’Italie,
3244 5273 3496 5330 Flandre
3527 5281 3637 5330 etc.
3670 5281 4001 5347 provenant
4030 5273 4105 5330 de
4136 5272 4487 5330 differentes

699 5368 985 5436 cabinets,
1012 5368 1175 5426 Paris
1208 5369 1383 5436 1782,
1410 5368 1472 5425 in
1499 5369 1551 5426 8.

473 5560 655 5618 4492.
683 5560 1097 5617 CATALOGUE
1121 5560 1307 5617 d’une
1332 5559 1658 5617 collection
1680 5559 1992 5634 précieuse
2017 5560 2092 5617 de
2117 5559 2409 5627 desseins,
2437 5568 2495 5617 et
2519 5560 2809 5634 quelques
2834 5560 3131 5627 tableaux,
3159 5560 3215 5617 le
3240 5568 3368 5617 tout
3389 5568 3722 5634 provenant
3745 5560 3825 5617 du
3850 5559 4107 5617 Cabinet
4130 5560 4205 5617 de
4229 5561 4317 5617 M.
4351 5560 4484 5627 ***,

698 5655 861 5713 Paris
894 5656 1068 5723 1782,
1095 5655 1157 5712 in
1184 5656 1236 5713 8.

473 5848 655 5906 4493.
683 5848 1157 5905 CATALOGOde1
1183 5847 1507 5905 Gabinetto
1532 5847 1851 5915 Firmiano,
1878 5847 2115 5905 Milano
2148 5848 2323 5915 1782,
2350 5847 2412 5904 in
2435 5848 2491 5915 4,
2519 5847 2584 5905 fu
2610 5856 2904 5922 stampato
2929 5847 2991 5904 in
3015 5847 3340 5905 occasione
3365 5848 3526 5905 della
3549 5847 3806 5905 vendita.

473 6040 655 6098 4494.
682 6041 969 6107 JULLIOT,
997 6048 1055 6097 et
1077 6039 1305 6107 Paillet,
1334 6040 1667 6114 Catalogue
1692 6040 1798 6097 des
1825 6058 2019 6107 vases,
2047 6040 2357 6107 colonnes,
2385 6040 2594 6107 tables,
2622 6040 2885 6097 marbres
2911 6040 2992 6097 du
3016 6039 3273 6097 Cabinet
3296 6040 3376 6097 du
3400 6041 3535 6097 Duc
3561 6040 3917 6107 d’Aurnont,
3944 6039 4107 6097 Paris
4140 6040 4315 6107 1782,
4342 6039 4404 6096 in
4431 6040 4484 6107 8,

700 6153 846 6192 avec
874 6135 951 6192 32
975 6134 1281 6209 planches,
1308 6154 1458 6192 avec
1475 6137 1630 6208 prix.

2201 6327 2758 6384 MDCCLXXXIII

473 6422 655 6481 4495.
690 6424 774 6480 Le
806 6424 1018 6490 BRUN,
1054 6423 1386 6497 Catalogue
1419 6423 1604 6480 d’une
1635 6423 1795 6480 belle
1828 6422 2153 6480 collection
2185 6423 2260 6480 de
2292 6423 2571 6480 tableaux
2603 6423 2709 6480 des
2743 6423 2946 6480 écoles
2980 6422 3234 6490 d’Italie,
3269 6423 3539 6490 Flandre,
3575 6423 3894 6490 Hollande,
3930 6423 4010 6480 du
4041 6424 4129 6480 M.
4165 6424 4253 6480 M.
4294 6423 4406 6457 ***
4440 6424 4482 6480 I.

2171 6657 2347 6694 WWW.
2358 6637 2734 6710 memofonte.
2748 6639 2766 6694 i
2770 6648 2791 6694 t
