4958 7017
1981 864 2366 922 Fondazione
2390 838 2775 922 Memofonte
2800 865 2976 922 onlus

1390 960 1600 1018 Studio
1624 979 1731 1035 per
1754 960 2226 1018 l’elaborazione
2250 960 2632 1018 informatica
2655 961 2813 1018 delle
2838 960 2991 1018 fonti
3018 960 3571 1018 storico—artistiche

711 1247 1031 1305 Marchese
1057 1247 1367 1305 Gherardo
1392 1249 1684 1322 Rangone
1708 1248 2054 1305 modenese.

483 1443 690 1512 1785.
724 1445 998 1512 ROTHE
1021 1443 1387 1533 Tychone,
1421 1445 1534 1512 De
1564 1443 1824 1533 gladiis
1855 1454 2179 1512 veterum
2207 1443 2563 1533 imprimis
2594 1445 2988 1525 Danorum,
3024 1443 3498 1525 schediasma,
3532 1443 3860 1512 Hauniae
3898 1443 4106 1525 1752,
4139 1443 4213 1511 in
4246 1444 4308 1512 8.

483 1673 690 1742 1786.
727 1675 1192 1742 ROULLIARD
1222 1673 1621 1755 Sebastian,
1657 1675 1794 1742 Les
1829 1673 2355 1763 Gymnopodes
2390 1695 2485 1742 ou
2519 1673 2608 1742 de
2640 1673 2710 1742 la
2740 1673 2986 1742 nudité
3019 1673 3145 1742 des
3178 1673 3384 1763 pieds
3419 1673 3746 1763 disputée
3779 1673 3868 1742 de
3899 1684 4053 1763 part
4084 1684 4153 1742 et
4184 1673 4483 1755 d’autre,

712 1788 906 1857 Paris
946 1788 1154 1870 1624,
1187 1788 1261 1856 in
1289 1789 1356 1857 4.

711 1899 963 1957 Trattasi
1001 1900 1161 1957 della
1196 1899 1402 1957 nudità
1438 1899 1536 1957 dei
1571 1899 1735 1974 piedi
1773 1899 1871 1957 dei
1908 1899 2277 1957 Zoccolanti.
2320 1900 2549 1971 Questo
2588 1900 2621 1957 e
2658 1918 2739 1957 un
2776 1899 2929 1957 libro
2970 1899 3268 1974 singolare
3304 1918 3411 1974 per
3447 1900 3503 1957 le
3539 1899 3803 1957 ricerche
3843 1900 3994 1957 sulle
4032 1899 4194 1974 quali
4232 1900 4487 1957 l’autore

714 1995 993 2070 s’aggira.
1025 1996 1202 2053 Bello
1232 1996 1565 2070 esemplare
1593 1995 1656 2052 in
1684 2004 1845 2053 carta
1872 1996 2094 2070 grande
2123 1996 2221 2053 col
2248 1995 2470 2053 ritratta
2498 1996 2873 2053 dell’autore.
2905 1996 3167 2070 L’opera
3194 1996 3227 2053 è
3256 1995 3453 2053 divisa
3479 1995 3542 2052 in
3570 1996 3687 2053 due
3715 1995 3886 2070 parti;
3918 1995 4366 2063 l’affermativa,
4401 1995 4489 2053 sia

711 2091 1006 2166 negativa.
1041 2093 1151 2149 Ma
1180 2091 1223 2148 il
1255 2091 1551 2166 discapito
1584 2091 1645 2149 di
1677 2100 1888 2166 questo
1921 2110 2134 2166 grosso
2167 2092 2412 2149 volume
2444 2092 2477 2149 e
2509 2092 2778 2149 d’essere
2808 2091 2981 2166 privo
3014 2091 3075 2149 di
3107 2092 3318 2149 alcune
3352 2091 3772 2159 suddivisioni,
3806 2091 4144 2149 necessarie
4176 2110 4213 2149 o
4247 2092 4486 2149 almeno

712 2187 971 2244 comode
996 2205 1029 2244 e
1053 2205 1175 2244 non
1199 2186 1427 2244 esservi
1453 2187 1667 2244 alcuna
1689 2187 1892 2244 tavola
1915 2187 2073 2244 delle
2098 2186 2360 2244 materie.

487 2383 694 2451 1787.
758 2384 1040 2451 ROUTH
1093 2384 1165 2451 P.
1229 2382 1568 2464 Bernard,
1631 2382 2035 2451 Recerches
2099 2404 2216 2451 sur
2273 2382 2343 2451 la
2400 2382 2718 2451 maniere
2778 2382 3192 2451 d’innumer
3250 2382 3376 2451 des
3439 2382 3731 2451 anciens
3794 2383 3834 2451 à
3891 2382 4298 2451 l’occasion
4358 2382 4484 2451 des

711 2497 1102 2566 tombeaux
1133 2497 1259 2566 des
1291 2497 1575 2566 Civaux
1606 2519 1695 2566 eu
1723 2497 2002 2579 Poitou,
2035 2497 2334 2566 Poitiers
2374 2498 2582 2579 1738,
2615 2497 2689 2565 in
2727 2498 2834 2566 12.

711 2610 795 2666 Le
828 2617 968 2666 note
1002 2608 1248 2666 critiche
1282 2608 1666 2666 manoscritte
1701 2608 1762 2666 di
1795 2610 1883 2666 M.
1920 2608 2227 2666 Villoison
2260 2608 2357 2666 cui
2392 2617 2754 2683 appartenne
2788 2617 3000 2683 questo
3035 2609 3368 2683 esemplare
3401 2608 3684 2666 indicano
3719 2609 3975 2666 l’autore
4009 2608 4070 2666 di
4104 2609 4490 2683 quest’opera

713 2713 1039 2762 accennato
1065 2705 1223 2762 colle
1250 2705 1378 2762 sole
1402 2704 1630 2762 iniziali
1654 2704 1717 2761 in
1742 2704 1938 2762 forma
1962 2704 2246 2762 anonima
2271 2705 2362 2762 sul
2387 2704 2799 2779 frontespizio.

477 2902 570 2990 [p.
606 2901 776 2983 307]

487 3131 694 3199 1788.
736 3132 1068 3199 RUBENII
1102 3130 1382 3199 Alberti
1420 3130 1604 3199 Petri
1642 3130 1843 3199 Pauli
1881 3130 2043 3212 filii,
2084 3132 2196 3199 De
2232 3152 2306 3199 re
2343 3130 2683 3199 vestiario
2721 3141 3065 3212 veterum,
3105 3130 3490 3220 praecipue
3529 3130 3618 3199 de
3655 3130 3800 3199 lato
3839 3130 4071 3199 clavo:
4115 3130 4277 3199 libri
4316 3130 4482 3212 duo,

711 3245 1151 3335 Antuerpiae
1189 3245 1397 3327 1665,
1430 3245 1732 3327 Plantin,
1765 3245 1839 3313 in
1867 3246 1935 3327 4,
1968 3245 2094 3335 fig.

710 3402 809 3407 —
843 3359 1243 3428 Accedunt:
1286 3361 1399 3428 De
1436 3360 1750 3428 Gemma
1784 3359 2186 3441 Tiberiana;
2227 3359 2317 3428 de
2354 3360 2667 3428 Gemma
2701 3360 3096 3449 Augustea:
3139 3361 3251 3428 De
3286 3359 3581 3428 urbibus
3618 3359 3997 3441 Neocoris,
4038 3359 4127 3428 de
4162 3361 4486 3428 Nummo

711 3474 1045 3564 Augusti,
1079 3474 1168 3543 de
1196 3474 1437 3543 Natali
1468 3474 1585 3543 die
1615 3474 1947 3543 Caesaris
1977 3474 2312 3564 Augusti,
2346 3476 2444 3543 lo.
2478 3476 2655 3564 Bap.
2690 3474 2913 3543 Donii
2944 3474 3033 3543 de
3061 3485 3357 3564 utraque
3385 3474 3714 3564 paenula.

711 3586 886 3643 Bella
909 3604 942 3643 e
966 3585 1154 3643 nitida
1177 3585 1455 3643 edizione
1480 3604 1597 3643 con
1620 3586 1821 3643 tavole
1845 3585 2151 3660 intagliate
2175 3585 2237 3642 in
2259 3604 2442 3653 rame,
2470 3585 2560 3643 fra
2583 3586 2639 3643 le
2664 3585 2826 3660 quali
2850 3585 2913 3642 in
2937 3586 3160 3660 grande
3187 3585 3236 3643 si
3261 3586 3414 3643 vede
3439 3585 3764 3660 l’apoteosi
3789 3586 4154 3660 d’Augusto.

491 3782 698 3851 1789.
745 3782 1147 3850 SAGITARII
1182 3781 1543 3871 Casparis,
1587 3783 1699 3850 De
1730 3781 1972 3871 januis
2014 3792 2339 3850 veterum
2378 3781 2560 3850 liber
2601 3781 3004 3871 singularis,
3047 3781 3554 3871 Althemburgi
3604 3781 3812 3863 1662,
3856 3781 3930 3849 in
3979 3782 4086 3850 12.
4133 3782 4374 3871 Opera
4413 3781 4485 3850 di

712 3896 1127 3965 vastissima
1155 3896 1592 3965 erudizione.

705 4054 804 4059 —
887 4011 1196 4080 Accedit
1281 4011 1640 4080 Samuelis
1727 4011 2017 4080 Fuchsii
2104 4011 2410 4080 Coslino
2496 4011 2874 4080 Pomerani
2959 4011 3524 4101 Metoposcopia
3609 4022 3678 4080 et
3762 4011 4483 4101 Ophthalmoscopia,

711 4126 1151 4216 Argentinae
1189 4126 1397 4208 1615,
1430 4126 1504 4194 in
1542 4127 1650 4208 12,
1683 4126 1810 4216 fig.

479 4338 686 4407 1790.
724 4338 1099 4406 SALNOVE
1127 4337 1278 4422 (de)
1312 4337 1602 4419 Robert,
1637 4339 1740 4406 La
1769 4337 2060 4406 vénerie
2091 4337 2370 4427 Royale
2402 4337 2681 4406 divisée
2713 4359 2802 4406 en
2833 4348 3079 4427 quatre
3109 4337 3371 4427 parties
3404 4337 3528 4427 qui
3561 4337 4024 4406 contiennent
4053 4337 4158 4406 les
4192 4337 4486 4406 chasses

713 4452 808 4521 du
869 4452 1040 4534 cerf,
1105 4452 1200 4521 du
1260 4452 1505 4534 lievre,
1570 4452 1665 4521 du
1727 4452 2114 4534 chevreuil,
2179 4452 2274 4521 du
2338 4452 2668 4542 sanglier,
2734 4452 2829 4521 du
2889 4452 3062 4542 loup
3124 4463 3193 4521 et
3252 4452 3347 4521 du
3406 4452 3679 4534 renard,
3745 4452 3939 4521 Paris
4010 4452 4218 4534 1665,
4282 4452 4356 4520 in
4415 4453 4483 4534 4,

712 4567 1185 4657 frontespizio
1215 4567 1546 4657 figurato.

479 4779 686 4848 1791.
726 4779 1172 4847 SAVORELLI
1199 4778 1633 4860 Domenico,
1670 4778 2210 4847 Dissertazione
2243 4778 2528 4847 intorno
2564 4778 2702 4847 alle
2736 4778 3069 4860 fiaccole,
3107 4778 3241 4847 che
3274 4778 4031 4868 nell’accompagnare
4064 4778 4134 4847 la
4169 4800 4386 4868 sposa
4420 4778 4486 4847 al

711 4893 979 4962 talamo
1011 4893 1536 4962 accendevansi
1567 4893 1763 4983 dagli
1795 4893 2060 4962 antichi
2090 4893 2424 4975 Romani,
2456 4893 2646 4962 Forlì
2685 4894 2893 4975 1779,
2926 4893 3000 4961 in
3028 4894 3096 4975 4,
3128 4895 3234 4962 M.
3269 4894 3334 4963 9.

711 5006 797 5062 La
827 5004 1221 5062 dedicazione
1253 5004 1314 5062 di
1346 5013 1556 5079 questa
1586 5005 1750 5062 dotta
1780 5004 2210 5062 dissertazione
2242 5013 2438 5062 estesa
2467 5004 2529 5061 in
2561 5004 2734 5079 guisa
2765 5004 2826 5062 di
2858 5004 3126 5072 cicalata,
3162 5004 3492 5062 affettando
3525 5004 3668 5079 ogni
3700 5005 3885 5062 modo
3917 5004 3960 5061 il
3990 5004 4095 5079 più
4126 5004 4394 5062 disusato
4427 5004 4488 5062 di

712 5100 838 5158 dire
863 5119 896 5158 e
921 5100 1064 5175 ogni
1087 5100 1192 5175 più
1218 5109 1415 5158 strano
1442 5100 1811 5175 arzigogolo.

475 5296 682 5365 1792.
720 5296 1170 5364 SCHEFFERII
1194 5297 1529 5377 Joannes,
1564 5297 1676 5364 De
1707 5295 1967 5364 militia
1996 5295 2235 5364 navali
2267 5306 2592 5364 veterum
2622 5295 2784 5364 libri
2816 5306 3138 5385 quatuor,
3172 5295 3519 5385 Upsaliae
3559 5295 3767 5377 1654,
3802 5295 3876 5363 in
3906 5296 3973 5364 4.
4009 5295 4161 5385 fig.,
4198 5295 4490 5364 excudit

711 5412 818 5479 Jo.
850 5410 1257 5479 Jansonius.

711 5523 795 5579 Le
820 5522 1021 5579 tavole
1049 5540 1200 5579 sono
1228 5522 1280 5579 a’
1314 5521 1523 5596 luoghi
1547 5521 1813 5579 richiesti
1839 5522 1937 5579 dal
1962 5530 2135 5589 testo,
2163 5530 2325 5579 tanto
2351 5521 2543 5579 incise
2568 5521 2631 5578 in
2654 5540 2837 5589 rame,
2866 5521 2978 5579 che
3003 5521 3066 5578 in
3091 5522 3271 5596 legno
3298 5522 3547 5596 qualora
3573 5521 3622 5579 si
3647 5521 4088 5596 interpongono
4116 5521 4171 5579 ai
4197 5521 4483 5579 caratteri.

713 5618 914 5692 Opera
937 5617 998 5675 di
1023 5626 1191 5675 vasta
1214 5617 1578 5675 erudizione.

487 5833 694 5902 1793.
738 5833 1188 5901 SCHEFFERII
1218 5834 1554 5914 Joannes,
1595 5834 1707 5901 De
1746 5832 2202 5922 antiquorum
2237 5832 2634 5922 torquibus,
2676 5854 2844 5901 cum
2880 5832 3069 5901 notis
3107 5834 3214 5901 Jo.
3255 5832 3567 5914 Nicolai,
3608 5832 4008 5922 Hamburgi
4055 5833 4263 5914 1707,
4304 5832 4378 5900 in
4419 5833 4482 5914 8,

711 5949 817 6016 M.
851 5948 967 6016 72.

483 6159 690 6228 1794.
740 6159 1102 6227 SCHULZE
1138 6158 1423 6240 Enrico,
1472 6158 2036 6227 Observationes
2084 6158 2173 6227 ad
2215 6180 2368 6227 rem
2412 6158 2824 6227 athleticam
2865 6158 3322 6248 pertinentes,
3369 6158 3598 6227 Halae
3640 6158 3985 6248 Magdeb.
4042 6159 4250 6240 1737,
4297 6158 4371 6226 in
4413 6159 4481 6240 4,

711 6295 905 6363 parv.

622 6431 721 6436 —
748 6388 1057 6457 Accedit
1085 6388 1174 6457 de
1205 6388 1683 6478 Spheristerio
1714 6410 1803 6457 ex
1833 6388 2187 6478 Hygiene,
2220 6388 2671 6470 Dissertatio,
2704 6388 3016 6478 Lypsiae
3054 6389 3261 6457 1740.

2171 6657 2347 6694 WWW.
2358 6637 2734 6710 memofonte.
2748 6639 2791 6694 il
