<?xml version="1.0" encoding="UTF-8"?>
<!DOCTYPE html PUBLIC "-//W3C//DTD XHTML 1.0 Transitional//EN"
    "http://www.w3.org/TR/xhtml1/DTD/xhtml1-transitional.dtd">
<html xmlns="http://www.w3.org/1999/xhtml" xml:lang="en" lang="en">
 <head>
  <title>
</title>
<meta http-equiv="Content-Type" content="text/html;charset=utf-8" />
  <meta name='ocr-system' content='tesseract 3.04.00' />
  <meta name='ocr-capabilities' content='ocr_page ocr_carea ocr_par ocr_line ocrx_word'/>
</head>
<body>
  <div class='ocr_page' id='page_1' title='image "tess/page211.tif"; bbox 0 0 4958 7017; ppageno 0'>
   <div class='ocr_carea' id='block_1_1' title="bbox 2188 398 2776 748">
    <p class='ocr_par' dir='ltr' id='par_1_1' title="bbox 2188 398 2776 748">
     <span class='ocr_line' id='line_1_1' title="bbox 2188 398 2776 748; baseline 0 6269"><span class='ocrx_word' id='word_1_1' title='bbox 2188 398 2776 748; x_wconf 95' lang='ita' dir='ltr'> </span> 
     </span>
    </p>
   </div>
   <div class='ocr_carea' id='block_1_2' title="bbox 1390 838 3571 1035">
    <p class='ocr_par' dir='ltr' id='par_1_2' title="bbox 1390 838 3571 1035">
     <span class='ocr_line' id='line_1_2' title="bbox 1981 838 2976 922; baseline 0.001 -1"><span class='ocrx_word' id='word_1_2' title='bbox 1981 864 2366 922; x_wconf 80' lang='ita' dir='ltr'>Fondazione</span> <span class='ocrx_word' id='word_1_3' title='bbox 2390 838 2775 922; x_wconf 93' lang='ita' dir='ltr'>Memofonte</span> <span class='ocrx_word' id='word_1_4' title='bbox 2800 865 2976 922; x_wconf 86' lang='ita' dir='ltr'>onlus</span> 
     </span>
     <span class='ocr_line' id='line_1_3' title="bbox 1390 960 3571 1035; baseline 0 -17"><span class='ocrx_word' id='word_1_5' title='bbox 1390 960 1600 1018; x_wconf 93' lang='ita' dir='ltr'>Studio</span> <span class='ocrx_word' id='word_1_6' title='bbox 1624 979 1731 1035; x_wconf 98' lang='ita' dir='ltr'>per</span> <span class='ocrx_word' id='word_1_7' title='bbox 1754 960 2226 1018; x_wconf 90' lang='ita' dir='ltr'>l’elaborazione</span> <span class='ocrx_word' id='word_1_8' title='bbox 2250 960 2632 1018; x_wconf 93' lang='ita' dir='ltr'>informatica</span> <span class='ocrx_word' id='word_1_9' title='bbox 2655 961 2813 1018; x_wconf 98' lang='ita' dir='ltr'>delle</span> <span class='ocrx_word' id='word_1_10' title='bbox 2838 960 2991 1018; x_wconf 99' lang='ita' dir='ltr'>fonti</span> <span class='ocrx_word' id='word_1_11' title='bbox 3018 960 3571 1018; x_wconf 97' lang='ita' dir='ltr'>storico—artistiche</span> 
     </span>
    </p>
   </div>
   <div class='ocr_carea' id='block_1_3' title="bbox 473 1119 4264 1123">
    <p class='ocr_par' dir='ltr' id='par_1_3' title="bbox 473 1119 4264 1123">
     <span class='ocr_line' id='line_1_4' title="bbox 473 1119 4264 1123; baseline 0 0"><span class='ocrx_word' id='word_1_12' title='bbox 473 1119 4264 1123; x_wconf 95' lang='ita' dir='ltr'> </span> 
     </span>
    </p>
   </div>
   <div class='ocr_carea' id='block_1_4' title="bbox 711 1251 4488 1533">
    <p class='ocr_par' dir='ltr' id='par_1_4' title="bbox 711 1251 4488 1533">
     <span class='ocr_line' id='line_1_5' title="bbox 713 1251 4051 1341; baseline -0 -21"><span class='ocrx_word' id='word_1_13' title='bbox 713 1251 1090 1320; x_wconf 83' lang='ita' dir='ltr'>Girolamo</span> <span class='ocrx_word' id='word_1_14' title='bbox 1120 1253 1359 1333; x_wconf 92' lang='ita' dir='ltr'>Porro,</span> <span class='ocrx_word' id='word_1_15' title='bbox 1392 1251 1718 1320; x_wconf 86' lang='ita' dir='ltr'>Venezia</span> <span class='ocrx_word' id='word_1_16' title='bbox 1754 1251 1962 1333; x_wconf 98' lang='ita'>1574,</span> <span class='ocrx_word' id='word_1_17' title='bbox 1994 1273 2245 1341; x_wconf 91' lang='ita' dir='ltr'>presso</span> <span class='ocrx_word' id='word_1_18' title='bbox 2277 1251 2577 1320; x_wconf 88' lang='ita' dir='ltr'>Simone</span> <span class='ocrx_word' id='word_1_19' title='bbox 2607 1251 3017 1341; x_wconf 90' lang='ita' dir='ltr'>Galignani,</span> <span class='ocrx_word' id='word_1_20' title='bbox 3050 1251 3124 1319; x_wconf 90' lang='ita' dir='ltr'>in</span> <span class='ocrx_word' id='word_1_21' title='bbox 3152 1252 3220 1333; x_wconf 89' lang='ita'>4,</span> <span class='ocrx_word' id='word_1_22' title='bbox 3253 1251 3380 1341; x_wconf 90' lang='ita' dir='ltr'>fig.</span> <span class='ocrx_word' id='word_1_23' title='bbox 3414 1251 3651 1320; x_wconf 90' lang='ita' dir='ltr'>Prima</span> <span class='ocrx_word' id='word_1_24' title='bbox 3677 1251 4051 1320; x_wconf 90' lang='ita' dir='ltr'>Edizione.</span> 
     </span>
     <span class='ocr_line' id='line_1_6' title="bbox 711 1362 4488 1437; baseline 0 -17"><span class='ocrx_word' id='word_1_25' title='bbox 711 1364 953 1420; x_wconf 88' lang='ita' dir='ltr'>Nessun</span> <span class='ocrx_word' id='word_1_26' title='bbox 997 1362 1210 1420; x_wconf 93' lang='ita' dir='ltr'>merito</span> <span class='ocrx_word' id='word_1_27' title='bbox 1257 1363 1491 1420; x_wconf 86' lang='ita' dir='ltr'>avendo</span> <span class='ocrx_word' id='word_1_28' title='bbox 1537 1363 1595 1420; x_wconf 98' lang='ita' dir='ltr'>la</span> <span class='ocrx_word' id='word_1_29' title='bbox 1640 1363 1905 1420; x_wconf 97' lang='ita' dir='ltr'>seconda</span> <span class='ocrx_word' id='word_1_30' title='bbox 1948 1362 2093 1420; x_wconf 97' lang='ita' dir='ltr'>fatta</span> <span class='ocrx_word' id='word_1_31' title='bbox 2135 1363 2233 1420; x_wconf 99' lang='ita' dir='ltr'>nel</span> <span class='ocrx_word' id='word_1_32' title='bbox 2285 1362 2460 1421; x_wconf 89' lang='ita'>1591:</span> <span class='ocrx_word' id='word_1_33' title='bbox 2508 1362 2728 1437; x_wconf 88' lang='ita' dir='ltr'>poiché</span> <span class='ocrx_word' id='word_1_34' title='bbox 2772 1363 2828 1420; x_wconf 99' lang='ita' dir='ltr'>le</span> <span class='ocrx_word' id='word_1_35' title='bbox 2872 1363 3072 1420; x_wconf 98' lang='ita' dir='ltr'>tavole</span> <span class='ocrx_word' id='word_1_36' title='bbox 3117 1381 3297 1420; x_wconf 97' lang='ita' dir='ltr'>erano</span> <span class='ocrx_word' id='word_1_37' title='bbox 3343 1362 3404 1420; x_wconf 99' lang='ita' dir='ltr'>di</span> <span class='ocrx_word' id='word_1_38' title='bbox 3449 1362 3548 1437; x_wconf 82' lang='ita' dir='ltr'>già</span> <span class='ocrx_word' id='word_1_39' title='bbox 3590 1363 3780 1420; x_wconf 93' lang='ita' dir='ltr'>molto</span> <span class='ocrx_word' id='word_1_40' title='bbox 3826 1363 4112 1437; x_wconf 96' lang='ita' dir='ltr'>logorate.</span> <span class='ocrx_word' id='word_1_41' title='bbox 4160 1364 4244 1420; x_wconf 97' lang='ita' dir='ltr'>Le</span> <span class='ocrx_word' id='word_1_42' title='bbox 4288 1363 4488 1420; x_wconf 98' lang='ita' dir='ltr'>tavole</span> 
     </span>
     <span class='ocr_line' id='line_1_7' title="bbox 712 1458 2103 1533; baseline 0 -17"><span class='ocrx_word' id='word_1_43' title='bbox 712 1477 1030 1533; x_wconf 93' lang='ita' dir='ltr'>compreso</span> <span class='ocrx_word' id='word_1_44' title='bbox 1055 1458 1098 1515; x_wconf 99' lang='ita' dir='ltr'>il</span> <span class='ocrx_word' id='word_1_45' title='bbox 1124 1458 1516 1533; x_wconf 80' lang='ita' dir='ltr'>frontespizio</span> <span class='ocrx_word' id='word_1_46' title='bbox 1543 1458 1802 1533; x_wconf 96' lang='ita' dir='ltr'>figurato</span> <span class='ocrx_word' id='word_1_47' title='bbox 1830 1477 1980 1516; x_wconf 98' lang='ita' dir='ltr'>sono</span> <span class='ocrx_word' id='word_1_48' title='bbox 2006 1459 2103 1516; x_wconf 88' lang='ita'>24.</span> 
     </span>
    </p>
   </div>
   <div class='ocr_carea' id='block_1_5' title="bbox 479 1673 4490 2432">
    <p class='ocr_par' dir='ltr' id='par_1_5' title="bbox 479 1673 4490 2432">
     <span class='ocr_line' id='line_1_8' title="bbox 479 1673 3683 1763; baseline 0 -21"><span class='ocrx_word' id='word_1_49' title='bbox 479 1673 686 1742; x_wconf 98' lang='ita'>1767.</span> <span class='ocrx_word' id='word_1_50' title='bbox 720 1675 1099 1755; x_wconf 92' lang='ita' dir='ltr'>POULLET,</span> <span class='ocrx_word' id='word_1_51' title='bbox 1133 1673 1412 1742; x_wconf 85' lang='ita' dir='ltr'>Traicté</span> <span class='ocrx_word' id='word_1_52' title='bbox 1442 1673 1569 1742; x_wconf 93' lang='ita' dir='ltr'>des</span> <span class='ocrx_word' id='word_1_53' title='bbox 1599 1673 1883 1742; x_wconf 89' lang='ita' dir='ltr'>tombes</span> <span class='ocrx_word' id='word_1_54' title='bbox 1915 1684 1984 1742; x_wconf 92' lang='ita' dir='ltr'>et</span> <span class='ocrx_word' id='word_1_55' title='bbox 2014 1673 2410 1763; x_wconf 92' lang='ita' dir='ltr'>sepultures</span> <span class='ocrx_word' id='word_1_56' title='bbox 2442 1673 2569 1742; x_wconf 93' lang='ita' dir='ltr'>des</span> <span class='ocrx_word' id='word_1_57' title='bbox 2601 1673 2955 1755; x_wconf 92' lang='ita' dir='ltr'>defuncts,</span> <span class='ocrx_word' id='word_1_58' title='bbox 2988 1673 3182 1742; x_wconf 90' lang='ita' dir='ltr'>Paris</span> <span class='ocrx_word' id='word_1_59' title='bbox 3222 1673 3430 1755; x_wconf 98' lang='ita'>1612,</span> <span class='ocrx_word' id='word_1_60' title='bbox 3463 1673 3538 1741; x_wconf 91' lang='ita' dir='ltr'>in</span> <span class='ocrx_word' id='word_1_61' title='bbox 3576 1674 3683 1742; x_wconf 88' lang='ita'>12.</span> 
     </span>
     <span class='ocr_line' id='line_1_9' title="bbox 710 1788 4490 1878; baseline 0 -22"><span class='ocrx_word' id='word_1_62' title='bbox 710 1831 809 1836; x_wconf 98' lang='ita'><strong>—</strong></span> <span class='ocrx_word' id='word_1_63' title='bbox 840 1788 1141 1857; x_wconf 90' lang='ita' dir='ltr'>Brisson</span> <span class='ocrx_word' id='word_1_64' title='bbox 1172 1790 1278 1857; x_wconf 93' lang='ita' dir='ltr'>M.</span> <span class='ocrx_word' id='word_1_65' title='bbox 1315 1788 1384 1857; x_wconf 98' lang='ita' dir='ltr'>le</span> <span class='ocrx_word' id='word_1_66' title='bbox 1416 1788 1708 1870; x_wconf 91' lang='ita' dir='ltr'>Presid.,</span> <span class='ocrx_word' id='word_1_67' title='bbox 1745 1788 1950 1857; x_wconf 91' lang='ita' dir='ltr'>Trois</span> <span class='ocrx_word' id='word_1_68' title='bbox 1985 1788 2311 1857; x_wconf 86' lang='ita' dir='ltr'>discours</span> <span class='ocrx_word' id='word_1_69' title='bbox 2347 1788 2635 1857; x_wconf 76' lang='ita' dir='ltr'>extraits</span> <span class='ocrx_word' id='word_1_70' title='bbox 2670 1788 2759 1857; x_wconf 97' lang='ita' dir='ltr'>de</span> <span class='ocrx_word' id='word_1_71' title='bbox 2794 1810 2907 1857; x_wconf 93' lang='ita' dir='ltr'>ses</span> <span class='ocrx_word' id='word_1_72' title='bbox 2941 1788 3353 1857; x_wconf 85' lang='ita' dir='ltr'>mémoires:</span> <span class='ocrx_word' id='word_1_73' title='bbox 3401 1789 3458 1857; x_wconf 98' lang='ita'>1.</span> <span class='ocrx_word' id='word_1_74' title='bbox 3495 1790 3608 1857; x_wconf 93' lang='ita' dir='ltr'>De</span> <span class='ocrx_word' id='word_1_75' title='bbox 3640 1788 3908 1857; x_wconf 90' lang='ita' dir='ltr'>l’ordre</span> <span class='ocrx_word' id='word_1_76' title='bbox 3940 1788 4063 1878; x_wconf 91' lang='ita' dir='ltr'>qui</span> <span class='ocrx_word' id='word_1_77' title='bbox 4099 1810 4176 1857; x_wconf 93' lang='ita' dir='ltr'>se</span> <span class='ocrx_word' id='word_1_78' title='bbox 4210 1788 4490 1878; x_wconf 90' lang='ita' dir='ltr'>gardoit</span> 
     </span>
     <span class='ocr_line' id='line_1_10' title="bbox 713 1903 4486 1993; baseline 0 -22"><span class='ocrx_word' id='word_1_79' title='bbox 713 1914 907 1972; x_wconf 91' lang='ita' dir='ltr'>entre</span> <span class='ocrx_word' id='word_1_80' title='bbox 947 1903 1052 1972; x_wconf 93' lang='ita' dir='ltr'>les</span> <span class='ocrx_word' id='word_1_81' title='bbox 1094 1903 1444 1972; x_wconf 90' lang='ita' dir='ltr'>Romains</span> <span class='ocrx_word' id='word_1_82' title='bbox 1487 1925 1576 1972; x_wconf 95' lang='ita' dir='ltr'>en</span> <span class='ocrx_word' id='word_1_83' title='bbox 1617 1903 2113 1985; x_wconf 86' lang='ita' dir='ltr'>deliberation;</span> <span class='ocrx_word' id='word_1_84' title='bbox 2158 1904 2223 1972; x_wconf 88' lang='ita'>2.</span> <span class='ocrx_word' id='word_1_85' title='bbox 2268 1905 2417 1972; x_wconf 93' lang='ita' dir='ltr'>Des</span> <span class='ocrx_word' id='word_1_86' title='bbox 2460 1903 2970 1993; x_wconf 85' lang='ita' dir='ltr'>compilations</span> <span class='ocrx_word' id='word_1_87' title='bbox 3013 1903 3102 1972; x_wconf 97' lang='ita' dir='ltr'>de</span> <span class='ocrx_word' id='word_1_88' title='bbox 3143 1903 3364 1972; x_wconf 85' lang='ita' dir='ltr'>droits</span> <span class='ocrx_word' id='word_1_89' title='bbox 3406 1903 3660 1972; x_wconf 90' lang='ita' dir='ltr'>faictes</span> <span class='ocrx_word' id='word_1_90' title='bbox 3703 1903 3957 1993; x_wconf 89' lang='ita' dir='ltr'>depuis</span> <span class='ocrx_word' id='word_1_91' title='bbox 3999 1903 4104 1972; x_wconf 93' lang='ita' dir='ltr'>les</span> <span class='ocrx_word' id='word_1_92' title='bbox 4146 1903 4317 1972; x_wconf 90' lang='ita' dir='ltr'>Lois</span> <span class='ocrx_word' id='word_1_93' title='bbox 4360 1903 4486 1972; x_wconf 93' lang='ita' dir='ltr'>des</span> 
     </span>
     <span class='ocr_line' id='line_1_11' title="bbox 711 2018 4487 2108; baseline 0 -21"><span class='ocrx_word' id='word_1_94' title='bbox 711 2020 847 2086; x_wconf 89' lang='ita' dir='ltr'>XII</span> <span class='ocrx_word' id='word_1_95' title='bbox 895 2018 1124 2087; x_wconf 88' lang='ita' dir='ltr'>tables</span> <span class='ocrx_word' id='word_1_96' title='bbox 1168 2018 1434 2108; x_wconf 87' lang='ita' dir='ltr'>jusque</span> <span class='ocrx_word' id='word_1_97' title='bbox 1487 2040 1527 2087; x_wconf 90' lang='ita' dir='ltr'>a</span> <span class='ocrx_word' id='word_1_98' title='bbox 1575 2018 1771 2108; x_wconf 87' lang='ita' dir='ltr'>huy.;</span> <span class='ocrx_word' id='word_1_99' title='bbox 1828 2019 1892 2087; x_wconf 99' lang='ita'>3.</span> <span class='ocrx_word' id='word_1_100' title='bbox 1948 2020 2066 2087; x_wconf 94' lang='ita' dir='ltr'>Du</span> <span class='ocrx_word' id='word_1_101' title='bbox 2118 2029 2747 2087; x_wconf 92' lang='ita' dir='ltr'>commencement</span> <span class='ocrx_word' id='word_1_102' title='bbox 2797 2018 2886 2087; x_wconf 97' lang='ita' dir='ltr'>de</span> <span class='ocrx_word' id='word_1_103' title='bbox 2937 2018 3088 2087; x_wconf 90' lang='ita' dir='ltr'>l’an</span> <span class='ocrx_word' id='word_1_104' title='bbox 3140 2029 3334 2087; x_wconf 91' lang='ita' dir='ltr'>entre</span> <span class='ocrx_word' id='word_1_105' title='bbox 3385 2018 3490 2087; x_wconf 93' lang='ita' dir='ltr'>les</span> <span class='ocrx_word' id='word_1_106' title='bbox 3545 2018 3837 2087; x_wconf 86' lang='ita' dir='ltr'>anciens</span> <span class='ocrx_word' id='word_1_107' title='bbox 3889 2018 4189 2108; x_wconf 93' lang='ita' dir='ltr'>peuples</span> <span class='ocrx_word' id='word_1_108' title='bbox 4242 2018 4487 2087; x_wconf 76' lang='ita' dir='ltr'>mieux</span> 
     </span>
     <span class='ocr_line' id='line_1_12' title="bbox 711 2133 2221 2223; baseline 0 -21"><span class='ocrx_word' id='word_1_109' title='bbox 711 2133 1012 2223; x_wconf 85' lang='ita' dir='ltr'>policés,</span> <span class='ocrx_word' id='word_1_110' title='bbox 1045 2133 1239 2202; x_wconf 90' lang='ita' dir='ltr'>Paris</span> <span class='ocrx_word' id='word_1_111' title='bbox 1279 2133 1487 2215; x_wconf 98' lang='ita'>1609,</span> <span class='ocrx_word' id='word_1_112' title='bbox 1521 2133 1720 2202; x_wconf 90' lang='ita' dir='ltr'>Chez</span> <span class='ocrx_word' id='word_1_113' title='bbox 1750 2135 1925 2202; x_wconf 84' lang='ita' dir='ltr'>Jean</span> <span class='ocrx_word' id='word_1_114' title='bbox 1953 2133 2221 2202; x_wconf 90' lang='ita' dir='ltr'>Millot.</span> 
     </span>
     <span class='ocr_line' id='line_1_13' title="bbox 710 2228 4484 2338; baseline 0 -21"><span class='ocrx_word' id='word_1_115' title='bbox 710 2291 809 2296; x_wconf 98' lang='ita'><strong>—</strong></span> <span class='ocrx_word' id='word_1_116' title='bbox 847 2249 1168 2317; x_wconf 90' lang='ita' dir='ltr'>Savaron</span> <span class='ocrx_word' id='word_1_117' title='bbox 1204 2250 1310 2317; x_wconf 93' lang='ita' dir='ltr'>M.</span> <span class='ocrx_word' id='word_1_118' title='bbox 1351 2250 1547 2330; x_wconf 84' lang='ita' dir='ltr'>Jean,</span> <span class='ocrx_word' id='word_1_119' title='bbox 1588 2248 1866 2317; x_wconf 85' lang='ita' dir='ltr'>Traicté</span> <span class='ocrx_word' id='word_1_120' title='bbox 1903 2270 2043 2338; x_wconf 96' lang='ita' dir='ltr'>que</span> <span class='ocrx_word' id='word_1_121' title='bbox 2080 2248 2185 2317; x_wconf 93' lang='ita' dir='ltr'>les</span> <span class='ocrx_word' id='word_1_122' title='bbox 2224 2248 2462 2317; x_wconf 90' lang='ita' dir='ltr'>lettres</span> <span class='ocrx_word' id='word_1_123' title='bbox 2504 2259 2666 2317; x_wconf 92' lang='ita' dir='ltr'>sont</span> <span class='ocrx_word' id='word_1_124' title='bbox 2701 2248 3137 2317; x_wconf 91' lang='ita' dir='ltr'>l’ornement</span> <span class='ocrx_word' id='word_1_125' title='bbox 3173 2248 3299 2317; x_wconf 93' lang='ita' dir='ltr'>des</span> <span class='ocrx_word' id='word_1_126' title='bbox 3337 2248 3482 2317; x_wconf 91' lang='ita' dir='ltr'>rois</span> <span class='ocrx_word' id='word_1_127' title='bbox 3522 2259 3591 2317; x_wconf 92' lang='ita' dir='ltr'>et</span> <span class='ocrx_word' id='word_1_128' title='bbox 3627 2248 3716 2317; x_wconf 97' lang='ita' dir='ltr'>de</span> <span class='ocrx_word' id='word_1_129' title='bbox 3754 2228 3993 2330; x_wconf 90' lang='ita' dir='ltr'>l’Etat,</span> <span class='ocrx_word' id='word_1_130' title='bbox 4034 2248 4228 2317; x_wconf 90' lang='ita' dir='ltr'>Paris</span> <span class='ocrx_word' id='word_1_131' title='bbox 4276 2248 4484 2330; x_wconf 98' lang='ita'>1611,</span> 
     </span>
     <span class='ocr_line' id='line_1_14' title="bbox 713 2363 1510 2432; baseline -0.001 0"><span class='ocrx_word' id='word_1_132' title='bbox 713 2363 889 2432; x_wconf 95' lang='ita' dir='ltr'>chez</span> <span class='ocrx_word' id='word_1_133' title='bbox 919 2363 1227 2432; x_wconf 82' lang='ita' dir='ltr'>Jeremie</span> <span class='ocrx_word' id='word_1_134' title='bbox 1256 2363 1510 2432; x_wconf 90' lang='ita' dir='ltr'>Perier.</span> 
     </span>
    </p>
   </div>
   <div class='ocr_carea' id='block_1_6' title="bbox 710 2478 4487 2839">
    <p class='ocr_par' dir='ltr' id='par_1_6' title="bbox 710 2478 3853 2568">
     <span class='ocr_line' id='line_1_15' title="bbox 710 2478 3853 2568; baseline 0 -21"><span class='ocrx_word' id='word_1_135' title='bbox 710 2521 809 2526; x_wconf 98' lang='ita'><strong>—</strong></span> <span class='ocrx_word' id='word_1_136' title='bbox 838 2479 1203 2568; x_wconf 88' lang='ita' dir='ltr'>Gournay,</span> <span class='ocrx_word' id='word_1_137' title='bbox 1235 2478 1515 2568; x_wconf 85' lang='ita' dir='ltr'>Egalité</span> <span class='ocrx_word' id='word_1_138' title='bbox 1545 2478 1672 2547; x_wconf 93' lang='ita' dir='ltr'>des</span> <span class='ocrx_word' id='word_1_139' title='bbox 1702 2478 2036 2547; x_wconf 93' lang='ita' dir='ltr'>hommes</span> <span class='ocrx_word' id='word_1_140' title='bbox 2068 2489 2137 2547; x_wconf 92' lang='ita' dir='ltr'>et</span> <span class='ocrx_word' id='word_1_141' title='bbox 2165 2478 2291 2547; x_wconf 93' lang='ita' dir='ltr'>des</span> <span class='ocrx_word' id='word_1_142' title='bbox 2322 2478 2632 2547; x_wconf 85' lang='ita' dir='ltr'>femmes</span> <span class='ocrx_word' id='word_1_143' title='bbox 2665 2479 2705 2547; x_wconf 83' lang='ita' dir='ltr'><strong>à</strong></span> <span class='ocrx_word' id='word_1_144' title='bbox 2733 2478 2803 2547; x_wconf 91' lang='ita' dir='ltr'>la</span> <span class='ocrx_word' id='word_1_145' title='bbox 2830 2478 3080 2560; x_wconf 91' lang='ita' dir='ltr'>Reine,</span> <span class='ocrx_word' id='word_1_146' title='bbox 3122 2478 3330 2560; x_wconf 98' lang='ita'>1622,</span> <span class='ocrx_word' id='word_1_147' title='bbox 3366 2500 3583 2547; x_wconf 90' lang='ita' dir='ltr'>senza</span> <span class='ocrx_word' id='word_1_148' title='bbox 3610 2478 3853 2568; x_wconf 80' lang='ita' dir='ltr'>luogo.</span> 
     </span>
    </p>

    <p class='ocr_par' dir='ltr' id='par_1_7' title="bbox 711 2589 4487 2839">
     <span class='ocr_line' id='line_1_16' title="bbox 711 2589 4486 2664; baseline -0 -17"><span class='ocrx_word' id='word_1_149' title='bbox 711 2589 870 2647; x_wconf 96' lang='ita' dir='ltr'>Tutti</span> <span class='ocrx_word' id='word_1_150' title='bbox 901 2589 1095 2664; x_wconf 92' lang='ita' dir='ltr'>questi</span> <span class='ocrx_word' id='word_1_151' title='bbox 1126 2589 1487 2664; x_wconf 97' lang='ita' dir='ltr'>opuscoletti</span> <span class='ocrx_word' id='word_1_152' title='bbox 1516 2589 1630 2647; x_wconf 98' lang='ita' dir='ltr'>rari</span> <span class='ocrx_word' id='word_1_153' title='bbox 1661 2608 1694 2647; x_wconf 99' lang='ita' dir='ltr'>e</span> <span class='ocrx_word' id='word_1_154' title='bbox 1723 2589 2099 2647; x_wconf 97' lang='ita' dir='ltr'>interessanti</span> <span class='ocrx_word' id='word_1_155' title='bbox 2132 2608 2282 2647; x_wconf 98' lang='ita' dir='ltr'>sono</span> <span class='ocrx_word' id='word_1_156' title='bbox 2312 2589 2513 2647; x_wconf 99' lang='ita' dir='ltr'>riuniti</span> <span class='ocrx_word' id='word_1_157' title='bbox 2543 2589 2605 2646; x_wconf 98' lang='ita' dir='ltr'>in</span> <span class='ocrx_word' id='word_1_158' title='bbox 2634 2608 2715 2647; x_wconf 99' lang='ita' dir='ltr'>un</span> <span class='ocrx_word' id='word_1_159' title='bbox 2748 2590 2880 2647; x_wconf 99' lang='ita' dir='ltr'>solo</span> <span class='ocrx_word' id='word_1_160' title='bbox 2912 2590 3156 2647; x_wconf 85' lang='ita' dir='ltr'>volume</span> <span class='ocrx_word' id='word_1_161' title='bbox 3187 2590 3461 2664; x_wconf 83' lang='ita' dir='ltr'>elegante</span> <span class='ocrx_word' id='word_1_162' title='bbox 3492 2608 3525 2647; x_wconf 99' lang='ita' dir='ltr'>e</span> <span class='ocrx_word' id='word_1_163' title='bbox 3554 2608 3661 2664; x_wconf 98' lang='ita' dir='ltr'>per</span> <span class='ocrx_word' id='word_1_164' title='bbox 3688 2589 3967 2664; x_wconf 94' lang='ita' dir='ltr'>riempire</span> <span class='ocrx_word' id='word_1_165' title='bbox 3998 2589 4260 2647; x_wconf 94' lang='ita' dir='ltr'>l’ultimo</span> <span class='ocrx_word' id='word_1_166' title='bbox 4293 2589 4486 2664; x_wconf 96' lang='ita' dir='ltr'>foglio</span> 
     </span>
     <span class='ocr_line' id='line_1_17' title="bbox 712 2685 4487 2760; baseline 0 -17"><span class='ocrx_word' id='word_1_167' title='bbox 712 2685 1076 2743; x_wconf 92' lang='ita' dir='ltr'>dell’ultimo</span> <span class='ocrx_word' id='word_1_168' title='bbox 1106 2686 1403 2760; x_wconf 97' lang='ita' dir='ltr'>opuscolo</span> <span class='ocrx_word' id='word_1_169' title='bbox 1432 2694 1618 2743; x_wconf 98' lang='ita' dir='ltr'>trasse</span> <span class='ocrx_word' id='word_1_170' title='bbox 1647 2686 1902 2743; x_wconf 97' lang='ita' dir='ltr'>l’autore</span> <span class='ocrx_word' id='word_1_171' title='bbox 1931 2686 2008 2743; x_wconf 98' lang='ita' dir='ltr'>da</span> <span class='ocrx_word' id='word_1_172' title='bbox 2036 2685 2257 2743; x_wconf 92' lang='ita' dir='ltr'>Orazio</span> <span class='ocrx_word' id='word_1_173' title='bbox 2287 2704 2320 2743; x_wconf 99' lang='ita' dir='ltr'>e</span> <span class='ocrx_word' id='word_1_174' title='bbox 2349 2685 2809 2760; x_wconf 96' lang='ita' dir='ltr'>dall’antologia</span> <span class='ocrx_word' id='word_1_175' title='bbox 2837 2685 3035 2743; x_wconf 97' lang='ita' dir='ltr'>alcuni</span> <span class='ocrx_word' id='word_1_176' title='bbox 3064 2685 3221 2743; x_wconf 85' lang='ita' dir='ltr'>versi</span> <span class='ocrx_word' id='word_1_177' title='bbox 3250 2685 3362 2743; x_wconf 97' lang='ita' dir='ltr'>che</span> <span class='ocrx_word' id='word_1_178' title='bbox 3393 2686 3646 2760; x_wconf 91' lang='ita' dir='ltr'>stampò,</span> <span class='ocrx_word' id='word_1_179' title='bbox 3677 2685 3966 2743; x_wconf 98' lang='ita' dir='ltr'>unendoli</span> <span class='ocrx_word' id='word_1_180' title='bbox 3996 2686 4113 2743; x_wconf 97' lang='ita' dir='ltr'>alla</span> <span class='ocrx_word' id='word_1_181' title='bbox 4139 2685 4487 2743; x_wconf 98' lang='ita' dir='ltr'>traduzione</span> 
     </span>
     <span class='ocr_line' id='line_1_18' title="bbox 712 2781 1002 2839; baseline 0.003 -1"><span class='ocrx_word' id='word_1_182' title='bbox 712 2781 1002 2839; x_wconf 84' lang='ita' dir='ltr'>francese.</span> 
     </span>
    </p>
   </div>
   <div class='ocr_carea' id='block_1_7' title="bbox 475 2976 4489 3296">
    <p class='ocr_par' dir='ltr' id='par_1_8' title="bbox 475 2976 4489 3296">
     <span class='ocr_line' id='line_1_19' title="bbox 475 2976 4489 3066; baseline 0 -21"><span class='ocrx_word' id='word_1_183' title='bbox 475 2976 682 3045; x_wconf 88' lang='ita'>1768.</span> <span class='ocrx_word' id='word_1_184' title='bbox 739 2978 839 3045; x_wconf 98' lang='ita' dir='ltr'>Le</span> <span class='ocrx_word' id='word_1_185' title='bbox 891 2978 1181 3045; x_wconf 89' lang='ita' dir='ltr'>PRINCE</span> <span class='ocrx_word' id='word_1_186' title='bbox 1226 2978 1262 3045; x_wconf 81' lang='ita'>]</span> <span class='ocrx_word' id='word_1_187' title='bbox 1272 3034 1283 3045; x_wconf 99' lang='ita'>.</span> <span class='ocrx_word' id='word_1_188' title='bbox 1340 2978 1571 3066; x_wconf 90' lang='ita' dir='ltr'>Bapt.,</span> <span class='ocrx_word' id='word_1_189' title='bbox 1628 2977 1953 3045; x_wconf 91' lang='ita' dir='ltr'>Oeuvres</span> <span class='ocrx_word' id='word_1_190' title='bbox 2008 2987 2394 3045; x_wconf 90' lang='ita' dir='ltr'>contenant</span> <span class='ocrx_word' id='word_1_191' title='bbox 2443 2976 2605 3066; x_wconf 93' lang='ita' dir='ltr'>plus</span> <span class='ocrx_word' id='word_1_192' title='bbox 2660 2976 2749 3045; x_wconf 97' lang='ita' dir='ltr'>de</span> <span class='ocrx_word' id='word_1_193' title='bbox 2810 2976 2946 3045; x_wconf 89' lang='ita'>160</span> <span class='ocrx_word' id='word_1_194' title='bbox 2998 2976 3342 3066; x_wconf 90' lang='ita' dir='ltr'>planches</span> <span class='ocrx_word' id='word_1_195' title='bbox 3398 2977 3695 3066; x_wconf 86' lang='ita' dir='ltr'>gravées</span> <span class='ocrx_word' id='word_1_196' title='bbox 3752 2977 3792 3045; x_wconf 83' lang='ita' dir='ltr'><strong>à</strong></span> <span class='ocrx_word' id='word_1_197' title='bbox 3842 2976 4037 3045; x_wconf 90' lang='ita' dir='ltr'>l’eau</span> <span class='ocrx_word' id='word_1_198' title='bbox 4090 2976 4274 3045; x_wconf 90' lang='ita' dir='ltr'>forte</span> <span class='ocrx_word' id='word_1_199' title='bbox 4327 2987 4396 3045; x_wconf 92' lang='ita' dir='ltr'>et</span> <span class='ocrx_word' id='word_1_200' title='bbox 4449 2977 4489 3045; x_wconf 83' lang='ita' dir='ltr'><strong>à</strong></span> 
     </span>
     <span class='ocr_line' id='line_1_20' title="bbox 712 3091 4488 3181; baseline 0 -21"><span class='ocrx_word' id='word_1_201' title='bbox 712 3091 1131 3160; x_wconf 90' lang='ita' dir='ltr'>l’imitation</span> <span class='ocrx_word' id='word_1_202' title='bbox 1196 3091 1322 3160; x_wconf 93' lang='ita' dir='ltr'>des</span> <span class='ocrx_word' id='word_1_203' title='bbox 1389 3091 1671 3160; x_wconf 91' lang='ita' dir='ltr'>dessins</span> <span class='ocrx_word' id='word_1_204' title='bbox 1736 3091 1935 3160; x_wconf 85' lang='ita' dir='ltr'>lavés</span> <span class='ocrx_word' id='word_1_205' title='bbox 2003 3113 2091 3160; x_wconf 90' lang='ita' dir='ltr'>au</span> <span class='ocrx_word' id='word_1_206' title='bbox 2153 3091 2373 3160; x_wconf 89' lang='ita' dir='ltr'>bistre</span> <span class='ocrx_word' id='word_1_207' title='bbox 2436 3092 2924 3181; x_wconf 84' lang='ita' dir='ltr'>répresentant</span> <span class='ocrx_word' id='word_1_208' title='bbox 2987 3091 3224 3160; x_wconf 90' lang='ita' dir='ltr'>divers</span> <span class='ocrx_word' id='word_1_209' title='bbox 3291 3102 3656 3160; x_wconf 92' lang='ita' dir='ltr'>costumes</span> <span class='ocrx_word' id='word_1_210' title='bbox 3724 3102 3793 3160; x_wconf 92' lang='ita' dir='ltr'>et</span> <span class='ocrx_word' id='word_1_211' title='bbox 3854 3091 4332 3160; x_wconf 89' lang='ita' dir='ltr'>habillemens</span> <span class='ocrx_word' id='word_1_212' title='bbox 4399 3091 4488 3160; x_wconf 97' lang='ita' dir='ltr'>de</span> 
     </span>
     <span class='ocr_line' id='line_1_21' title="bbox 713 3206 2272 3296; baseline 0 -21"><span class='ocrx_word' id='word_1_213' title='bbox 713 3206 1088 3275; x_wconf 91' lang='ita' dir='ltr'>differents</span> <span class='ocrx_word' id='word_1_214' title='bbox 1118 3206 1419 3296; x_wconf 93' lang='ita' dir='ltr'>peuples</span> <span class='ocrx_word' id='word_1_215' title='bbox 1451 3206 1546 3275; x_wconf 97' lang='ita' dir='ltr'>du</span> <span class='ocrx_word' id='word_1_216' title='bbox 1574 3206 1798 3288; x_wconf 92' lang='ita' dir='ltr'>Nord,</span> <span class='ocrx_word' id='word_1_217' title='bbox 1831 3206 2025 3275; x_wconf 90' lang='ita' dir='ltr'>Paris</span> <span class='ocrx_word' id='word_1_218' title='bbox 2065 3207 2272 3275; x_wconf 88' lang='ita'>1782.</span> 
     </span>
    </p>
   </div>
   <div class='ocr_carea' id='block_1_8' title="bbox 710 3317 4487 3488">
    <p class='ocr_par' dir='ltr' id='par_1_9' title="bbox 710 3317 4487 3488">
     <span class='ocr_line' id='line_1_22' title="bbox 711 3317 4487 3392; baseline 0 -18"><span class='ocrx_word' id='word_1_219' title='bbox 711 3317 1212 3392; x_wconf 91' lang='ita' dir='ltr'>Principalmente</span> <span class='ocrx_word' id='word_1_220' title='bbox 1255 3336 1405 3375; x_wconf 98' lang='ita' dir='ltr'>sono</span> <span class='ocrx_word' id='word_1_221' title='bbox 1447 3317 1707 3392; x_wconf 98' lang='ita' dir='ltr'>espressi</span> <span class='ocrx_word' id='word_1_222' title='bbox 1748 3317 1768 3374; x_wconf 99' lang='ita' dir='ltr'>i</span> <span class='ocrx_word' id='word_1_223' title='bbox 1809 3317 2068 3375; x_wconf 93' lang='ita' dir='ltr'>costumi</span> <span class='ocrx_word' id='word_1_224' title='bbox 2110 3317 2208 3375; x_wconf 99' lang='ita' dir='ltr'>dei</span> <span class='ocrx_word' id='word_1_225' title='bbox 2247 3317 2459 3392; x_wconf 98' lang='ita' dir='ltr'>popoli</span> <span class='ocrx_word' id='word_1_226' title='bbox 2500 3318 2660 3375; x_wconf 98' lang='ita' dir='ltr'>della</span> <span class='ocrx_word' id='word_1_227' title='bbox 2704 3319 2782 3392; x_wconf 93' lang='ita' dir='ltr'>[p.</span> <span class='ocrx_word' id='word_1_228' title='bbox 2829 3318 2970 3387; x_wconf 91' lang='ita'>304]</span> <span class='ocrx_word' id='word_1_229' title='bbox 3016 3317 3251 3375; x_wconf 92' lang='ita' dir='ltr'>Russia.</span> <span class='ocrx_word' id='word_1_230' title='bbox 3297 3318 3702 3392; x_wconf 89' lang='ita' dir='ltr'>Quest’opera</span> <span class='ocrx_word' id='word_1_231' title='bbox 3741 3318 3774 3375; x_wconf 86' lang='ita' dir='ltr'>è</span> <span class='ocrx_word' id='word_1_232' title='bbox 3813 3317 3993 3392; x_wconf 98' lang='ita' dir='ltr'>piena</span> <span class='ocrx_word' id='word_1_233' title='bbox 4032 3317 4093 3375; x_wconf 99' lang='ita' dir='ltr'>di</span> <span class='ocrx_word' id='word_1_234' title='bbox 4135 3326 4310 3392; x_wconf 96' lang='ita' dir='ltr'>gusto</span> <span class='ocrx_word' id='word_1_235' title='bbox 4352 3336 4385 3375; x_wconf 99' lang='ita' dir='ltr'>e</span> <span class='ocrx_word' id='word_1_236' title='bbox 4426 3317 4487 3375; x_wconf 99' lang='ita' dir='ltr'>di</span> 
     </span>
     <span class='ocr_line' id='line_1_23' title="bbox 710 3413 4057 3488; baseline 0 -17"><span class='ocrx_word' id='word_1_237' title='bbox 710 3413 1034 3488; x_wconf 97' lang='ita' dir='ltr'>pittoresca</span> <span class='ocrx_word' id='word_1_238' title='bbox 1055 3414 1217 3471; x_wconf 90' lang='ita' dir='ltr'>bella</span> <span class='ocrx_word' id='word_1_239' title='bbox 1240 3413 1618 3481; x_wconf 91' lang='ita' dir='ltr'>esecuzione,</span> <span class='ocrx_word' id='word_1_240' title='bbox 1648 3432 1826 3488; x_wconf 97' lang='ita' dir='ltr'>sopra</span> <span class='ocrx_word' id='word_1_241' title='bbox 1848 3422 1996 3471; x_wconf 99' lang='ita' dir='ltr'>tutto</span> <span class='ocrx_word' id='word_1_242' title='bbox 2023 3413 2286 3471; x_wconf 87' lang='ita' dir='ltr'>allorché</span> <span class='ocrx_word' id='word_1_243' title='bbox 2311 3414 2367 3471; x_wconf 99' lang='ita' dir='ltr'>le</span> <span class='ocrx_word' id='word_1_244' title='bbox 2390 3432 2578 3488; x_wconf 98' lang='ita' dir='ltr'>prove</span> <span class='ocrx_word' id='word_1_245' title='bbox 2605 3413 2774 3471; x_wconf 97' lang='ita' dir='ltr'>siano</span> <span class='ocrx_word' id='word_1_246' title='bbox 2800 3414 2960 3471; x_wconf 98' lang='ita' dir='ltr'>della</span> <span class='ocrx_word' id='word_1_247' title='bbox 2983 3413 3331 3471; x_wconf 96' lang='ita' dir='ltr'>freschezza</span> <span class='ocrx_word' id='word_1_248' title='bbox 3354 3414 3452 3471; x_wconf 99' lang='ita' dir='ltr'>del</span> <span class='ocrx_word' id='word_1_249' title='bbox 3476 3422 3680 3471; x_wconf 99' lang='ita' dir='ltr'>nostro</span> <span class='ocrx_word' id='word_1_250' title='bbox 3706 3414 4057 3488; x_wconf 93' lang='ita' dir='ltr'>esemplare.</span> 
     </span>
    </p>
   </div>
   <div class='ocr_carea' id='block_1_9' title="bbox 475 3628 4485 3718">
    <p class='ocr_par' dir='ltr' id='par_1_10' title="bbox 475 3628 4485 3718">
     <span class='ocr_line' id='line_1_24' title="bbox 475 3628 4485 3718; baseline 0 -22"><span class='ocrx_word' id='word_1_251' title='bbox 475 3628 682 3698; x_wconf 90' lang='ita'>1769.</span> <span class='ocrx_word' id='word_1_252' title='bbox 729 3630 1023 3697; x_wconf 89' lang='ita' dir='ltr'>PRONTI</span> <span class='ocrx_word' id='word_1_253' title='bbox 1059 3628 1493 3710; x_wconf 91' lang='ita' dir='ltr'>Domenico,</span> <span class='ocrx_word' id='word_1_254' title='bbox 1538 3630 1803 3697; x_wconf 90' lang='ita' dir='ltr'>Nuova</span> <span class='ocrx_word' id='word_1_255' title='bbox 1842 3628 2158 3697; x_wconf 90' lang='ita' dir='ltr'>raccolta</span> <span class='ocrx_word' id='word_1_256' title='bbox 2197 3639 2777 3718; x_wconf 90' lang='ita' dir='ltr'>rappresentante</span> <span class='ocrx_word' id='word_1_257' title='bbox 2819 3628 2842 3696; x_wconf 90' lang='ita' dir='ltr'>i</span> <span class='ocrx_word' id='word_1_258' title='bbox 2886 3628 3197 3697; x_wconf 91' lang='ita' dir='ltr'>costumi</span> <span class='ocrx_word' id='word_1_259' title='bbox 3239 3628 3586 3718; x_wconf 81' lang='ita' dir='ltr'>religiosi,</span> <span class='ocrx_word' id='word_1_260' title='bbox 3633 3628 3833 3697; x_wconf 90' lang='ita' dir='ltr'>civili</span> <span class='ocrx_word' id='word_1_261' title='bbox 3877 3650 3916 3697; x_wconf 97' lang='ita' dir='ltr'>e</span> <span class='ocrx_word' id='word_1_262' title='bbox 3958 3628 4248 3697; x_wconf 90' lang='ita' dir='ltr'>militari</span> <span class='ocrx_word' id='word_1_263' title='bbox 4292 3628 4485 3718; x_wconf 91' lang='ita' dir='ltr'>degli</span> 
     </span>
    </p>
   </div>
   <div class='ocr_carea' id='block_1_10' title="bbox 713 3743 3903 3929">
    <p class='ocr_par' dir='ltr' id='par_1_11' title="bbox 713 3743 3903 3929">
     <span class='ocr_line' id='line_1_25' title="bbox 714 3743 3903 3833; baseline 0 -22"><span class='ocrx_word' id='word_1_264' title='bbox 714 3743 979 3812; x_wconf 90' lang='ita' dir='ltr'>antichi</span> <span class='ocrx_word' id='word_1_265' title='bbox 1008 3743 1359 3833; x_wconf 90' lang='ita' dir='ltr'>Egiziani,</span> <span class='ocrx_word' id='word_1_266' title='bbox 1391 3743 1743 3825; x_wconf 90' lang='ita' dir='ltr'>Etruschi,</span> <span class='ocrx_word' id='word_1_267' title='bbox 1777 3743 1992 3812; x_wconf 90' lang='ita' dir='ltr'>Greci</span> <span class='ocrx_word' id='word_1_268' title='bbox 2023 3765 2062 3812; x_wconf 97' lang='ita' dir='ltr'>e</span> <span class='ocrx_word' id='word_1_269' title='bbox 2091 3743 2425 3825; x_wconf 90' lang='ita' dir='ltr'>Romani,</span> <span class='ocrx_word' id='word_1_270' title='bbox 2457 3743 2643 3812; x_wconf 90' lang='ita' dir='ltr'>tratti</span> <span class='ocrx_word' id='word_1_271' title='bbox 2674 3743 2790 3812; x_wconf 90' lang='ita' dir='ltr'>dai</span> <span class='ocrx_word' id='word_1_272' title='bbox 2820 3743 3293 3825; x_wconf 90' lang='ita' dir='ltr'>monumenti,</span> <span class='ocrx_word' id='word_1_273' title='bbox 3326 3745 3582 3825; x_wconf 90' lang='ita' dir='ltr'>Roma,</span> <span class='ocrx_word' id='word_1_274' title='bbox 3614 3754 3753 3812; x_wconf 90' lang='ita' dir='ltr'>tav.</span> <span class='ocrx_word' id='word_1_275' title='bbox 3786 3743 3903 3812; x_wconf 92' lang='ita'>46.</span> 
     </span>
     <span class='ocr_line' id='line_1_26' title="bbox 713 3854 3135 3929; baseline 0 -17"><span class='ocrx_word' id='word_1_276' title='bbox 713 3855 940 3926; x_wconf 89' lang='ita' dir='ltr'>Questa</span> <span class='ocrx_word' id='word_1_277' title='bbox 963 3873 1085 3912; x_wconf 99' lang='ita' dir='ltr'>non</span> <span class='ocrx_word' id='word_1_278' title='bbox 1109 3855 1142 3912; x_wconf 87' lang='ita' dir='ltr'>e</span> <span class='ocrx_word' id='word_1_279' title='bbox 1167 3854 1279 3912; x_wconf 97' lang='ita' dir='ltr'>che</span> <span class='ocrx_word' id='word_1_280' title='bbox 1303 3855 1599 3929; x_wconf 97' lang='ita' dir='ltr'>un’opera</span> <span class='ocrx_word' id='word_1_281' title='bbox 1620 3854 1911 3929; x_wconf 97' lang='ita' dir='ltr'>ricopiata</span> <span class='ocrx_word' id='word_1_282' title='bbox 1934 3855 2092 3912; x_wconf 98' lang='ita' dir='ltr'>dalle</span> <span class='ocrx_word' id='word_1_283' title='bbox 2117 3863 2292 3912; x_wconf 97' lang='ita' dir='ltr'>cento</span> <span class='ocrx_word' id='word_1_284' title='bbox 2317 3855 2517 3912; x_wconf 98' lang='ita' dir='ltr'>tavole</span> <span class='ocrx_word' id='word_1_285' title='bbox 2542 3855 2640 3912; x_wconf 99' lang='ita' dir='ltr'>del</span> <span class='ocrx_word' id='word_1_286' title='bbox 2664 3854 3135 3929; x_wconf 96' lang='ita' dir='ltr'>Roccheggiani.</span> 
     </span>
    </p>
   </div>
   <div class='ocr_carea' id='block_1_11' title="bbox 475 4069 4489 4274">
    <p class='ocr_par' dir='ltr' id='par_1_12' title="bbox 475 4069 4489 4274">
     <span class='ocr_line' id='line_1_27' title="bbox 475 4069 4487 4159; baseline 0 -21"><span class='ocrx_word' id='word_1_287' title='bbox 475 4070 682 4138; x_wconf 89' lang='ita'>1770.</span> <span class='ocrx_word' id='word_1_288' title='bbox 751 4071 1229 4138; x_wconf 87' lang='ita' dir='ltr'>PROVISIONE</span> <span class='ocrx_word' id='word_1_289' title='bbox 1287 4069 1692 4138; x_wconf 90' lang='ita' dir='ltr'>novissima</span> <span class='ocrx_word' id='word_1_290' title='bbox 1755 4069 1944 4138; x_wconf 97' lang='ita' dir='ltr'>delle</span> <span class='ocrx_word' id='word_1_291' title='bbox 2009 4069 2176 4138; x_wconf 92' lang='ita' dir='ltr'>dote</span> <span class='ocrx_word' id='word_1_292' title='bbox 2241 4091 2280 4138; x_wconf 97' lang='ita' dir='ltr'>e</span> <span class='ocrx_word' id='word_1_293' title='bbox 2345 4069 2540 4138; x_wconf 97' lang='ita' dir='ltr'>dello</span> <span class='ocrx_word' id='word_1_294' title='bbox 2606 4080 2855 4138; x_wconf 90' lang='ita' dir='ltr'>ornato</span> <span class='ocrx_word' id='word_1_295' title='bbox 2921 4069 3110 4138; x_wconf 97' lang='ita' dir='ltr'>delle</span> <span class='ocrx_word' id='word_1_296' title='bbox 3175 4069 3414 4138; x_wconf 95' lang='ita' dir='ltr'>donne</span> <span class='ocrx_word' id='word_1_297' title='bbox 3478 4069 3865 4138; x_wconf 90' lang='ita' dir='ltr'>reformata</span> <span class='ocrx_word' id='word_1_298' title='bbox 3929 4069 3995 4138; x_wconf 90' lang='ita' dir='ltr'>al</span> <span class='ocrx_word' id='word_1_299' title='bbox 4058 4080 4304 4159; x_wconf 92' lang='ita' dir='ltr'>tempo</span> <span class='ocrx_word' id='word_1_300' title='bbox 4370 4069 4487 4138; x_wconf 97' lang='ita' dir='ltr'>del</span> 
     </span>
     <span class='ocr_line' id='line_1_28' title="bbox 712 4184 4489 4274; baseline 0 -21"><span class='ocrx_word' id='word_1_301' title='bbox 712 4184 1351 4253; x_wconf 91' lang='ita' dir='ltr'>Reverendissimo</span> <span class='ocrx_word' id='word_1_302' title='bbox 1402 4184 1549 4274; x_wconf 91' lang='ita' dir='ltr'>Sig.</span> <span class='ocrx_word' id='word_1_303' title='bbox 1603 4184 1970 4253; x_wconf 90' lang='ita' dir='ltr'>Bernardo</span> <span class='ocrx_word' id='word_1_304' title='bbox 2020 4184 2134 4253; x_wconf 91' lang='ita' dir='ltr'>de’</span> <span class='ocrx_word' id='word_1_305' title='bbox 2192 4184 2410 4253; x_wconf 90' lang='ita' dir='ltr'>Rossi</span> <span class='ocrx_word' id='word_1_306' title='bbox 2460 4195 2932 4274; x_wconf 90' lang='ita' dir='ltr'>governatore</span> <span class='ocrx_word' id='word_1_307' title='bbox 2979 4206 3163 4274; x_wconf 92' lang='ita' dir='ltr'>pres.</span> <span class='ocrx_word' id='word_1_308' title='bbox 3218 4195 3287 4253; x_wconf 92' lang='ita' dir='ltr'>et</span> <span class='ocrx_word' id='word_1_309' title='bbox 3333 4184 3544 4253; x_wconf 91' lang='ita' dir='ltr'>vicel.</span> <span class='ocrx_word' id='word_1_310' title='bbox 3598 4184 3670 4253; x_wconf 91' lang='ita' dir='ltr'>di</span> <span class='ocrx_word' id='word_1_311' title='bbox 3720 4184 4056 4274; x_wconf 89' lang='ita' dir='ltr'>Bologna</span> <span class='ocrx_word' id='word_1_312' title='bbox 4104 4206 4143 4253; x_wconf 97' lang='ita' dir='ltr'>e</span> <span class='ocrx_word' id='word_1_313' title='bbox 4192 4184 4264 4253; x_wconf 91' lang='ita' dir='ltr'>di</span> <span class='ocrx_word' id='word_1_314' title='bbox 4312 4195 4489 4253; x_wconf 90' lang='ita' dir='ltr'>tutta</span> 
     </span>
    </p>
   </div>
   <div class='ocr_carea' id='block_1_12' title="bbox 710 4299 4486 4676">
    <p class='ocr_par' dir='ltr' id='par_1_13' title="bbox 712 4299 4189 4389">
     <span class='ocr_line' id='line_1_29' title="bbox 712 4299 4189 4389; baseline 0 -22"><span class='ocrx_word' id='word_1_315' title='bbox 712 4301 1111 4389; x_wconf 90' lang='ita' dir='ltr'>Romagna,</span> <span class='ocrx_word' id='word_1_316' title='bbox 1144 4299 1498 4389; x_wconf 90' lang='ita' dir='ltr'>impressa</span> <span class='ocrx_word' id='word_1_317' title='bbox 1525 4299 1599 4367; x_wconf 90' lang='ita' dir='ltr'>in</span> <span class='ocrx_word' id='word_1_318' title='bbox 1628 4299 1964 4389; x_wconf 89' lang='ita' dir='ltr'>Bologna</span> <span class='ocrx_word' id='word_1_319' title='bbox 1990 4321 2117 4389; x_wconf 91' lang='ita' dir='ltr'>per</span> <span class='ocrx_word' id='word_1_320' title='bbox 2144 4310 2455 4368; x_wconf 90' lang='ita' dir='ltr'>maestro</span> <span class='ocrx_word' id='word_1_321' title='bbox 2487 4299 2865 4368; x_wconf 90' lang='ita' dir='ltr'>Girolamo</span> <span class='ocrx_word' id='word_1_322' title='bbox 2896 4299 3009 4368; x_wconf 94' lang='ita' dir='ltr'>de’</span> <span class='ocrx_word' id='word_1_323' title='bbox 3048 4299 3448 4381; x_wconf 90' lang='ita' dir='ltr'>Benedetti,</span> <span class='ocrx_word' id='word_1_324' title='bbox 3490 4299 3698 4381; x_wconf 98' lang='ita'>1521,</span> <span class='ocrx_word' id='word_1_325' title='bbox 3731 4299 3805 4367; x_wconf 90' lang='ita' dir='ltr'>in</span> <span class='ocrx_word' id='word_1_326' title='bbox 3838 4300 3901 4381; x_wconf 88' lang='ita'>8,</span> <span class='ocrx_word' id='word_1_327' title='bbox 3933 4301 4039 4368; x_wconf 93' lang='ita' dir='ltr'>M.</span> <span class='ocrx_word' id='word_1_328' title='bbox 4074 4299 4189 4368; x_wconf 99' lang='ita'>54.</span> 
     </span>
    </p>

    <p class='ocr_par' dir='ltr' id='par_1_14' title="bbox 710 4410 4486 4676">
     <span class='ocr_line' id='line_1_30' title="bbox 713 4410 4486 4485; baseline -0 -17"><span class='ocrx_word' id='word_1_329' title='bbox 713 4411 940 4482; x_wconf 89' lang='ita' dir='ltr'>Questa</span> <span class='ocrx_word' id='word_1_330' title='bbox 965 4410 1378 4485; x_wconf 97' lang='ita' dir='ltr'>disposizione</span> <span class='ocrx_word' id='word_1_331' title='bbox 1405 4411 1542 4468; x_wconf 98' lang='ita' dir='ltr'>data</span> <span class='ocrx_word' id='word_1_332' title='bbox 1565 4429 1672 4485; x_wconf 98' lang='ita' dir='ltr'>per</span> <span class='ocrx_word' id='word_1_333' title='bbox 1695 4411 2006 4468; x_wconf 93' lang='ita' dir='ltr'>moderare</span> <span class='ocrx_word' id='word_1_334' title='bbox 2032 4410 2075 4467; x_wconf 99' lang='ita' dir='ltr'>il</span> <span class='ocrx_word' id='word_1_335' title='bbox 2102 4411 2268 4468; x_wconf 98' lang='ita' dir='ltr'>lusso</span> <span class='ocrx_word' id='word_1_336' title='bbox 2296 4410 2357 4468; x_wconf 99' lang='ita' dir='ltr'>di</span> <span class='ocrx_word' id='word_1_337' title='bbox 2383 4411 2664 4485; x_wconf 96' lang='ita' dir='ltr'>Bologna</span> <span class='ocrx_word' id='word_1_338' title='bbox 2691 4410 2740 4468; x_wconf 99' lang='ita' dir='ltr'>si</span> <span class='ocrx_word' id='word_1_339' title='bbox 2767 4411 3013 4468; x_wconf 99' lang='ita' dir='ltr'>estende</span> <span class='ocrx_word' id='word_1_340' title='bbox 3039 4410 3101 4467; x_wconf 98' lang='ita' dir='ltr'>in</span> <span class='ocrx_word' id='word_1_341' title='bbox 3129 4410 3590 4485; x_wconf 93' lang='ita' dir='ltr'>singolarissimi</span> <span class='ocrx_word' id='word_1_342' title='bbox 3618 4410 3951 4485; x_wconf 93' lang='ita' dir='ltr'>argomenti</span> <span class='ocrx_word' id='word_1_343' title='bbox 3978 4410 4090 4468; x_wconf 97' lang='ita' dir='ltr'>che</span> <span class='ocrx_word' id='word_1_344' title='bbox 4116 4410 4486 4468; x_wconf 99' lang='ita' dir='ltr'>interessano</span> 
     </span>
     <span class='ocr_line' id='line_1_31' title="bbox 710 4505 4486 4580; baseline 0 -17"><span class='ocrx_word' id='word_1_345' title='bbox 710 4524 817 4580; x_wconf 98' lang='ita' dir='ltr'>per</span> <span class='ocrx_word' id='word_1_346' title='bbox 844 4506 900 4563; x_wconf 99' lang='ita' dir='ltr'>le</span> <span class='ocrx_word' id='word_1_347' title='bbox 929 4514 1316 4563; x_wconf 93' lang='ita' dir='ltr'>costumanze</span> <span class='ocrx_word' id='word_1_348' title='bbox 1345 4506 1443 4563; x_wconf 99' lang='ita' dir='ltr'>del</span> <span class='ocrx_word' id='word_1_349' title='bbox 1472 4505 1755 4563; x_wconf 97' lang='ita' dir='ltr'>vestiario</span> <span class='ocrx_word' id='word_1_350' title='bbox 1785 4524 1818 4563; x_wconf 99' lang='ita' dir='ltr'>e</span> <span class='ocrx_word' id='word_1_351' title='bbox 1847 4505 2009 4580; x_wconf 96' lang='ita' dir='ltr'>degli</span> <span class='ocrx_word' id='word_1_352' title='bbox 2038 4505 2370 4563; x_wconf 93' lang='ita' dir='ltr'>ornamenti</span> <span class='ocrx_word' id='word_1_353' title='bbox 2399 4505 2460 4563; x_wconf 99' lang='ita' dir='ltr'>di</span> <span class='ocrx_word' id='word_1_354' title='bbox 2489 4506 2794 4580; x_wconf 82' lang='ita' dir='ltr'>quell’età.</span> <span class='ocrx_word' id='word_1_355' title='bbox 2829 4506 2993 4563; x_wconf 93' lang='ita' dir='ltr'>Sono</span> <span class='ocrx_word' id='word_1_356' title='bbox 3023 4506 3099 4563; x_wconf 96' lang='ita'>23</span> <span class='ocrx_word' id='word_1_357' title='bbox 3132 4505 3396 4580; x_wconf 91' lang='ita' dir='ltr'>capitoli,</span> <span class='ocrx_word' id='word_1_358' title='bbox 3430 4505 3644 4580; x_wconf 96' lang='ita' dir='ltr'>seguiti</span> <span class='ocrx_word' id='word_1_359' title='bbox 3673 4506 3750 4563; x_wconf 98' lang='ita' dir='ltr'>da</span> <span class='ocrx_word' id='word_1_360' title='bbox 3776 4524 3856 4563; x_wconf 99' lang='ita' dir='ltr'>un</span> <span class='ocrx_word' id='word_1_361' title='bbox 3883 4507 4079 4563; x_wconf 97' lang='ita' dir='ltr'>Breve</span> <span class='ocrx_word' id='word_1_362' title='bbox 4108 4505 4169 4563; x_wconf 99' lang='ita' dir='ltr'>di</span> <span class='ocrx_word' id='word_1_363' title='bbox 4197 4507 4401 4563; x_wconf 97' lang='ita' dir='ltr'>Leone</span> <span class='ocrx_word' id='word_1_364' title='bbox 4429 4507 4486 4562; x_wconf 89' lang='ita' dir='ltr'>X</span> 
     </span>
     <span class='ocr_line' id='line_1_32' title="bbox 711 4601 2579 4676; baseline 0.001 -18"><span class='ocrx_word' id='word_1_365' title='bbox 711 4601 773 4658; x_wconf 98' lang='ita' dir='ltr'>in</span> <span class='ocrx_word' id='word_1_366' title='bbox 804 4602 876 4658; x_wconf 96' lang='ita'>12</span> <span class='ocrx_word' id='word_1_367' title='bbox 902 4601 1161 4676; x_wconf 96' lang='ita' dir='ltr'>foglietti</span> <span class='ocrx_word' id='word_1_368' title='bbox 1186 4601 1247 4659; x_wconf 99' lang='ita' dir='ltr'>di</span> <span class='ocrx_word' id='word_1_369' title='bbox 1274 4610 1505 4676; x_wconf 93' lang='ita' dir='ltr'>stampa</span> <span class='ocrx_word' id='word_1_370' title='bbox 1528 4602 1626 4659; x_wconf 97' lang='ita' dir='ltr'>col</span> <span class='ocrx_word' id='word_1_371' title='bbox 1651 4601 2062 4676; x_wconf 98' lang='ita' dir='ltr'>frontespizio.</span> <span class='ocrx_word' id='word_1_372' title='bbox 2092 4602 2405 4676; x_wconf 92' lang='ita' dir='ltr'>Opuscolo</span> <span class='ocrx_word' id='word_1_373' title='bbox 2429 4620 2579 4659; x_wconf 97' lang='ita' dir='ltr'>raro.</span> 
     </span>
    </p>
   </div>
   <div class='ocr_carea' id='block_1_13' title="bbox 475 4816 4484 5021">
    <p class='ocr_par' dir='ltr' id='par_1_15' title="bbox 475 4816 4484 5021">
     <span class='ocr_line' id='line_1_33' title="bbox 475 4816 4484 4906; baseline 0 -21"><span class='ocrx_word' id='word_1_374' title='bbox 475 4817 682 4885; x_wconf 98' lang='ita'>1771.</span> <span class='ocrx_word' id='word_1_375' title='bbox 724 4817 1245 4902; x_wconf 89' lang='ita' dir='ltr'>QUEN-STEDT</span> <span class='ocrx_word' id='word_1_376' title='bbox 1273 4818 1380 4885; x_wconf 83' lang='ita' dir='ltr'>Io.</span> <span class='ocrx_word' id='word_1_377' title='bbox 1420 4816 1776 4898; x_wconf 86' lang='ita' dir='ltr'>Andreae,</span> <span class='ocrx_word' id='word_1_378' title='bbox 1818 4816 2197 4906; x_wconf 90' lang='ita' dir='ltr'>Sepultura</span> <span class='ocrx_word' id='word_1_379' title='bbox 2231 4827 2576 4898; x_wconf 92' lang='ita' dir='ltr'>veterum,</span> <span class='ocrx_word' id='word_1_380' title='bbox 2619 4816 2773 4885; x_wconf 90' lang='ita' dir='ltr'>sive</span> <span class='ocrx_word' id='word_1_381' title='bbox 2808 4827 3141 4885; x_wconf 90' lang='ita' dir='ltr'>tractatus</span> <span class='ocrx_word' id='word_1_382' title='bbox 3180 4816 3269 4885; x_wconf 97' lang='ita' dir='ltr'>de</span> <span class='ocrx_word' id='word_1_383' title='bbox 3307 4816 3615 4906; x_wconf 90' lang='ita' dir='ltr'>antiquis</span> <span class='ocrx_word' id='word_1_384' title='bbox 3652 4816 3903 4885; x_wconf 88' lang='ita' dir='ltr'>ritibus</span> <span class='ocrx_word' id='word_1_385' title='bbox 3943 4816 4484 4906; x_wconf 89' lang='ita' dir='ltr'>sepulcralibus,</span> 
     </span>
     <span class='ocr_line' id='line_1_34' title="bbox 711 4931 1744 5021; baseline -0.001 -21"><span class='ocrx_word' id='word_1_386' title='bbox 711 4931 1246 5021; x_wconf 88' lang='ita' dir='ltr'>Witembergae</span> <span class='ocrx_word' id='word_1_387' title='bbox 1284 4931 1492 5013; x_wconf 98' lang='ita'>1660,</span> <span class='ocrx_word' id='word_1_388' title='bbox 1525 4931 1599 4999; x_wconf 90' lang='ita' dir='ltr'>in</span> <span class='ocrx_word' id='word_1_389' title='bbox 1637 4932 1744 5000; x_wconf 99' lang='ita'>12.</span> 
     </span>
    </p>
   </div>
   <div class='ocr_carea' id='block_1_14' title="bbox 475 5161 4403 5251">
    <p class='ocr_par' dir='ltr' id='par_1_16' title="bbox 475 5161 4403 5251">
     <span class='ocr_line' id='line_1_35' title="bbox 475 5161 4403 5251; baseline -0 -21"><span class='ocrx_word' id='word_1_390' title='bbox 475 5162 682 5230; x_wconf 98' lang='ita'>1772.</span> <span class='ocrx_word' id='word_1_391' title='bbox 717 5162 1023 5247; x_wconf 89' lang='ita' dir='ltr'>QUERCI</span> <span class='ocrx_word' id='word_1_392' title='bbox 1046 5161 1418 5251; x_wconf 91' lang='ita' dir='ltr'>Giuseppe</span> <span class='ocrx_word' id='word_1_393' title='bbox 1447 5163 1579 5243; x_wconf 98' lang='ita' dir='ltr'>M.,</span> <span class='ocrx_word' id='word_1_394' title='bbox 1612 5161 1752 5230; x_wconf 94' lang='ita' dir='ltr'>Del</span> <span class='ocrx_word' id='word_1_395' title='bbox 1782 5172 1992 5251; x_wconf 92' lang='ita' dir='ltr'>gusto</span> <span class='ocrx_word' id='word_1_396' title='bbox 2021 5183 2148 5251; x_wconf 91' lang='ita' dir='ltr'>per</span> <span class='ocrx_word' id='word_1_397' title='bbox 2177 5161 2276 5251; x_wconf 91' lang='ita' dir='ltr'>gli</span> <span class='ocrx_word' id='word_1_398' title='bbox 2307 5161 2512 5230; x_wconf 90' lang='ita' dir='ltr'>odori</span> <span class='ocrx_word' id='word_1_399' title='bbox 2543 5161 2736 5251; x_wconf 91' lang='ita' dir='ltr'>degli</span> <span class='ocrx_word' id='word_1_400' title='bbox 2768 5161 3033 5230; x_wconf 90' lang='ita' dir='ltr'>antichi</span> <span class='ocrx_word' id='word_1_401' title='bbox 3063 5161 3397 5243; x_wconf 90' lang='ita' dir='ltr'>Romani,</span> <span class='ocrx_word' id='word_1_402' title='bbox 3431 5163 3668 5230; x_wconf 92' lang='ita' dir='ltr'>Roma</span> <span class='ocrx_word' id='word_1_403' title='bbox 3704 5161 3912 5243; x_wconf 98' lang='ita'>1764,</span> <span class='ocrx_word' id='word_1_404' title='bbox 3945 5161 4019 5229; x_wconf 90' lang='ita' dir='ltr'>in</span> <span class='ocrx_word' id='word_1_405' title='bbox 4047 5162 4115 5243; x_wconf 99' lang='ita'>4,</span> <span class='ocrx_word' id='word_1_406' title='bbox 4147 5163 4253 5230; x_wconf 99' lang='ita' dir='ltr'>M.</span> <span class='ocrx_word' id='word_1_407' title='bbox 4288 5162 4403 5230; x_wconf 99' lang='ita'>21.</span> 
     </span>
    </p>
   </div>
   <div class='ocr_carea' id='block_1_15' title="bbox 475 5391 4486 5481">
    <p class='ocr_par' dir='ltr' id='par_1_17' title="bbox 475 5391 4486 5481">
     <span class='ocr_line' id='line_1_36' title="bbox 475 5391 4486 5481; baseline 0 -21"><span class='ocrx_word' id='word_1_408' title='bbox 475 5392 682 5460; x_wconf 98' lang='ita'>1773.</span> <span class='ocrx_word' id='word_1_409' title='bbox 749 5393 1132 5460; x_wconf 87' lang='ita' dir='ltr'>RABASCO</span> <span class='ocrx_word' id='word_1_410' title='bbox 1191 5391 1601 5473; x_wconf 89' lang='ita' dir='ltr'>Ottaviano,</span> <span class='ocrx_word' id='word_1_411' title='bbox 1668 5391 1723 5459; x_wconf 98' lang='ita' dir='ltr'>Il</span> <span class='ocrx_word' id='word_1_412' title='bbox 1786 5391 2125 5473; x_wconf 90' lang='ita' dir='ltr'>Convito,</span> <span class='ocrx_word' id='word_1_413' title='bbox 2192 5413 2463 5460; x_wconf 91' lang='ita' dir='ltr'>ovvero</span> <span class='ocrx_word' id='word_1_414' title='bbox 2528 5391 2833 5460; x_wconf 90' lang='ita' dir='ltr'>discorsi</span> <span class='ocrx_word' id='word_1_415' title='bbox 2897 5391 2969 5460; x_wconf 91' lang='ita' dir='ltr'>di</span> <span class='ocrx_word' id='word_1_416' title='bbox 3032 5391 3272 5481; x_wconf 95' lang='ita' dir='ltr'>quelle</span> <span class='ocrx_word' id='word_1_417' title='bbox 3334 5391 3650 5473; x_wconf 90' lang='ita' dir='ltr'>materie,</span> <span class='ocrx_word' id='word_1_418' title='bbox 3717 5391 3851 5460; x_wconf 98' lang='ita' dir='ltr'>che</span> <span class='ocrx_word' id='word_1_419' title='bbox 3915 5391 3981 5460; x_wconf 90' lang='ita' dir='ltr'>al</span> <span class='ocrx_word' id='word_1_420' title='bbox 4044 5391 4361 5460; x_wconf 90' lang='ita' dir='ltr'>Convito</span> <span class='ocrx_word' id='word_1_421' title='bbox 4427 5391 4486 5460; x_wconf 90' lang='ita' dir='ltr'>si</span> 
     </span>
    </p>
   </div>
   <div class='ocr_carea' id='block_1_16' title="bbox 711 5506 4488 5788">
    <p class='ocr_par' dir='ltr' id='par_1_18' title="bbox 711 5506 4488 5788">
     <span class='ocr_line' id='line_1_37' title="bbox 714 5506 2689 5596; baseline -0.001 -21"><span class='ocrx_word' id='word_1_422' title='bbox 714 5517 1272 5596; x_wconf 90' lang='ita' dir='ltr'>appartengono,</span> <span class='ocrx_word' id='word_1_423' title='bbox 1305 5506 1601 5575; x_wconf 91' lang='ita' dir='ltr'>Firenze</span> <span class='ocrx_word' id='word_1_424' title='bbox 1639 5506 1848 5588; x_wconf 98' lang='ita'>1615,</span> <span class='ocrx_word' id='word_1_425' title='bbox 1880 5528 2131 5596; x_wconf 91' lang='ita' dir='ltr'>presso</span> <span class='ocrx_word' id='word_1_426' title='bbox 2161 5506 2184 5574; x_wconf 90' lang='ita' dir='ltr'>i</span> <span class='ocrx_word' id='word_1_427' title='bbox 2215 5506 2487 5588; x_wconf 90' lang='ita' dir='ltr'>Giunti,</span> <span class='ocrx_word' id='word_1_428' title='bbox 2520 5506 2594 5574; x_wconf 90' lang='ita' dir='ltr'>in</span> <span class='ocrx_word' id='word_1_429' title='bbox 2622 5507 2689 5575; x_wconf 99' lang='ita'>4.</span> 
     </span>
     <span class='ocr_line' id='line_1_38' title="bbox 711 5617 4488 5692; baseline 0 -17"><span class='ocrx_word' id='word_1_430' title='bbox 711 5617 1008 5675; x_wconf 92' lang='ita' dir='ltr'>Dedicato</span> <span class='ocrx_word' id='word_1_431' title='bbox 1043 5636 1077 5675; x_wconf 97' lang='ita' dir='ltr'>a</span> <span class='ocrx_word' id='word_1_432' title='bbox 1107 5619 1181 5675; x_wconf 93' lang='ita' dir='ltr'>D.</span> <span class='ocrx_word' id='word_1_433' title='bbox 1219 5618 1399 5675; x_wconf 90' lang='ita' dir='ltr'>Carlo</span> <span class='ocrx_word' id='word_1_434' title='bbox 1432 5617 1682 5675; x_wconf 97' lang='ita' dir='ltr'>Medici.</span> <span class='ocrx_word' id='word_1_435' title='bbox 1719 5619 1805 5675; x_wconf 97' lang='ita' dir='ltr'>La</span> <span class='ocrx_word' id='word_1_436' title='bbox 1836 5617 2084 5675; x_wconf 93' lang='ita' dir='ltr'>materia</span> <span class='ocrx_word' id='word_1_437' title='bbox 2116 5617 2292 5675; x_wconf 99' lang='ita' dir='ltr'>viene</span> <span class='ocrx_word' id='word_1_438' title='bbox 2326 5617 2546 5675; x_wconf 97' lang='ita' dir='ltr'>esurita</span> <span class='ocrx_word' id='word_1_439' title='bbox 2577 5636 2610 5675; x_wconf 99' lang='ita' dir='ltr'>e</span> <span class='ocrx_word' id='word_1_440' title='bbox 2643 5626 2874 5675; x_wconf 97' lang='ita' dir='ltr'>trattata</span> <span class='ocrx_word' id='word_1_441' title='bbox 2904 5617 2967 5674; x_wconf 99' lang='ita' dir='ltr'>in</span> <span class='ocrx_word' id='word_1_442' title='bbox 2999 5626 3212 5692; x_wconf 98' lang='ita' dir='ltr'>questo</span> <span class='ocrx_word' id='word_1_443' title='bbox 3246 5617 3400 5675; x_wconf 90' lang='ita' dir='ltr'>libro</span> <span class='ocrx_word' id='word_1_444' title='bbox 3434 5636 3551 5675; x_wconf 97' lang='ita' dir='ltr'>con</span> <span class='ocrx_word' id='word_1_445' title='bbox 3583 5618 3772 5675; x_wconf 93' lang='ita' dir='ltr'>molta</span> <span class='ocrx_word' id='word_1_446' title='bbox 3803 5617 4167 5675; x_wconf 97' lang='ita' dir='ltr'>erudizione.</span> <span class='ocrx_word' id='word_1_447' title='bbox 4204 5618 4488 5675; x_wconf 97' lang='ita' dir='ltr'>L’autore</span> 
     </span>
     <span class='ocr_line' id='line_1_39' title="bbox 713 5713 3102 5788; baseline 0 -17"><span class='ocrx_word' id='word_1_448' title='bbox 713 5732 862 5771; x_wconf 97' lang='ita' dir='ltr'>avea</span> <span class='ocrx_word' id='word_1_449' title='bbox 885 5713 1186 5788; x_wconf 93' lang='ita' dir='ltr'>composti</span> <span class='ocrx_word' id='word_1_450' title='bbox 1212 5713 1401 5771; x_wconf 97' lang='ita' dir='ltr'>anche</span> <span class='ocrx_word' id='word_1_451' title='bbox 1427 5713 1505 5771; x_wconf 94' lang='ita'>50</span> <span class='ocrx_word' id='word_1_452' title='bbox 1531 5713 1786 5771; x_wconf 97' lang='ita' dir='ltr'>discorsi</span> <span class='ocrx_word' id='word_1_453' title='bbox 1811 5713 2140 5771; x_wconf 97' lang='ita' dir='ltr'>conviviali</span> <span class='ocrx_word' id='word_1_454' title='bbox 2165 5713 2276 5771; x_wconf 97' lang='ita' dir='ltr'>che</span> <span class='ocrx_word' id='word_1_455' title='bbox 2302 5713 2464 5771; x_wconf 99' lang='ita' dir='ltr'>forse</span> <span class='ocrx_word' id='word_1_456' title='bbox 2488 5732 2610 5771; x_wconf 99' lang='ita' dir='ltr'>non</span> <span class='ocrx_word' id='word_1_457' title='bbox 2635 5713 2844 5771; x_wconf 99' lang='ita' dir='ltr'>videro</span> <span class='ocrx_word' id='word_1_458' title='bbox 2870 5714 2928 5771; x_wconf 98' lang='ita' dir='ltr'>la</span> <span class='ocrx_word' id='word_1_459' title='bbox 2951 5714 3102 5771; x_wconf 97' lang='ita' dir='ltr'>luce.</span> 
     </span>
    </p>
   </div>
   <div class='ocr_carea' id='block_1_17' title="bbox 475 5928 4487 6133">
    <p class='ocr_par' dir='ltr' id='par_1_19' title="bbox 475 5928 4487 6133">
     <span class='ocr_line' id='line_1_40' title="bbox 475 5928 4487 6018; baseline -0 -21"><span class='ocrx_word' id='word_1_460' title='bbox 475 5929 682 5997; x_wconf 98' lang='ita'>1774.</span> <span class='ocrx_word' id='word_1_461' title='bbox 720 5930 1157 5997; x_wconf 87' lang='ita' dir='ltr'>RACCOLTA</span> <span class='ocrx_word' id='word_1_462' title='bbox 1185 5928 1257 5997; x_wconf 91' lang='ita' dir='ltr'>di</span> <span class='ocrx_word' id='word_1_463' title='bbox 1293 5928 1682 5997; x_wconf 90' lang='ita' dir='ltr'>caricature</span> <span class='ocrx_word' id='word_1_464' title='bbox 1716 5928 1788 5997; x_wconf 91' lang='ita' dir='ltr'>di</span> <span class='ocrx_word' id='word_1_465' title='bbox 1823 5928 2057 6018; x_wconf 90' lang='ita' dir='ltr'>Parigi</span> <span class='ocrx_word' id='word_1_466' title='bbox 2092 5950 2131 5997; x_wconf 97' lang='ita' dir='ltr'>e</span> <span class='ocrx_word' id='word_1_467' title='bbox 2166 5928 2238 5997; x_wconf 91' lang='ita' dir='ltr'>di</span> <span class='ocrx_word' id='word_1_468' title='bbox 2272 5928 2578 6010; x_wconf 90' lang='ita' dir='ltr'>Londra,</span> <span class='ocrx_word' id='word_1_469' title='bbox 2616 5928 2806 5997; x_wconf 97' lang='ita' dir='ltr'>delle</span> <span class='ocrx_word' id='word_1_470' title='bbox 2839 5928 3034 6018; x_wconf 90' lang='ita' dir='ltr'>quali</span> <span class='ocrx_word' id='word_1_471' title='bbox 3067 5929 3155 5996; x_wconf 98' lang='ita'>41</span> <span class='ocrx_word' id='word_1_472' title='bbox 3201 5950 3382 5997; x_wconf 94' lang='ita' dir='ltr'>sono</span> <span class='ocrx_word' id='word_1_473' title='bbox 3418 5928 3739 6018; x_wconf 90' lang='ita' dir='ltr'>eseguite</span> <span class='ocrx_word' id='word_1_474' title='bbox 3773 5928 3847 5996; x_wconf 90' lang='ita' dir='ltr'>in</span> <span class='ocrx_word' id='word_1_475' title='bbox 3880 5928 4178 5997; x_wconf 90' lang='ita' dir='ltr'>Francia</span> <span class='ocrx_word' id='word_1_476' title='bbox 4211 5950 4250 5997; x_wconf 97' lang='ita' dir='ltr'>e</span> <span class='ocrx_word' id='word_1_477' title='bbox 4284 5929 4378 5996; x_wconf 99' lang='ita'>24</span> <span class='ocrx_word' id='word_1_478' title='bbox 4413 5928 4487 5996; x_wconf 90' lang='ita' dir='ltr'>in</span> 
     </span>
     <span class='ocr_line' id='line_1_41' title="bbox 712 6043 2880 6133; baseline 0 -22"><span class='ocrx_word' id='word_1_479' title='bbox 712 6043 1149 6133; x_wconf 89' lang='ita' dir='ltr'>Inghilterra.</span> <span class='ocrx_word' id='word_1_480' title='bbox 1185 6043 1456 6133; x_wconf 91' lang='ita' dir='ltr'>Saggio</span> <span class='ocrx_word' id='word_1_481' title='bbox 1489 6043 1715 6112; x_wconf 91' lang='ita' dir='ltr'>scelto</span> <span class='ocrx_word' id='word_1_482' title='bbox 1745 6043 1853 6112; x_wconf 90' lang='ita' dir='ltr'>fra</span> <span class='ocrx_word' id='word_1_483' title='bbox 1880 6043 1948 6112; x_wconf 98' lang='ita' dir='ltr'>le</span> <span class='ocrx_word' id='word_1_484' title='bbox 1976 6043 2101 6133; x_wconf 90' lang='ita' dir='ltr'>più</span> <span class='ocrx_word' id='word_1_485' title='bbox 2133 6043 2475 6133; x_wconf 90' lang='ita' dir='ltr'>singolari</span> <span class='ocrx_word' id='word_1_486' title='bbox 2506 6065 2545 6112; x_wconf 97' lang='ita' dir='ltr'>e</span> <span class='ocrx_word' id='word_1_487' title='bbox 2576 6043 2880 6112; x_wconf 90' lang='ita' dir='ltr'>curiose.</span> 
     </span>
    </p>
   </div>
   <div class='ocr_carea' id='block_1_18' title="bbox 711 6154 2153 6229">
    <p class='ocr_par' dir='ltr' id='par_1_20' title="bbox 711 6154 2153 6229">
     <span class='ocr_line' id='line_1_42' title="bbox 711 6154 2153 6229; baseline 0 -17"><span class='ocrx_word' id='word_1_488' title='bbox 711 6156 795 6212; x_wconf 97' lang='ita' dir='ltr'>Le</span> <span class='ocrx_word' id='word_1_489' title='bbox 818 6154 1010 6229; x_wconf 93' lang='ita' dir='ltr'>prime</span> <span class='ocrx_word' id='word_1_490' title='bbox 1037 6173 1188 6212; x_wconf 98' lang='ita' dir='ltr'>sono</span> <span class='ocrx_word' id='word_1_491' title='bbox 1214 6154 1385 6229; x_wconf 97' lang='ita' dir='ltr'>quasi</span> <span class='ocrx_word' id='word_1_492' title='bbox 1409 6163 1554 6212; x_wconf 99' lang='ita' dir='ltr'>tutte</span> <span class='ocrx_word' id='word_1_493' title='bbox 1579 6154 1640 6212; x_wconf 99' lang='ita' dir='ltr'>di</span> <span class='ocrx_word' id='word_1_494' title='bbox 1666 6154 1888 6212; x_wconf 97' lang='ita' dir='ltr'>Orazio</span> <span class='ocrx_word' id='word_1_495' title='bbox 1913 6156 2153 6212; x_wconf 91' lang='ita' dir='ltr'>Vernet.</span> 
     </span>
    </p>
   </div>
   <div class='ocr_carea' id='block_1_19' title="bbox 475 6366 4486 6458">
    <p class='ocr_par' dir='ltr' id='par_1_21' title="bbox 475 6366 4486 6458">
     <span class='ocr_line' id='line_1_43' title="bbox 475 6366 4486 6458; baseline 0 -21"><span class='ocrx_word' id='word_1_496' title='bbox 475 6368 682 6437; x_wconf 98' lang='ita'>1775.</span> <span class='ocrx_word' id='word_1_497' title='bbox 737 6366 1201 6437; x_wconf 91' lang='ita' dir='ltr'>RÉCERCHES</span> <span class='ocrx_word' id='word_1_498' title='bbox 1252 6390 1369 6437; x_wconf 91' lang='ita' dir='ltr'>sur</span> <span class='ocrx_word' id='word_1_499' title='bbox 1417 6368 1522 6437; x_wconf 93' lang='ita' dir='ltr'>les</span> <span class='ocrx_word' id='word_1_500' title='bbox 1575 6379 1940 6437; x_wconf 92' lang='ita' dir='ltr'>costumes</span> <span class='ocrx_word' id='word_1_501' title='bbox 1993 6379 2062 6437; x_wconf 92' lang='ita' dir='ltr'>et</span> <span class='ocrx_word' id='word_1_502' title='bbox 2113 6390 2230 6437; x_wconf 91' lang='ita' dir='ltr'>sur</span> <span class='ocrx_word' id='word_1_503' title='bbox 2278 6368 2383 6437; x_wconf 93' lang='ita' dir='ltr'>les</span> <span class='ocrx_word' id='word_1_504' title='bbox 2434 6368 2740 6437; x_wconf 86' lang='ita' dir='ltr'>theatres</span> <span class='ocrx_word' id='word_1_505' title='bbox 2793 6368 2883 6437; x_wconf 98' lang='ita' dir='ltr'>de</span> <span class='ocrx_word' id='word_1_506' title='bbox 2932 6379 3166 6437; x_wconf 92' lang='ita' dir='ltr'>toutes</span> <span class='ocrx_word' id='word_1_507' title='bbox 3218 6368 3323 6437; x_wconf 93' lang='ita' dir='ltr'>les</span> <span class='ocrx_word' id='word_1_508' title='bbox 3375 6368 3659 6437; x_wconf 90' lang='ita' dir='ltr'>nations</span> <span class='ocrx_word' id='word_1_509' title='bbox 3710 6379 3859 6437; x_wconf 90' lang='ita' dir='ltr'>tant</span> <span class='ocrx_word' id='word_1_510' title='bbox 3909 6368 4294 6437; x_wconf 91' lang='ita' dir='ltr'>anciennes</span> <span class='ocrx_word' id='word_1_511' title='bbox 4346 6390 4486 6458; x_wconf 96' lang='ita' dir='ltr'>que</span> 
     </span>
    </p>
   </div>
   <div class='ocr_carea' id='block_1_20' title="bbox 522 6604 4439 6608">
    <p class='ocr_par' dir='ltr' id='par_1_22' title="bbox 522 6604 4439 6608">
     <span class='ocr_line' id='line_1_44' title="bbox 522 6604 4439 6608; baseline 0 0"><span class='ocrx_word' id='word_1_512' title='bbox 522 6604 4439 6608; x_wconf 95' lang='ita' dir='ltr'> </span> 
     </span>
    </p>
   </div>
   <div class='ocr_carea' id='block_1_21' title="bbox 2171 6637 2791 6710">
    <p class='ocr_par' dir='ltr' id='par_1_23' title="bbox 2171 6637 2791 6710">
     <span class='ocr_line' id='line_1_45' title="bbox 2171 6637 2791 6710; baseline 0 -16"><span class='ocrx_word' id='word_1_513' title='bbox 2171 6657 2347 6694; x_wconf 88' lang='ita' dir='ltr'>WWW.</span> <span class='ocrx_word' id='word_1_514' title='bbox 2358 6637 2734 6710; x_wconf 78' lang='ita' dir='ltr'>memofonte.</span> <span class='ocrx_word' id='word_1_515' title='bbox 2748 6639 2791 6694; x_wconf 77' lang='ita' dir='ltr'>il</span> 
     </span>
    </p>
   </div>
  </div>
 </body>
</html>
