4958 7017
1981 864 2366 922 Fondazione
2390 864 2775 922 Memofonte
2800 865 2976 922 onlus

1390 960 1600 1018 Studio
1624 979 1731 1035 per
1754 960 2226 1018 l’elaborazione
2250 960 2632 1018 informatica
2655 961 2813 1018 delle
2838 960 2991 1018 fonti
3018 960 3571 1018 storico—artistiche

483 1251 690 1320 1857.
724 1253 1000 1333 BORIA,
1032 1251 1487 1320 Emblemata
1515 1251 1818 1320 moralia
1848 1251 2109 1341 scripta
2136 1251 2505 1341 quondam
2533 1251 2928 1341 hispanice,
2961 1251 3284 1320 Berolini
3323 1251 3531 1333 1697,
3564 1251 3638 1319 in
3666 1252 3734 1333 4,
3767 1251 3893 1341 fig.

714 1363 878 1420 Sono
906 1363 1019 1420 301
1049 1363 1209 1420 belle
1233 1363 1433 1420 tavole
1458 1381 1575 1420 con
1599 1362 1858 1437 eleganti
1882 1362 2277 1420 illustrazioni
2301 1362 2363 1419 in
2385 1381 2582 1437 prosa:
2612 1381 2755 1420 mar.
2784 1363 2908 1420 dor.
2936 1363 3198 1437 Esempl.
3226 1362 3652 1437 Malborough.

479 1558 686 1627 1858.
732 1560 1151 1627 BORSETTA
1187 1559 1475 1640 Cesare,
1521 1558 1849 1627 Discorsi
1892 1558 2083 1627 della
2122 1569 2369 1627 natura
2409 1558 2600 1627 delle
2641 1558 2953 1648 imprese
2995 1580 3034 1627 e
3076 1558 3267 1627 della
3306 1558 3666 1627 modestia
3706 1558 4127 1640 descrittori,
4172 1560 4483 1640 Verona,

712 1673 904 1742 nella
934 1673 1317 1763 stamperia
1345 1673 1417 1742 di
1446 1673 1737 1763 Angelo
1767 1675 2017 1755 Tamo,
2059 1673 2267 1755 1602,
2300 1673 2374 1741 in
2402 1674 2469 1742 4.

713 1785 1109 1859 Opuscoletto
1137 1784 1437 1859 singolare
1462 1803 1495 1842 e
1522 1793 1816 1859 stampato
1841 1784 1903 1841 in
1925 1784 2025 1842 bei
2050 1784 2319 1842 caratteri
2342 1784 2581 1842 rotondi
2606 1784 2865 1842 difficile
2891 1803 2925 1842 a
2947 1784 3215 1842 trovarsi.

483 1999 690 2069 1869.
724 2001 1027 2081 BRUCK,
1059 1999 1514 2068 Emblemata
1541 1999 1844 2068 moralia
1872 2010 1941 2068 et
1966 1999 2251 2068 bellica.
2284 2000 2456 2089 Arg.
2500 1999 2707 2068 1615.

711 2114 1001 2183 Addita:
1034 2117 1171 2183 Les
1199 2114 1606 2183 Emblemes
1635 2138 1940 2183 moraux
1968 2128 2038 2183 et
2063 2114 2443 2183 militaires
2472 2114 2562 2183 de
2592 2114 2853 2196 Bruck,
2888 2114 3152 2183 Strasb.
3195 2114 3403 2196 1616,
3436 2114 3510 2182 in
3538 2115 3606 2196 4,
3639 2114 3765 2204 fig.

711 2225 1040 2300 L’intaglio
1069 2226 1102 2283 e
1130 2225 1191 2283 di
1218 2225 1473 2283 Marian.
1507 2226 1582 2283 37
1615 2244 1766 2283 sono
1795 2226 1851 2283 le
1879 2234 2037 2283 carte
2065 2225 2227 2300 degli
2256 2225 2543 2283 emblemi
2577 2227 2655 2300 [p.
2689 2226 2831 2295 318]
2864 2225 3095 2293 morali,
3126 2226 3202 2283 23
3234 2226 3433 2300 quelle
3462 2225 3624 2300 degli
3653 2225 3941 2283 emblemi
3969 2225 4227 2283 militari.
4261 2226 4489 2297 Questa

714 2322 978 2379 seconda
1001 2321 1279 2379 edizione
1304 2322 1402 2379 del
1434 2321 1590 2379 1616
1615 2340 1736 2379 non
1760 2322 1793 2379 e
1818 2321 1929 2379 che
1953 2340 2072 2379 una
2096 2321 2373 2379 versione
2399 2321 2672 2379 francese
2698 2322 2796 2379 del
2820 2330 2973 2379 testo
2999 2321 3183 2379 latino
3211 2340 3392 2379 senza
3415 2321 3627 2396 figure.

483 2516 690 2585 1860.
724 2518 1027 2598 BRUCK,
1054 2516 1509 2585 Emblemata
1535 2516 1853 2606 politica,
1885 2517 2057 2606 Arg.
2100 2516 2308 2598 1618,
2341 2516 2415 2584 in
2444 2517 2511 2585 4.

711 2628 888 2685 Bello
914 2628 1247 2702 esemplare
1272 2628 1432 2685 della
1453 2627 1781 2685 biblioteca
1804 2628 1902 2685 del
1926 2629 2100 2685 Duca
2123 2627 2184 2685 di
2208 2627 2633 2702 Malborough.

483 2823 690 2892 1861.
724 2825 1009 2892 BRUCK
1029 2825 1200 2905 Jac.,
1232 2823 1686 2892 Emblemata
1712 2823 2030 2913 politica,
2062 2823 2460 2913 Argentina
2497 2823 2705 2905 1618,
2738 2823 2812 2891 in
2840 2824 2907 2892 4.

714 2934 943 2992 Sonovi
989 2934 1067 2992 54
1111 2935 1311 2992 tavole
1355 2953 1478 2992 non
1521 2934 1906 3009 compresovi
1950 2934 1993 2991 il
2038 2934 2431 3009 frontespizio
2476 2934 2537 2992 di
2581 2935 2855 3009 elegante
2898 2934 3213 2992 incisione.
3261 2934 3447 2992 Unito
3493 2935 3548 2992 al
3590 2937 3685 2992 De
3728 2937 3847 3008 Bry
3889 2937 4285 2992 Proscenium
4329 2937 4487 2992 vitae

712 3031 1031 3088 humanae.

487 3225 694 3294 1862.
732 3227 905 3293 ERY
934 3226 1096 3310 (DE)
1126 3225 1460 3307 Teodori,
1497 3225 1966 3294 Proscenium
1998 3225 2188 3294 vitae
2220 3225 2577 3294 humanae
2613 3225 2767 3294 sive
2801 3225 3319 3294 emblematum
3354 3225 3830 3294 saecularium
3862 3225 4388 3294 iucundissima
4420 3236 4489 3294 et

714 3340 1321 3409 artificiosissima
1379 3340 1718 3409 varietate
1779 3340 1969 3409 vitae
2028 3340 2385 3409 humanae
2446 3351 2577 3409 etc.
2644 3351 2776 3409 etc.
2841 3340 3168 3409 versibus
3230 3340 3492 3422 latinis,
3557 3340 4011 3430 germanicis,
4076 3340 4357 3430 gallicis
4420 3351 4489 3409 et

710 3455 1016 3545 belgicis
1048 3466 1180 3524 etc.
1215 3455 1524 3524 decades
1558 3466 1856 3545 septem,
1888 3455 2191 3537 Francf.,
2223 3477 2350 3545 per
2377 3455 2648 3524 Theod.
2683 3455 2773 3524 de
2802 3457 2968 3545 Bry,
3010 3455 3218 3537 1621,
3251 3455 3325 3523 in
3358 3456 3420 3524 8.

712 3567 847 3624 Con
874 3566 1323 3641 elegantissime
1351 3585 1384 3624 e
1410 3585 1538 3624 rare
1565 3566 1848 3624 incisioni
1875 3566 1937 3623 in
1964 3567 2043 3624 74
2071 3567 2289 3634 tavole,
2320 3567 2478 3624 delle
2506 3566 2668 3641 quali
2695 3585 2813 3624 una
2839 3567 2872 3624 e
2899 3566 2942 3623 il
2970 3566 3381 3641 frontespizio,
3412 3567 3608 3624 l’altra
3633 3566 3676 3623 il
3705 3578 3876 3640 lypus
3903 3569 4209 3624 amicitiae
4238 3585 4271 3624 e
4298 3567 4371 3624 71
4405 3566 4488 3641 gli

712 3662 1016 3720 emblemi.
1044 3662 1225 3720 Libro
1251 3662 1510 3720 difficile
1536 3681 1570 3720 a
1592 3662 1844 3720 trovarsi
1871 3681 2051 3720 senza
2074 3662 2450 3720 mutilazioni
2473 3662 2622 3737 peri
2649 3662 2906 3737 soggetti
2931 3662 3103 3720 liberi
3127 3662 3189 3719 in
3213 3681 3352 3720 esso
3378 3662 3654 3737 espressi.

483 3877 690 3946 1863.
730 3879 903 3945 ERY
935 3878 1096 3962 (DE)
1129 3877 1462 3959 Teodori,
1501 3878 1688 3946 Acta
1720 3877 2149 3946 Mechmetii
2187 3878 2710 3946 Saracenorum
2744 3877 3117 3967 Principis:
3161 3877 3401 3946 addita
3433 3877 3797 3946 Vaticinia
3832 3877 4080 3946 Severi
4117 3888 4186 3946 et
4219 3877 4486 3946 Leonis

712 3992 786 4060 in
842 3992 1114 4061 oriente
1170 3994 1345 4082 Imp.
1406 4014 1574 4061 cum
1628 3992 2064 4082 quibusdam
2120 3992 2426 4061 aliorum
2481 4003 2612 4061 etc.
2672 3992 3005 4061 iconibus
3064 3992 3457 4061 artificiose
3512 3992 3586 4060 in
3643 4014 3802 4061 aere
3860 3992 4157 4082 sculptis
4213 3992 4489 4082 passim

713 4118 1054 4176 exornata
1084 4107 1238 4176 sine
1267 4107 1456 4189 loco,
1492 4107 1998 4192 (Francofurti)
2039 4107 2247 4189 1597,
2280 4107 2354 4175 in
2382 4108 2449 4176 4.

711 4218 888 4276 Dieci
927 4219 1127 4276 tavole
1167 4219 1316 4276 oltre
1355 4218 1398 4275 il
1436 4218 1775 4276 bellissimo
1817 4218 2210 4293 frontespizio
2251 4237 2477 4276 ornano
2517 4218 2560 4275 il
2598 4218 2794 4293 primo
2835 4219 3215 4293 opuscoletto
3256 4237 3289 4276 e
3336 4218 3408 4276 16
3449 4218 3736 4276 emblemi
3775 4218 4067 4293 intagliati
4107 4237 4225 4276 con
4264 4219 4487 4293 grande

713 4323 1098 4372 accuratezza
1120 4314 1389 4372 trovatisi
1414 4315 1512 4372 nel
1539 4315 1807 4372 secondo
1832 4316 1899 4371 In
1922 4323 2070 4372 tutto
2095 4315 2295 4372 tavole
2320 4314 2399 4372 26
2426 4323 2896 4389 accompagnate
2921 4315 3019 4372 dal
3043 4323 3197 4372 testo
3221 4314 3490 4372 relativo.

479 4509 686 4578 1864.
747 4511 1232 4578 BURGUNDIA
1282 4509 1667 4591 Antonius,
1726 4509 1989 4578 Mundi
2046 4509 2261 4599 Lapis
2320 4509 2587 4599 Lydias
2648 4509 2802 4578 sive
2858 4509 3135 4578 vanitas
3192 4531 3319 4599 per
3373 4509 3749 4578 veritatem
3804 4509 3971 4578 falsi
4030 4520 4364 4578 accusata
4420 4520 4489 4578 et

713 4624 1067 4706 convicta,
1099 4625 1443 4714 Antuerp.
1486 4624 1694 4706 1639,
1728 4624 1802 4692 in
1830 4625 1898 4706 4,
1931 4624 2057 4714 fig.

711 4735 791 4793 Vi
818 4754 968 4793 sono
993 4736 1071 4793 48
1098 4736 1298 4793 tavole
1322 4735 1628 4810 intagliate
1653 4754 1771 4793 con
1795 4735 2050 4810 qualche
2073 4735 2224 4793 brio:
2254 4736 2412 4793 delle
2437 4735 2599 4810 quali
2624 4736 2682 4793 la
2703 4735 2808 4810 più
2830 4744 2995 4810 parte
3020 4754 3177 4793 cono
3203 4744 3462 4793 marcate
3487 4736 3560 4793 A.
3588 4737 3649 4793 P.

483 4931 690 5000 1865.
730 4932 1149 5000 CABURACI
1175 4933 1281 5000 M.
1320 4933 1721 5000 Francesco
1757 4931 1849 5000 da
1882 4931 2131 5013 Imola,
2170 4933 2482 5000 Trattato
2518 4931 2707 5000 dove
2744 4931 2803 5000 si
2839 4931 3186 5000 dimostra
3218 4931 3270 4999 il
3304 4953 3478 5000 vero
3514 4953 3553 5000 e
3587 4953 3832 5000 nuovo
3867 4931 4090 5000 modo
4126 4931 4198 5000 di
4234 4931 4385 5000 fare
4419 4931 4488 5000 le

712 5046 1045 5136 imprese:
1107 5047 1269 5115 Con
1322 5068 1419 5115 un
1471 5046 1691 5115 breve
1747 5046 2074 5115 discorso
2129 5046 2203 5114 in
2258 5046 2494 5115 difesa
2547 5046 3052 5115 dell’Orlando
3108 5046 3386 5115 furioso
3442 5046 3514 5115 di
3568 5048 3674 5115 M.
3734 5046 4111 5115 Lodovico
4166 5046 4484 5128 Ariosto,

712 5161 1048 5251 Bologna
1084 5161 1292 5243 1580,
1325 5161 1399 5229 in
1427 5162 1494 5230 4.

483 5372 690 5441 1866.
729 5373 1051 5441 CALLOT
1076 5374 1405 5462 Jacques,
1442 5374 1599 5441 Lux
1634 5372 1967 5454 Claustri,
2004 5372 2074 5441 la
2105 5372 2406 5441 lumiere
2440 5372 2535 5441 du
2569 5372 2880 5441 cloustre
2912 5373 3364 5462 representée
3396 5394 3523 5462 par
3554 5372 3825 5462 figures
3862 5372 4484 5462 emblematiques,

712 5487 929 5569 Paris,
963 5487 1139 5556 chez
1170 5487 1537 5577 Langlois,
1579 5487 1787 5569 1646,
1820 5487 1894 5555 in
1922 5488 1989 5556 4.

711 5598 1045 5656 Ventisette
1069 5599 1270 5656 tavole
1294 5598 1582 5656 illustrate
1607 5617 1724 5656 con
1749 5598 1906 5656 versi
1931 5598 2115 5656 latini.

485 5795 578 5883 [p.
614 5794 784 5876 319]

475 6004 682 6073 1867.
741 6005 1195 6073 CAMERARII
1242 6004 1564 6094 Georgii,
1620 6004 2074 6073 Emblemata
2127 6004 2492 6086 amatoria,
2549 6004 2899 6086 Venetiis,
2959 6015 3217 6094 sumpt.
3275 6006 3347 6073 P.
3404 6006 3476 6073 P.
3534 6004 3785 6073 Tozzii
3840 6026 3928 6073 ex
3982 6004 4490 6094 Typographia

714 6119 1072 6201 Sarcinea,
1114 6119 1322 6201 1627,
1356 6119 1482 6209 fig.

711 6230 1132 6288 Piccolissimo
1168 6230 1404 6288 libretto
1439 6230 1501 6287 in
1542 6230 1614 6288 16
1648 6249 1755 6305 per
1787 6239 2070 6298 traverso,
2108 6230 2219 6288 che
2254 6230 2531 6288 contiene
2569 6231 2645 6288 80
2680 6231 2880 6288 tavole
2914 6230 2976 6287 in
3008 6249 3172 6288 rame
3207 6249 3527 6305 compreso
3562 6230 3605 6287 il
3640 6230 4032 6305 frontespizio
4068 6249 4101 6288 e
4136 6231 4196 6288 lo
4234 6239 4488 6288 stemma

711 6326 929 6394 Molin,
957 6326 1054 6384 cui
1079 6327 1112 6384 e
1137 6326 1415 6384 dedicato
1440 6326 1483 6383 il
1508 6326 1762 6384 libretto.

2171 6657 2347 6694 WWW.
2358 6637 2734 6710 memofonte.
2748 6639 2791 6694 il
