4958 7017
1981 864 2366 922 Fondazione
2390 838 2775 922 Memofonte
2800 865 2976 922 onlus

1390 960 1600 1018 Studio
1624 979 1731 1035 per
1754 960 2226 1018 l’elaborazione
2250 960 2632 1018 informatica
2655 961 2813 1018 delle
2838 960 2991 1018 fonti
3018 960 3571 1018 storico—artistiche

475 1348 690 1416 2430.
753 1348 1088 1416 CAMPER
1139 1347 1394 1429 Pierre,
1458 1348 1575 1416 On
1632 1370 1678 1437 y
1737 1369 1777 1416 a
1823 1347 2014 1437 joint
2068 1369 2209 1416 une
2267 1347 2724 1416 dissertation
2780 1347 3137 1437 physique
3198 1369 3315 1416 sur
3370 1347 3475 1416 les
3536 1347 3972 1416 differences
4031 1347 4287 1416 réelles
4346 1369 4486 1437 que

711 1473 1120 1552 presentent
1152 1462 1257 1531 les
1292 1462 1487 1531 traits
1524 1462 1619 1531 du
1653 1462 1904 1552 visage
1939 1462 2115 1531 chez
2151 1462 2256 1531 les
2291 1462 2625 1531 hommes
2662 1462 2751 1531 de
2786 1462 3162 1531 differents
3200 1463 3395 1552 àges;
3436 1484 3553 1531 sur
3585 1462 3653 1531 le
3686 1462 3872 1531 beau
3906 1462 4029 1552 qui
4065 1462 4487 1531 caractérise

712 1577 817 1646 les
861 1588 1124 1646 statues
1167 1577 1515 1667 autiques,
1560 1588 1629 1646 et
1666 1577 1772 1646 les
1812 1577 2079 1667 pierres
2122 1578 2441 1667 gravées.
2488 1577 2738 1646 Suivie
2778 1577 2867 1646 de
2906 1577 2976 1646 la
3013 1577 3466 1667 proposition
3506 1577 3729 1646 d’une
3768 1577 4108 1646 nouvelle
4147 1577 4488 1646 méthode

711 1714 893 1782 pour
930 1692 1254 1761 dessiner
1289 1703 1523 1761 toutes
1566 1703 1790 1761 sortes
1831 1692 1957 1761 des
1996 1693 2174 1761 tètes
2213 1692 2591 1761 humaines
2633 1714 2808 1761 avec
2847 1692 2917 1761 la
2952 1692 3114 1782 plus
3155 1692 3377 1782 grand
3417 1693 3670 1774 sùreté,
3712 1692 4010 1761 Utrecht
4055 1693 4263 1774 1791,
4305 1692 4379 1760 in
4416 1693 4484 1774 4,

712 1807 864 1897 fig.,
898 1829 1037 1876 con
1076 1808 1162 1876 10
1191 1807 1452 1876 tavole.

708 1919 907 1993 Opere
932 1918 1269 1976 dottissime
1294 1937 1327 1976 e
1351 1918 1934 1976 interessantissime.

475 2115 690 2183 2431.
727 2115 1098 2183 CARDANI
1127 2116 1215 2183 H.
1250 2114 1530 2183 Medici
1562 2114 2151 2196 mediolanensis,
2185 2114 2750 2204 Metoposcopia
2779 2114 2979 2183 libris
3011 2114 3330 2183 tredecm
3361 2125 3430 2183 et
3461 2114 3892 2204 octiogentis
3925 2114 4142 2183 faciei
4173 2114 4489 2183 humana

712 2229 1045 2298 iconibus
1095 2229 1500 2319 complexa,
1553 2229 1832 2298 accedit
1877 2229 2360 2319 melampodis
2410 2229 2499 2298 de
2546 2229 2795 2298 naevis
2839 2229 3159 2319 corporis
3207 2240 3541 2298 tractatus
3591 2251 3846 2319 graece
3894 2240 3963 2298 et
4008 2229 4247 2311 latine,
4298 2251 4487 2298 nunc

711 2344 1026 2434 primum
1075 2344 1339 2426 editiis;
1392 2344 1770 2434 interprete
1820 2344 2131 2413 Claudio
2180 2344 2498 2413 Martino
2548 2344 3053 2426 Laurenderio,
3106 2344 3429 2413 Lutetiae
3478 2344 3915 2413 Parisiorum
3972 2344 4180 2426 1658,
4233 2344 4307 2412 in
4356 2344 4483 2413 fol.

711 2455 892 2513 Libro
918 2455 1016 2513 dei
1040 2474 1220 2513 meno
1246 2455 1492 2513 comuni
1516 2455 1578 2512 in
1602 2464 1813 2530 questa
1836 2455 2098 2513 materia.

481 2652 574 2740 [p.
607 2651 780 2733 409]

475 2881 690 2949 2432.
728 2882 840 2949 De
873 2880 943 2949 la
975 2881 1396 2962 CHAMBRE,
1433 2881 1672 2949 L’arte
1706 2880 1823 2949 del
1857 2902 2209 2949 conoscer
2241 2880 2340 2970 gli
2373 2880 2654 2949 uomini
2687 2891 3107 2970 trasportata
3139 2880 3256 2949 dal
3288 2882 3639 2949 Francese
3674 2880 4126 2949 all’Italiano.
4164 2880 4489 2949 Venezia

721 2996 907 3064 1700
937 2995 1011 3063 in
1049 2996 1157 3077 13,

714 3107 908 3164 Senza
930 3107 1149 3174 tavole,
1177 3125 1357 3164 meno
1382 3106 1425 3163 il
1450 3106 1843 3181 frontespizio
1869 3106 2145 3181 figurato.

479 3303 694 3371 2433.
729 3303 1321 3384 CHIROMANTIA,
1353 3302 1919 3392 physiognomia
1947 3324 2036 3371 ex
2068 3313 2357 3392 aspecta
2384 3302 2876 3371 membrorum
2903 3302 3221 3371 hominis
3253 3313 3410 3384 etc.,
3444 3302 3800 3371 Coloniae
3838 3302 4046 3384 1543,
4079 3302 4153 3370 in
4186 3303 4249 3384 8,
4282 3302 4408 3392 fig.

713 3414 940 3485 Questa
963 3414 996 3471 e
1021 3413 1410 3471 un’edizione
1435 3414 1709 3488 elegante
1735 3432 1768 3471 e
1792 3413 1980 3471 nitida
2003 3414 2339 3488 dell’opera
2362 3413 2423 3471 di
2449 3413 2586 3471 Gio.
2614 3413 2901 3488 Indagine
2925 3413 2988 3470 in
3013 3413 3049 3471 6
3075 3413 3227 3471 libri.

483 3610 698 3678 2434.
741 3610 1102 3678 COCLITIS
1142 3609 1637 3678 Bartholomei
1678 3609 2147 3691 bononensis,
2193 3609 2776 3699 Phisiognomias
2821 3620 2890 3678 et
2931 3609 3405 3678 chiromantia
3446 3609 3984 3699 compendium,
4029 3609 4485 3699 Argentorati

721 3724 929 3806 1536,
962 3724 1036 3792 in
1069 3725 1132 3806 8,
1165 3724 1291 3814 fig.
1326 3746 1494 3793 cum
1522 3724 1734 3793 lineis
1764 3724 2014 3793 rubris.

713 3836 1207 3910 Quest’elegante
1243 3836 1577 3910 esemplare
1612 3835 1689 3893 ha
1724 3836 1780 3893 le
1815 3836 2015 3893 tavole
2050 3835 2357 3910 intagliate
2392 3835 2454 3892 in
2489 3836 2670 3910 legno
2707 3854 2824 3893 con
2857 3836 3019 3893 bella
3053 3835 3432 3903 esecuzione,
3471 3854 3504 3893 e
3539 3836 3637 3893 nel
3672 3844 3905 3893 trattato
3942 3836 4102 3893 della
4136 3835 4489 3893 fisionomia

714 3949 864 3988 sono
914 3930 1207 4005 impresse
1258 3930 1348 3988 fra
1395 3930 1438 3987 il
1488 3931 1714 3988 testo.ll
1764 3939 1996 3988 trattato
2045 3930 2150 4005 poi
2200 3930 2261 3988 di
2311 3930 2768 3988 chiromamtica
2816 3930 2918 4005 qui
2971 3939 3264 4005 stampato
3315 3931 3348 3988 e
3399 3931 3602 4005 quello
3656 3939 3848 3988 stesso
3899 3930 3960 3988 di
4010 3931 4254 3988 Andrea
4302 3930 4487 3988 Corvi

711 4026 1128 4084 mirandolano
1156 4045 1273 4084 con
1300 4027 1443 4084 altre
1469 4027 1688 4094 tavole,
1717 4045 1817 4084 ma
1840 4026 1945 4101 più
1971 4026 2231 4101 eleganti
2258 4045 2291 4084 e
2318 4027 2480 4084 nello
2510 4035 2702 4084 stesso
2730 4045 2980 4084 numero
3008 4026 3069 4084 di
3103 4026 3215 4084 157
3245 4026 3356 4084 che
3383 4045 3483 4084 era
3510 4035 3660 4084 stato
3686 4027 3967 4101 prodotto
3994 4027 4092 4084 nel
4126 4026 4299 4084 1520.
4329 4026 4488 4084 Vedi

713 4122 901 4180 anche
929 4125 1223 4180 Tricasso.

471 4318 686 4387 2435.
718 4319 1001 4387 CORVII
1025 4318 1360 4387 Andreae
1392 4318 1971 4400 mirandulensis,
2007 4318 2221 4387 Liber
2252 4318 2341 4387 de
2374 4318 2868 4400 chiromantia,
2904 4318 3254 4400 Venetiis,
3289 4340 3415 4408 per
3446 4318 3847 4408 Georgium
3879 4318 3968 4387 de
4000 4318 4484 4400 Rusconibus,

721 4433 929 4515 1520,
962 4433 1036 4501 in
1069 4434 1132 4515 8,
1165 4433 1291 4523 fig.

711 4545 759 4601 Il
801 4544 1193 4619 frontespizio
1237 4553 1579 4602 veramente
1621 4545 1654 4602 e
1696 4545 1827 4602 così
1869 4563 2165 4619 espresso:
2210 4544 2713 4602 Excellentissimi
2754 4556 2819 4602 al
2857 4544 3187 4618 singularis
3229 4547 3385 4612 viris,
3437 4547 3495 4602 in
3538 4545 3942 4602 chiromantia
3986 4547 4478 4612 exercitatissimi,

709 4643 995 4714 Magistri
1020 4641 1304 4698 Andreae
1340 4642 1523 4698 Corvi
1553 4640 2040 4698 mirandulensis.
2075 4641 2337 4715 L’opera
2367 4641 2400 4698 è
2432 4640 2708 4698 dedicata
2738 4659 2772 4698 a
2803 4640 2940 4698 Gio.
2975 4642 3308 4698 Francesco
3342 4641 3634 4715 Gonzaga
3664 4659 3781 4698 con
3819 4640 3931 4698 157
3965 4641 4165 4698 tavole
4197 4659 4230 4698 e
4261 4640 4304 4697 il
4335 4649 4487 4698 testo

714 4744 869 4793 sotto
895 4735 1195 4803 ciascuna,
1225 4744 1517 4810 stampata
1539 4735 1601 4792 in
1625 4735 1895 4793 caratteri
1920 4735 2125 4810 gotici;
2153 4736 2186 4793 è
2209 4754 2359 4793 raro.

479 4931 694 5000 2436.
727 4933 1093 5000 ELSOTHII
1115 4933 1316 5000 Joan.
1352 4931 1823 5021 Sigismundi,
1855 4931 2511 5021 Anthropometria,
2544 4931 2817 5000 Patavii
2856 4931 3064 5013 1656,
3097 4931 3171 4999 in
3204 4932 3266 5000 8.

702 5046 1058 5115 Accessit:
1094 5046 1441 5115 Doctrina
1468 5048 1885 5115 Naworum.

713 5158 942 5229 Questo
973 5157 1209 5215 libretto
1239 5158 1397 5215 delle
1424 5157 1811 5232 proporzioni
1840 5176 2058 5215 umane
2087 5157 2164 5215 ha
2192 5158 2248 5215 le
2276 5158 2477 5215 tavole
2505 5157 2568 5214 in
2596 5158 2777 5232 legno
2807 5157 3071 5232 fraposte
3101 5158 3157 5215 al
3185 5166 3339 5215 testo
3369 5158 3445 5215 ed
3473 5158 3506 5215 e
3533 5157 3823 5232 piuttosto
3852 5166 4084 5215 trattato
4114 5158 4191 5215 da
4220 5157 4487 5215 scrittore

712 5253 773 5311 di
798 5253 1151 5311 fisionomia
1174 5253 1286 5311 che
1311 5254 1388 5311 da
1412 5253 1627 5311 artista.

483 5449 698 5517 2437.
750 5450 1116 5517 ELSOTHII
1157 5450 1358 5517 Joan.
1413 5448 1883 5538 Sigismundi,
1934 5448 2591 5538 Anthropometria,
2646 5448 2800 5517 sive
2849 5448 2938 5517 de
2986 5459 3234 5517 mutua
3280 5448 3772 5517 membrorum
3820 5448 4140 5538 corporis
4189 5448 4485 5517 humani

711 5563 1194 5653 proportione.
1228 5563 1573 5645 Libellus,
1605 5563 2050 5632 Francofurti
2082 5563 2171 5632 ad
2201 5563 2519 5632 Oderam
2556 5563 2764 5645 1663,
2797 5563 2871 5631 in
2904 5564 2967 5645 8,
3000 5563 3126 5653 fig.

712 5675 847 5732 Con
869 5674 1066 5749 poche
1091 5674 1286 5749 figure
1310 5674 1617 5749 intagliate
1641 5674 1703 5731 in
1726 5693 1890 5732 rame
1915 5675 2064 5732 oltre
2088 5674 2131 5731 il
2154 5674 2378 5732 ritratto
2404 5675 2778 5732 dell’autore.
2806 5674 3099 5732 Edizione
3124 5674 3402 5749 migliore
3427 5675 3587 5732 della
3608 5675 3983 5749 precedente.

471 5871 686 5939 2438.
723 5872 1062 5939 FINELLA
1094 5870 1429 5960 Philippi,
1466 5872 1578 5939 De
1610 5870 2228 5960 Metroposcopia,
2268 5892 2394 5939 seu
2429 5870 3032 5960 methoposcopia
3063 5870 3364 5939 naturali
3398 5870 3560 5939 libri
3593 5881 3755 5952 tres,
3791 5870 4232 5960 Antuerpiae
4274 5870 4483 5952 1648,

712 5985 786 6053 in
819 5986 882 6067 8,
915 5985 1247 6075 figurato.

714 6097 878 6154 Sono
903 6105 1167 6154 trecento
1193 6096 1388 6171 figure
1413 6096 1474 6154 di
1499 6097 1678 6171 legno
1703 6096 1996 6171 impresse
2022 6096 2112 6154 fra
2134 6096 2177 6153 il
2201 6105 2354 6154 testo
2380 6096 2441 6154 di
2466 6096 2772 6154 mediocre
2797 6096 3174 6154 esecuzione.

475 6293 690 6362 2439.
730 6294 1047 6361 FUSCHII
1079 6292 1438 6361 Samuelis
1477 6292 1783 6361 Cuslino
1820 6292 2220 6374 Pomerani,
2259 6294 2566 6382 Metopo
2610 6294 2703 6382 [p.
2743 6293 2916 6375 410]
2963 6292 3213 6382 scopia
3248 6303 3317 6361 et
3352 6292 4051 6382 ophthalmoscopia,
4090 6292 4489 6382 Argentina

721 6407 929 6489 1615,
962 6407 1036 6475 in
1074 6408 1182 6489 12,
1215 6407 1341 6497 fig.
1375 6407 1565 6476 Vedi
1595 6407 1669 6475 in
1698 6409 2017 6495 Sagitari
2051 6409 2420 6495 Casparis.

2171 6657 2347 6694 WWW.
2358 6637 2734 6710 memofonte.
2748 6639 2766 6694 i
2770 6648 2791 6694 t
