4958 7017
1981 864 2366 922 Fondazione
2390 864 2775 922 Memofonte
2800 865 2976 922 onlus

1390 960 1600 1018 Studio
1624 979 1731 1035 per
1754 960 2226 1018 l’elaborazione
2250 960 2632 1018 informatica
2655 961 2813 1018 delle
2838 960 2991 1018 fonti
3018 960 3571 1018 storico—artistiche

706 1247 1047 1305 Utilissima
1071 1266 1105 1305 a
1128 1247 1387 1322 leggersi
1412 1248 1489 1305 da
1511 1247 1642 1305 tutti
1666 1247 1686 1304 i
1712 1247 2050 1305 costruttori
2075 1247 2136 1305 di
2161 1247 2386 1305 edifici.

474 1463 636 1532 894.
680 1464 797 1530 DE
831 1463 1048 1531 CADS
1087 1462 1458 1544 Salomon,
1501 1464 1639 1531 Les
1679 1462 1957 1531 raisons
1999 1462 2126 1531 des
2167 1462 2405 1531 forces
2447 1473 2874 1531 mouvantes
2917 1484 3093 1531 avec
3134 1462 3455 1531 diverses
3497 1462 3868 1531 machines
3908 1473 4057 1531 tant
4093 1462 4305 1531 utiles
4346 1484 4487 1552 que

706 1577 1118 1667 plaisantes,
1151 1577 1345 1646 Paris
1385 1577 1593 1659 1624,
1626 1577 1700 1645 in
1729 1577 1856 1646 fol.
1890 1577 2016 1667 fig.

709 1689 873 1746 Sono
912 1697 997 1746 tre
1036 1688 1171 1746 libri
1210 1688 1308 1746 dei
1347 1688 1510 1763 quali
1548 1688 1592 1745 il
1633 1689 1900 1746 secondo
1940 1688 2051 1746 che
2089 1697 2259 1746 tratta
2297 1689 2455 1746 delle
2495 1688 2741 1746 fontane
2780 1707 2813 1746 e
2851 1688 2894 1745 il
2932 1697 3095 1746 terzo
3135 1688 3298 1763 degli
3337 1688 3564 1763 organi,
3604 1689 3876 1746 rendono
3914 1688 4161 1763 ragione
4200 1688 4261 1746 di
4300 1689 4486 1746 molte

706 1784 1095 1842 meccaniche
1130 1786 1208 1859 [p.
1249 1784 1386 1854 167]
1422 1784 1533 1842 che
1562 1803 1684 1842 non
1716 1803 1866 1842 sono
1895 1784 2000 1859 più
2028 1784 2091 1841 in
2119 1803 2249 1842 uso.
2282 1786 2419 1842 Una
2445 1784 2735 1859 porzione
2765 1785 2923 1842 delle
2952 1785 3152 1842 tavole
3182 1785 3215 1842 e
3244 1784 3552 1859 intagliata
3579 1784 3642 1841 in
3671 1785 3851 1859 legno
3882 1803 3915 1842 e
3945 1785 4142 1842 l’altra
4169 1784 4232 1841 in
4259 1803 4423 1842 rame
4453 1803 4486 1842 e

706 1889 850 1938 tutte
877 1899 1028 1938 sono
1054 1881 1351 1938 collocate
1376 1880 1466 1938 fra
1488 1880 1531 1937 il
1555 1889 1727 1938 testo.

478 2075 640 2145 895.
675 2076 971 2144 CEREDI
994 2075 1387 2165 Giuseppe,
1420 2077 1555 2144 Tre
1585 2075 1890 2144 discorsi
1923 2075 2033 2144 sul
2062 2075 2285 2144 modo
2316 2075 2388 2144 di
2420 2075 2610 2144 alzar
2639 2097 2867 2165 acqua
2895 2075 3012 2144 dai
3042 2075 3292 2165 luoghi
3320 2075 3540 2157 bassi,
3573 2077 3826 2144 Parma
3862 2075 4070 2157 1567,
4103 2075 4177 2143 in
4210 2076 4273 2157 8,
4306 2075 4432 2165 fig.

474 2286 636 2356 896.
684 2287 980 2355 CEREDI
1016 2286 1410 2376 Giuseppe,
1456 2286 1907 2376 Aggiuntovi
1947 2286 2135 2355 Belli
2177 2286 2400 2356 Silvio
2450 2289 2838 2367 Vicentino,
2890 2286 3107 2355 Libro
3151 2286 3268 2355 del
3310 2286 3614 2355 misurar
3656 2286 3847 2355 colla
3887 2286 4093 2368 vista,
4139 2286 4484 2368 Venezia,

706 2423 957 2491 presso
988 2401 1359 2470 Giordano
1389 2401 1651 2483 Ziletti,
1694 2401 1880 2470 1566
1910 2401 1984 2469 in
2012 2402 2080 2483 4,
2112 2401 2251 2491 pic.
2285 2401 2411 2491 fig.

708 2513 990 2587 Operette
1022 2513 1185 2570 dotte
1217 2531 1250 2570 e
1280 2512 1613 2587 ingegnose
1645 2512 1706 2570 di
1737 2512 1969 2570 uomini
2003 2512 2223 2570 sommi
2253 2531 2360 2587 per
2390 2513 2535 2570 l’età
2564 2512 2626 2569 in
2657 2512 2754 2570 cui
2786 2512 3036 2580 vissero,
3071 2513 3229 2570 colle
3260 2513 3460 2570 tavole
3490 2513 3609 2570 ben
3640 2512 3949 2587 disegnate
3981 2513 4057 2570 ed
4087 2512 4393 2587 intagliate
4424 2512 4487 2569 in

707 2609 904 2683 legno.

478 2805 640 2874 897.
703 2805 1146 2886 CHIMNEYS,
1206 2805 1275 2872 A
1332 2804 1629 2894 pratical
1685 2804 1971 2873 treatise
2029 2826 2124 2873 on
2182 2804 2580 2894 Chimneys
2642 2804 3058 2894 containing
3116 2804 3251 2873 full
3309 2804 3698 2873 directions
3757 2804 3871 2873 for
3925 2804 4350 2894 preventing
4408 2826 4488 2873 or

706 2919 1085 3009 removing
1117 2919 1416 2988 smocke
1445 2919 1519 2987 in
1547 2919 1815 2988 houses
1846 2919 2243 2988 illustrated
2271 2919 2445 2988 with
2475 2941 2744 3009 copper
2770 2919 3021 3009 plates,
3053 2919 3500 3009 Edimburgh
3538 2919 3747 3001 1776,
3780 2919 3854 2987 in
3887 2920 3949 2988 8.

474 3131 636 3200 898.
675 3131 1142 3199 CLAVERING
1169 3130 1458 3212 Robert,
1495 3131 1614 3198 An
1648 3152 1860 3220 essay
1893 3152 1988 3199 on
2021 3130 2140 3199 the
2174 3130 2664 3199 construction
2699 3130 2838 3199 and
2868 3130 3199 3220 building
3233 3130 3319 3199 of
3346 3130 3722 3220 chimneys
3759 3152 3888 3212 ec.,
3925 3130 4232 3199 London
4275 3131 4484 3212 1779,

707 3245 781 3313 in
814 3246 877 3327 8,
910 3245 1036 3335 fig.
1071 3246 1233 3314 Con
1261 3267 1404 3314 una
1430 3245 1673 3314 tavola
1700 3245 2070 3335 intagliata
2097 3245 2171 3313 in
2199 3267 2416 3314 rame.
2449 3247 2555 3314 M.
2598 3246 2756 3314 104.

482 3456 644 3525 899.
722 3456 1186 3537 CLOCHARD,
1261 3455 1662 3524 Mémoires
1737 3455 2208 3545 explicatives
2283 3455 2409 3524 des
2484 3455 2716 3545 objets
2791 3466 3139 3524 contenus
3214 3455 3390 3524 dans
3464 3455 3534 3524 la
3603 3455 3955 3545 premiere
4028 3466 4097 3524 et
4170 3455 4486 3524 seconde

708 3570 1165 3639 distribution
1198 3570 1293 3639 du
1324 3570 1581 3639 terrain
1614 3570 1709 3639 du
1742 3570 2064 3639 Chateau
2097 3570 2186 3639 de
2218 3572 2630 3660 Trompette
2661 3592 2844 3660 pour
2874 3570 2979 3639 les
3004 3570 3279 3660 jardins
3314 3581 3383 3639 et
3412 3570 3890 3660 proménades
3923 3570 4363 3660 publiliques
4398 3570 4487 3639 de

707 3685 1113 3767 Bordeaux,
1146 3685 1220 3753 in
1248 3686 1316 3767 4,
1349 3685 1680 3775 figurato.

708 3797 937 3868 Questo
963 3796 1117 3854 libro
1143 3796 1208 3854 fu
1235 3805 1529 3871 stampato
1554 3797 1864 3854 nell’anno
1889 3798 2030 3854 VIII
2055 3797 2215 3854 della
2237 3798 2306 3854 R.
2335 3798 2628 3854 Francese
2653 3815 2771 3854 con
2794 3805 2943 3854 tutto
2968 3796 3011 3853 il
3036 3797 3203 3854 lusso
3228 3796 3271 3853 il
3294 3796 3399 3871 più
3424 3797 3697 3871 elegante
3723 3815 3756 3854 e
3781 3815 3898 3854 con
3921 3805 4006 3854 tre
4030 3797 4231 3854 tavole
4255 3796 4318 3853 in
4342 3815 4487 3871 gran

707 3892 900 3967 foglio
934 3911 1050 3950 ove
1085 3911 1235 3950 sono
1268 3892 1565 3967 disegnati
1598 3911 1631 3950 e
1662 3892 1955 3967 intagliati
1987 3892 2007 3949 i
2040 3892 2165 3950 vari
2196 3892 2453 3967 progetti
2485 3892 2546 3950 di
2579 3892 2991 3950 abbellimenti
3024 3911 3057 3950 e
3089 3892 3465 3950 monumenti
3495 3911 3602 3967 per
3632 3893 3834 3967 quella
3864 3892 4023 3960 città;
4059 3893 4393 3967 esemplare
4425 3892 4486 3950 di

707 3988 938 4046 dedica.

475 4204 640 4273 900.
675 4204 1120 4272 COLLESCHI
1142 4205 1565 4285 Francesco,
1598 4203 2138 4272 Dissertazione
2170 4203 2352 4272 sulle
2380 4214 2589 4293 poste
2619 4203 2812 4293 degli
2844 4203 3131 4285 antichi,
3164 4203 3461 4272 Firenze
3499 4203 3707 4285 1746,
3740 4203 3814 4271 in
3847 4204 3909 4272 8.

475 4415 640 4484 901.
675 4415 1045 4483 COMOLLI
1066 4416 1102 4483 ]
1112 4472 1123 4483 .
1157 4416 1265 4496 B.,
1298 4414 1536 4504 Projet
1564 4414 1786 4483 d’une
1815 4414 2139 4483 fontaine
2167 4414 2535 4504 publique,
2568 4416 2819 4483 Parme
2857 4415 3065 4496 1808,
3098 4414 3172 4482 in
3201 4414 3328 4483 fol.
3362 4414 3490 4504 fig.

708 4526 937 4597 Questo
970 4525 1123 4583 libro
1156 4525 1688 4600 magnificamente
1723 4534 2016 4600 stampato
2048 4526 2209 4583 nella
2238 4525 2598 4583 Bodoniana
2628 4525 2694 4583 fu
2726 4525 3004 4583 dedicato
3038 4526 3155 4583 alla
3183 4525 3557 4600 principessa
3586 4525 3752 4583 Elisa
3781 4527 4138 4600 Bonaparte.
4173 4527 4257 4583 Le
4288 4526 4488 4583 tavole

709 4639 859 4678 sono
899 4620 968 4678 15
1004 4639 1037 4678 e
1069 4621 1323 4678 l’autore
1354 4620 1416 4677 in
1447 4621 1632 4695 luogo
1665 4621 1763 4678 del
1793 4620 2017 4678 ritratto
2050 4621 2148 4678 del
2179 4629 2489 4678 mecenate
2521 4639 2558 4678 o
2591 4621 2883 4678 dell’eroe
2915 4621 3216 4678 celebrato
3248 4621 3408 4678 nella
3440 4639 3546 4678 sua
3575 4620 3955 4688 invenzione,
3988 4639 4139 4695 pose
4170 4620 4213 4677 il
4243 4620 4487 4695 proprio

705 4716 929 4774 ritratto
954 4717 1431 4774 modestamente
1456 4716 1517 4774 di
1542 4725 1751 4774 contro
1778 4717 1833 4774 al
1858 4716 2268 4791 frontespizio.

483 4913 648 4982 902.
725 4913 1103 4981 COSSETTI
1167 4912 1601 4994 Domenico,
1675 4912 2025 5002 Egualità,
2100 4934 2345 4981 nuovo
2417 4912 2912 4981 meccanismo
2984 4912 3423 4994 idrostatico,
3499 4912 3931 5002 applicabile
4004 4934 4044 4981 a
4113 4912 4221 4981 far
4292 4912 4486 5002 agire

707 5027 1119 5117 qualunque
1161 5038 1350 5096 sorta
1388 5027 1460 5096 di
1500 5027 1779 5109 mulini,
1823 5049 1862 5096 e
1900 5049 2026 5117 per
2063 5027 2380 5096 macinìo
2421 5049 2460 5096 e
2498 5049 2624 5117 per
2661 5027 3055 5109 fabbriche,
3098 5029 3352 5096 Parma
3398 5028 3606 5109 1798,
3649 5027 3723 5095 in
3761 5028 3829 5109 4,
3873 5049 3970 5117 gr.
4014 5027 4141 5117 fig.
4186 5027 4485 5096 Italiano

706 5144 1077 5211 Francese.

708 5254 1021 5328 Opuscolo
1047 5254 1524 5328 elegantemente
1551 5262 1846 5328 stampato
1872 5272 1989 5311 con
2012 5272 2130 5311 una
2152 5254 2354 5311 tavola
2377 5272 2464 5311 ec.

485 5470 578 5558 [p.
621 5468 784 5551 168]

475 5699 640 5768 903.
674 5700 1048 5780 DANFRIE,
1076 5698 1539 5767 Declaration
1569 5698 1658 5767 de
1687 5698 1971 5788 l’usage
2001 5698 2096 5767 du
2127 5698 2648 5788 graphometre,
2681 5698 2875 5767 Paris
2915 5698 3123 5780 1597,
3156 5698 3230 5766 in
3258 5699 3326 5780 4,
3359 5698 3486 5788 fig.

708 5810 909 5884 Opera
931 5809 1225 5884 impressa
1248 5828 1365 5867 con
1389 5809 1593 5867 cattivi
1618 5809 1888 5867 caratteri
1913 5809 2135 5867 corsivi
2160 5828 2193 5867 e
2219 5810 2431 5867 alcune
2455 5810 2656 5867 tavole
2681 5809 2772 5867 fra
2794 5809 2837 5866 il
2861 5818 3033 5877 testo,
3061 5810 3119 5867 la
3142 5809 3338 5867 forma
3361 5809 3459 5867 dei
3484 5809 3753 5867 caratteri
3778 5810 3811 5867 e
3836 5810 3994 5867 delle
4017 5809 4122 5884 più
4148 5809 4450 5884 singolari.

475 6024 640 6093 904.
694 6025 1196 6105 DESMAREST,
1244 6025 1478 6092 Lettre
1531 6045 1648 6092 sur
1695 6023 1800 6092 les
1852 6023 2271 6092 differentes
2325 6034 2550 6092 sortes
2602 6023 2691 6092 de
2739 6023 3229 6113 pouzzolanes
3281 6034 3350 6092 et
3396 6023 4049 6113 particulierement
4099 6045 4216 6092 sur
4264 6023 4485 6092 celles

707 6139 936 6228 qu’on
964 6149 1135 6228 peut
1161 6138 1326 6207 tirer
1354 6138 1443 6207 de
1472 6138 1945 6228 l’Auvergne,
1978 6138 2172 6207 Paris
2212 6139 2420 6220 1779,
2453 6138 2527 6206 in
2560 6139 2623 6220 8,
2656 6140 2762 6207 M.
2797 6138 2912 6207 63.
2947 6139 3109 6207 Con
3139 6138 3278 6207 due
3306 6138 3567 6207 tavole.

475 6369 640 6438 908.
678 6370 1208 6437 DESCRIZIONE
1241 6368 1433 6437 della
1468 6368 1657 6437 stufa
1689 6368 1761 6437 di
1795 6368 2254 6437 Pensilvania
2285 6368 2650 6437 inventata
2682 6368 2799 6437 dal
2834 6368 2981 6458 Sig.
3019 6368 3354 6450 Fraudili,
3391 6368 3716 6437 Venezia
3756 6369 3964 6450 1788,
4001 6368 4075 6436 in
4112 6369 4175 6450 8,
4212 6368 4339 6458 fig.
4376 6370 4483 6437 M.

2171 6657 2347 6694 WWW.
2358 6637 2734 6710 memofonte.
2748 6639 2791 6694 il
