4958 7017
1981 864 2366 922 Fondazione
2390 838 2775 922 Mernofonte
2800 865 2976 922 onlus

1390 960 1600 1018 Studio
1624 979 1731 1035 per
1754 960 2226 1018 l’elaborazione
2250 960 2632 1018 informatica
2655 961 2813 1018 delle
2838 960 2991 1018 fonti
3018 960 3571 1018 storico—artistiche

700 1248 927 1319 Questa
952 1248 1353 1322 grand’opera
1377 1247 1442 1305 fu
1467 1248 1525 1305 la
1547 1247 1742 1322 prima
1767 1266 1801 1305 a
1827 1247 2089 1305 stabilire
2115 1248 2173 1305 la
2197 1247 2360 1305 fama
2384 1247 2445 1305 di
2471 1256 2684 1322 questo
2709 1247 3095 1322 bibliografo,
3124 1266 3157 1305 e
3183 1248 3241 1305 la
3267 1266 3373 1305 sua
3396 1247 3691 1305 notorietà
3714 1248 4188 1305 bastantemente
4216 1266 4385 1305 serve
4412 1248 4487 1305 ad

698 1343 1031 1401 illustrarla.

473 1535 655 1593 4651.
685 1537 1122 1593 DICTIONAIRE
1146 1535 1690 1610 bibliographique,
1720 1535 2067 1610 historique,
2097 1544 2155 1593 et
2180 1535 2431 1610 critique
2458 1536 2565 1593 des
2593 1535 2773 1593 livres
2799 1554 2977 1603 rares,
3007 1535 3109 1610 qui
3136 1536 3310 1593 n’ont
3336 1554 3531 1593 aucun
3555 1535 3688 1610 prix
3715 1535 3840 1593 fixe
3866 1544 3990 1593 tant
4015 1554 4131 1610 que
4158 1536 4264 1593 des
4293 1544 4486 1593 autres

699 1650 929 1689 connus
955 1640 1087 1699 etc.,
1114 1631 1277 1689 Paris
1310 1632 1485 1699 1790,
1512 1632 1631 1689 vol.
1659 1632 1716 1699 4,
1742 1631 1804 1688 in
1831 1632 1883 1689 8.

473 1822 655 1880 4652.
700 1824 966 1880 FOLLINI
1005 1822 1340 1890 Vincenzo,
1387 1822 1816 1880 Osservazioni
1862 1823 2191 1897 sull’opera
2231 1822 2526 1880 intitolata
2567 1823 2727 1880 della
2768 1822 3183 1890 Costruzione,
3229 1841 3262 1880 e
3305 1823 3403 1880 del
3444 1823 3856 1897 regolamento
3900 1823 4087 1880 d’una
4126 1822 4413 1897 pubblica
4454 1841 4487 1880 e

698 1918 1036 1976 universale
1059 1918 1404 1986 biblioteca,
1432 1937 1549 1976 con
1573 1919 1631 1976 la
1652 1918 1856 1993 pianta
1879 1918 2309 1986 dimostrativa,
2336 1927 2568 1976 trattato
2594 1918 2655 1976 di
2679 1919 2995 1993 Leopoldo
3021 1919 3181 1976 della
3206 1919 3402 1986 Santa,
3429 1918 3675 1976 Firenze
3707 1919 3882 1986 1817,
3909 1918 3971 1975 in
3998 1919 4051 1986 8,
4078 1920 4166 1976 M.
4194 1918 4291 1977 96.

473 2110 655 2168 4653.
682 2112 1052 2168 FONTANINI
1076 2110 1311 2178 Giusto,
1338 2111 1518 2168 Della
1541 2111 1876 2185 eloquenza
1898 2110 2158 2178 italiana,
2186 2110 2321 2168 libri
2345 2119 2430 2168 tre
2454 2111 2899 2168 novellamente
2922 2110 3271 2185 ristampati,
3298 2110 3571 2168 Venezia
3601 2111 3775 2178 1737,
3802 2110 3864 2167 in
3887 2111 3943 2168 4.

473 2301 655 2359 4654.
689 2303 1059 2359 FONTANINI
1090 2301 1325 2369 Giusto,
1359 2301 1701 2359 Biblioteca
1731 2302 2219 2376 dell’eloquenza
2248 2301 2509 2369 italiana,
2544 2302 2702 2359 colle
2735 2301 3118 2359 annotazioni
3150 2301 3211 2359 di
3242 2302 3544 2376 Apostolo
3576 2303 3761 2369 Zeno,
3797 2301 4164 2359 accresciuta
4194 2301 4255 2359 di
4286 2320 4486 2359 nuove

700 2397 999 2472 aggiunte,
1026 2399 1238 2455 Parma
1268 2398 1443 2465 1802,
1471 2398 1590 2455 vol.
1619 2398 1673 2455 2.

700 2494 927 2565 Questa
952 2494 985 2551 e
1012 2494 1070 2551 la
1093 2493 1199 2568 più
1225 2493 1478 2568 copiosa
1503 2512 1536 2551 e
1561 2493 1723 2551 ricca
1748 2493 2026 2551 edizione
2053 2494 2389 2568 dell’opera
2414 2494 2512 2551 del
2538 2493 2853 2551 Fontanini
2878 2494 3202 2568 preceduta
3227 2493 3288 2551 di
3314 2512 3432 2551 una
3457 2494 3622 2551 dotta
3645 2493 3994 2568 prefazione
4021 2494 4119 2551 del
4145 2493 4484 2561 Forcellini,

699 2608 732 2647 e
767 2589 998 2664 seguita
1030 2590 1107 2647 da
1136 2589 1412 2664 preziose
1445 2598 1585 2647 note
1619 2589 1985 2647 addizionali
2019 2608 2053 2647 a
2084 2590 2286 2664 quella
2317 2590 2415 2647 del
2449 2591 2615 2647 Zeno
2649 2589 2710 2647 di
2743 2608 2824 2647 un
2857 2589 3143 2647 anonimo
3177 2589 3289 2647 che
3322 2590 3399 2647 da
3430 2589 3533 2647 noi
3569 2589 3618 2647 si
3650 2598 3782 2647 tace
3813 2608 3920 2664 per
3949 2589 4257 2664 rispettare
4290 2590 4348 2647 la
4382 2608 4488 2647 sua

698 2685 1013 2753 modestia,
1041 2686 1171 2743 così
1196 2686 1273 2743 da
1296 2685 1379 2743 lui
1404 2686 1663 2743 essendo
1690 2685 2046 2743 desiderato.

479 2878 557 2951 [p.
588 2877 729 2946 317]

473 3068 655 3126 4655.
684 3069 941 3126 GAMBA
962 3069 1435 3136 Bartolommeo,
1465 3068 1630 3126 Serie
1655 3069 1813 3126 delle
1838 3068 2102 3126 edizioni
2127 3069 2222 3126 de’
2253 3068 2388 3126 testi
2413 3068 2474 3126 di
2500 3068 2705 3143 lingua
2727 3068 2987 3136 italiana,
3016 3069 3135 3126 vol.
3164 3069 3220 3136 2,
3247 3068 3483 3126 Milano
3516 3069 3690 3136 1812,
3717 3068 3779 3125 in
3806 3069 3858 3126 8.

473 3260 655 3318 4656.
699 3262 889 3318 LUCA
930 3261 1057 3331 (de)
1100 3262 1174 3318 D.
1218 3262 1566 3328 Tommaso,
1611 3261 1906 3335 Catalogo
1949 3261 2136 3318 d’una
2174 3260 2524 3335 pregievole
2566 3260 2904 3318 collezione
2946 3260 3007 3318 di
3048 3260 3436 3328 manoscritti,
3482 3279 3515 3318 e
3557 3260 3618 3318 di
3660 3260 3795 3318 libri
3838 3279 3872 3318 a
3914 3269 4144 3335 stampa
4184 3261 4342 3318 delle
4382 3260 4487 3335 più

697 3355 982 3413 ricercate
1007 3355 1289 3423 edizioni,
1316 3355 1587 3413 Venezia
1617 3355 1792 3423 1816,
1819 3355 1881 3412 in
1904 3356 1960 3413 4.

473 3547 656 3615 4657,
682 3549 1105 3605 MARTINIERE
1131 3548 1232 3618 (de
1257 3548 1359 3618 la),
1387 3547 1635 3605 Conseil
1658 3566 1811 3622 pour
1835 3547 2059 3605 former
2081 3566 2198 3605 une
2221 3547 2636 3622 bibliotheque
2659 3566 2778 3622 peu
2801 3548 3181 3615 nombreuse,
3209 3547 3361 3605 mais
3387 3547 3638 3615 choisie,
3665 3547 3871 3605 Berlin
3902 3547 4077 3615 1756,
4104 3547 4166 3604 in
4193 3548 4245 3605 8.

473 3739 655 3797 4658.
678 3741 986 3797 MORELLI
1008 3741 1256 3814 Jacopo,
1283 3740 1462 3797 Della
1483 3739 1770 3814 pubblica
1793 3739 2032 3797 libreria
2055 3739 2116 3797 di
2143 3740 2200 3797 S.
2228 3741 2441 3797 Marco
2466 3739 2527 3796 in
2550 3739 2837 3807 Venezia,
2865 3739 3296 3797 dissertazione
3323 3739 3558 3807 storica,
3585 3739 3856 3797 Venezia
3886 3740 4061 3807 1774,
4088 3739 4150 3796 in
4177 3740 4229 3797 8.

697 3871 780 3875 —
802 3835 1110 3910 Aggiunta
1133 3854 1252 3893 una
1274 3835 1641 3893 Narrazione
1666 3836 1828 3893 dello
1856 3844 2047 3893 stesso
2072 3835 2309 3893 intorno
2335 3836 2557 3893 l’abate
2582 3835 2874 3903 Lastesio,
2904 3836 3252 3893 senz’anno.

473 4026 655 4085 4659.
685 4028 993 4084 MORELLI
1017 4028 1265 4101 Jacopo,
1294 4026 1677 4084 Bibliotheca
1701 4026 1925 4084 Maffei
1951 4026 2166 4084 Pinelli
2194 4026 2393 4084 veneti
2420 4026 2720 4101 descripta
2745 4035 2803 4084 et
2829 4026 3314 4084 adnotationibus
3341 4026 3648 4094 illustrata,
3677 4026 3950 4084 Venetiis
3986 4027 4161 4094 1787,
4191 4027 4310 4084 vol.
4341 4028 4397 4094 7,
4426 4026 4488 4083 in

702 4123 754 4180 8.

473 4314 655 4372 4660.
682 4316 893 4372 MURR
917 4315 1044 4385 (de)
1070 4314 1369 4389 Cristoph.
1397 4314 1646 4389 Teoph.,
1673 4314 2100 4389 Bibliothéque
2125 4315 2200 4372 de
2223 4314 2543 4389 peintures,
2573 4315 2922 4389 sculptures,
2950 4323 3008 4372 et
3031 4315 3332 4389 gràvures,
3359 4314 3668 4372 Francfort
3698 4315 3873 4382 1770,
3901 4315 4020 4372 vol.
4048 4315 4104 4382 2,
4131 4314 4193 4371 in
4220 4315 4272 4372 8.

473 4505 655 4563 4661.
684 4506 1013 4563 OPICELLO
1036 4505 1247 4563 Jacobi
1271 4505 1549 4580 Philippi,
1576 4507 1976 4563 Monumenta
1998 4505 2416 4563 Bibliothecae
2441 4505 2899 4573 Ambrosianae,
2926 4505 3266 4563 Mediolani
3298 4505 3472 4573 1618,
3499 4505 3561 4562 in
3588 4506 3640 4563 8.

473 4697 655 4755 4662.
682 4699 908 4755 PANSA
929 4697 1162 4765 Muzio,
1189 4698 1368 4755 Della
1391 4697 1659 4755 Libreria
1681 4697 1991 4765 Vaticana,
2017 4697 2472 4772 ragionamenti,
2499 4699 2696 4755 Roma
2726 4697 2901 4765 1590,
2928 4697 2990 4754 in
3013 4698 3069 4755 4.

473 4889 655 4947 4663.
682 4891 974 4947 PEIGNOT
998 4889 1261 4957 Gabriel,
1288 4889 1701 4947 Dictionnaire
1724 4889 2004 4947 raisonné
2029 4890 2104 4947 de
2129 4890 2187 4947 la
2209 4889 2599 4964 Bibliologie,
2626 4889 2789 4947 Paris
2822 4890 2996 4957 1802,
3026 4890 3058 4947 3
3087 4890 3228 4957 vol.,
3255 4889 3317 4946 in
3344 4890 3396 4947 8.

473 5080 655 5138 4664.
682 5082 974 5138 PEIGNOT
998 5080 1261 5148 Gabriel,
1288 5063 1460 5138 Éssai
1486 5081 1561 5138 de
1586 5080 1899 5138 curiosités
1923 5080 2499 5155 bibliographiques,
2527 5080 2690 5138 Paris
2723 5081 2897 5148 1804,
2924 5080 2986 5137 in
3013 5081 3065 5138 8.

473 5272 655 5330 4665.
685 5273 1229 5330 SCHOETTGENIUS
1257 5272 1650 5340 Christianus,
1677 5274 1771 5330 De
1796 5272 2050 5330 librariis
2076 5281 2134 5330 et
2155 5272 2509 5347 bibliopolis
2536 5272 2932 5347 antiquorum,
2960 5272 3201 5347 Lipsiae
3233 5273 3408 5340 1710,
3435 5272 3497 5329 in
3520 5273 3577 5340 4,
3604 5274 3692 5330 M.
3723 5273 3817 5330 33.

473 5464 655 5522 4666.
685 5466 1055 5522 VERNAZZA
1079 5466 1236 5532 Bar.,
1268 5464 1696 5522 Osservazioni
1723 5464 2123 5539 tipografiche
2153 5483 2330 5539 sopra
2355 5464 2375 5521 i
2403 5464 2538 5522 libri
2565 5464 2843 5539 impressi
2870 5464 2933 5521 in
2959 5464 3270 5522 Piemonte
3298 5465 3396 5522 nel
3424 5466 3541 5522 XV
3571 5465 3796 5532 secolo,
3826 5466 4099 5522 Bassano
4135 5465 4310 5532 1807,
4340 5464 4402 5521 in
4432 5465 4485 5532 8,

698 5561 786 5617 M.
816 5559 912 5617 54.

473 5751 655 5809 4667.
683 5753 1002 5809 ZAMBONI
1024 5752 1428 5819 Baldassarre,
1456 5753 1542 5809 La
1566 5751 1805 5809 libreria
1828 5752 1926 5809 del
1950 5753 2024 5809 N.
2052 5753 2126 5809 U.
2158 5751 2363 5826 signor
2385 5752 2701 5826 Leopardo
2726 5751 3110 5826 Martinengo
3134 5751 3386 5826 patrizio
3413 5760 3649 5819 veneto,
3677 5751 4126 5819 dissertazione,
4153 5751 4216 5808 in
4239 5751 4488 5809 Brescia

706 5848 881 5915 1778,
907 5847 969 5904 in
992 5848 1048 5905 4.

701 5943 764 6001 Si
790 5944 973 6001 rende
1001 5952 1181 6001 conto
1209 5943 1272 6000 in
1299 5952 1512 6018 questo
1539 5943 1644 6018 più
1671 5943 1769 6001 dei
1797 5943 1982 6001 chiari
2010 5943 2242 6001 uomini
2270 5943 2331 6001 di
2359 5944 2561 6018 quella
2587 5943 2878 6018 famiglia,
2909 5943 3021 6001 che
3049 5943 3147 6001 dei
3175 5943 3328 6001 libri:
3360 5962 3483 6001 non
3510 5952 3743 6001 ostante
3769 5962 4040 6018 propone
4067 5962 4147 6001 un
4172 5943 4355 6018 piano
4382 5962 4489 6018 per

699 6040 757 6097 la
780 6039 1154 6097 formazione
1179 6040 1329 6097 d’un
1353 6040 1649 6114 catalogo,
1677 6058 1710 6097 e
1734 6040 1917 6097 rende
1940 6039 2187 6114 ragione
2212 6039 2310 6097 dei
2335 6040 2455 6114 varj
2485 6039 2698 6097 motivi
2724 6039 2835 6097 che
2859 6039 2921 6096 in
2946 6040 3223 6114 generale
3248 6039 3683 6097 costituiscono
3709 6040 3768 6097 la
3789 6039 3965 6097 rarità
3988 6039 4086 6097 dei
4111 6039 4263 6097 libri.

479 6232 557 6305 [p.
588 6231 729 6300 318]

2171 6657 2347 6694 WWW.
2358 6637 2734 6710 memofonte.
2748 6639 2791 6694 il
