4958 7017
1981 864 2366 922 Fondazione
2390 864 2775 922 Memofonte
2800 865 2976 922 onlus

1390 960 1600 1018 Studio
1624 979 1731 1035 per
1754 960 2226 1018 l’elaborazione
2250 960 2632 1018 informatica
2655 961 2813 1018 delle
2838 960 2991 1018 fonti
3018 960 3571 1018 storico—artistiche

698 1249 912 1305 Presso
942 1247 1053 1305 che
1081 1247 1211 1305 tutti
1239 1247 1259 1304 i
1287 1247 1473 1305 nostri
1502 1247 1823 1322 esemplari
1852 1247 1913 1305 di
1942 1256 2150 1322 queste
2179 1266 2361 1322 opere
2391 1266 2541 1305 sono
2571 1247 2632 1305 di
2661 1247 2892 1315 dedica,
2923 1247 2985 1304 in
3013 1247 3428 1305 marrocchino
3458 1248 3686 1315 dorato,
3718 1266 3751 1305 e
3780 1256 4209 1322 appartennero
4240 1266 4274 1305 a
4300 1247 4522 1322 insigni

697 1343 1082 1401 biblioteche.

476 1535 655 1593 3607.
687 1537 993 1603 BELLORI,
1026 1535 1399 1593 Admiranda
1425 1554 1810 1593 romanarum
1838 1535 2257 1610 antiquitatum
2286 1554 2354 1593 ac
2386 1535 2603 1593 veteris
2636 1536 2972 1610 sculpturae
3003 1535 3259 1610 vestigia
3288 1535 3690 1610 anaglyphico
3721 1554 3903 1610 opere
3933 1536 4253 1593 elaborata:
4289 1554 4323 1593 a
4350 1537 4522 1593 Petro

701 1632 916 1689 Sancte
945 1632 1192 1689 Bartolo
1223 1631 1537 1699 delineata,
1570 1640 1628 1689 et
1655 1631 1864 1689 incisa:
1898 1631 2056 1689 notis
2086 1633 2175 1689 Jo.
2208 1631 2393 1689 Petris
2423 1631 2675 1689 Bellorii
2704 1631 3009 1699 illustrata,
3041 1633 3273 1689 Romae
3310 1631 3485 1699 1693,
3517 1631 3579 1688 in
3608 1631 3735 1699 fol.,
3768 1631 3894 1706 fig.,
3927 1631 4205 1689 edizione
4237 1632 4518 1699 seconda,

701 1726 916 1784 sonovi
944 1727 1020 1784 84
1045 1727 1262 1784 tavole.

700 1823 927 1894 Questa
956 1823 1220 1880 seconda
1246 1822 1525 1880 edizione
1553 1823 1586 1880 e
1612 1823 1758 1897 però
1788 1822 1986 1880 avanti
2014 1823 2070 1880 le
2097 1831 2256 1880 tante
2282 1822 2567 1897 ristampe
2596 1822 2739 1880 fatte
2768 1822 2829 1880 di
2857 1823 3244 1897 quest’opera
3268 1822 3562 1897 preziosa,
3593 1823 3649 1880 le
3677 1822 3840 1897 quali
3867 1841 3990 1880 non
4019 1822 4068 1880 si
4094 1822 4518 1890 riconoscono,

697 1918 917 1993 perché
942 1919 998 1976 le
1022 1919 1222 1976 tavole
1247 1927 1705 1976 estremamente
1731 1919 2000 1993 logorate
2025 1919 2081 1976 le
2108 1918 2433 1993 sfigurano.
2461 1919 2810 1993 Esemplare
2835 1918 2896 1976 di
2921 1918 3137 1976 dedica
3160 1937 3276 1976 con
3298 1918 3674 1976 ricchissime
3700 1919 3991 1976 dorature.

476 2110 655 2168 3608.
692 2112 998 2178 BELLORI,
1035 2112 1285 2168 Veteres
1322 2129 1493 2168 arcus
1529 2111 1943 2185 Augustorum
1975 2110 2291 2185 triumphis
2326 2110 2595 2185 insignes
2631 2119 2741 2168 etc.
2780 2129 2921 2168 cum
2953 2110 3320 2185 imaginibus
3355 2110 3814 2185 triumphalibus
3848 2110 4101 2168 restituti
4136 2119 4194 2168 et
4226 2110 4519 2178 illustrati,

698 2225 855 2264 nunc
879 2206 1143 2281 primum
1164 2225 1271 2281 per
1293 2208 1382 2264 Jo.
1409 2207 1704 2264 Jacobum
1727 2207 1802 2264 de
1826 2206 2052 2264 Rubeis
2079 2206 2281 2264 aeneis
2306 2206 2464 2281 typis
2490 2206 2773 2281 evulgati,
2800 2208 3032 2264 Romae
3064 2206 3239 2274 1690,
3266 2206 3328 2263 in
3352 2206 3457 2264 fol.

698 2302 824 2359 Può
858 2302 1244 2376 quest’opera
1273 2301 1544 2359 ritenersi
1577 2302 1635 2359 la
1664 2301 1770 2376 più
1800 2302 1962 2359 bella
1992 2301 2055 2358 in
2087 2310 2300 2376 questo
2334 2320 2570 2376 genere,
2606 2320 2639 2359 e
2672 2301 2928 2359 classica
2962 2301 3390 2376 specialmente
3421 2320 3528 2376 per
3559 2302 3617 2359 la
3648 2301 4095 2376 magnificenza
4126 2302 4202 2359 ed
4234 2302 4523 2376 eleganza

699 2398 857 2455 delle
887 2406 1134 2472 stampe,
1166 2397 1277 2455 che
1308 2416 1459 2455 sono
1487 2397 1530 2454 il
1558 2416 1711 2472 capo
1741 2398 1994 2472 d’opera
2020 2397 2081 2455 di
2108 2397 2304 2455 Pietro
2335 2398 2392 2455 S.
2423 2397 2670 2455 Bartoli:
2702 2397 2765 2454 in
2792 2416 3042 2455 numero
3071 2397 3132 2455 di
3161 2397 3257 2455 52.
3288 2398 3637 2472 Esemplare
3665 2397 3726 2455 di
3755 2397 3971 2455 dedica
3997 2398 4157 2455 della
4182 2397 4524 2455 Biblioteca

698 2493 921 2551 Albani
945 2493 1007 2550 in
1031 2512 1174 2551 mar.
1201 2512 1393 2561 rosso,
1419 2512 1607 2568 prove
1632 2493 1693 2551 di
1715 2493 1908 2568 prima
1932 2493 2296 2551 freschezza.

476 2685 655 2744 3609.
684 2687 990 2753 BELLORI,
1021 2687 1105 2743 Le
1133 2685 1369 2743 antiche
1396 2686 1638 2743 lucerne
1667 2685 1985 2760 sepolcrali
2013 2685 2285 2760 figurate,
2313 2686 2576 2743 raccolte
2603 2686 2761 2743 dalle
2788 2704 2936 2743 cave
2966 2694 3343 2753 sotterranee,
3373 2704 3406 2743 e
3434 2686 3592 2743 dalle
3619 2694 3809 2760 grotte
3836 2685 3897 2743 di
3924 2687 4137 2743 Roma.
4167 2685 4322 2743 Parti
4348 2694 4433 2743 tre
4459 2685 4522 2742 in

698 2800 778 2839 un
811 2782 1074 2839 volume.
1110 2781 1458 2856 Disegnate,
1493 2781 1801 2856 intagliate
1833 2782 1991 2839 nelle
2025 2782 2155 2839 loro
2189 2781 2383 2839 forme
2417 2782 2494 2839 da
2524 2781 2720 2839 Pietro
2756 2781 2921 2839 Santi
2953 2781 3182 2839 Bartoli
3215 2800 3332 2839 con
3365 2800 3534 2839 osser
3570 2783 3648 2856 [p.
3692 2782 3829 2851 174]
3868 2781 4108 2839 vazioni
4141 2782 4239 2839 del
4271 2781 4518 2849 Bellori,

698 2878 895 2934 Roma
925 2876 1100 2944 1691,
1126 2876 1319 2951 prima
1342 2876 1620 2934 edizione
1645 2876 1706 2934 di
1731 2876 2004 2934 mirabile
2029 2876 2378 2934 freschezza
2401 2895 2434 2934 e
2459 2876 2949 2934 conservazione.

700 2973 1104 3047 Quest’opera
1129 2973 1162 3030 è
1189 2972 1386 3030 divisa
1410 2972 1473 3029 in
1498 2981 1583 3030 tre
1608 2972 1776 3047 parti.
1806 2974 1892 3030 La
1915 2972 2110 3047 prima
2135 2972 2413 3030 contiene
2442 2973 2517 3030 37
2546 2973 2765 3040 tavole,
2795 2973 2853 3030 la
2880 2973 3144 3030 seconda
3168 2972 3267 3040 46,
3297 2973 3355 3030 la
3379 2981 3540 3030 terza
3567 2973 3663 3040 33,
3693 2991 3726 3030 e
3752 2972 3814 3029 in
3841 2972 3966 3030 fine
3993 2972 4054 3030 vi
4083 2991 4233 3030 sono
4262 2973 4406 3030 altre
4435 2972 4521 3030 sei

698 3069 898 3126 tavole
948 3068 1313 3126 addizionali
1362 3087 1484 3126 non
1532 3077 1840 3126 numerate
1889 3069 1945 3126 le
1994 3068 2156 3143 quali
2204 3068 2470 3126 trovansi
2518 3068 2581 3125 in
2627 3068 2810 3143 pochi
2859 3068 3179 3143 esemplari
3228 3068 3289 3126 di
3338 3077 3549 3143 questa
3594 3068 3805 3143 prima,
3857 3087 3890 3126 e
3938 3068 4001 3125 in
4049 3087 4313 3126 nessuno
4363 3069 4521 3126 delle

701 3164 1078 3239 susseguenti
1103 3164 1385 3222 edizioni.

476 3355 655 3413 3610.
682 3357 988 3423 BELLORI,
1016 3357 1100 3413 Le
1126 3355 1362 3413 antiche
1387 3356 1647 3423 lucerne,
1674 3357 1871 3413 Roma
1902 3356 2077 3423 1729,
2107 3364 2396 3430 stampate
2421 3356 2584 3430 dopo
2610 3374 2774 3413 esser
2795 3364 3033 3430 passate
3058 3356 3114 3413 le
3138 3356 3339 3413 tavole
3363 3355 3426 3412 in
3448 3355 3750 3430 proprietà
3773 3355 3834 3413 di
3858 3357 4131 3413 Lorenzo
4156 3355 4393 3430 Filippo
4419 3356 4514 3413 de’

698 3451 879 3509 Rossi
904 3451 1251 3526 calcografo
1277 3451 1573 3519 vaticano,
1600 3451 1662 3508 in
1687 3451 1815 3519 fol.,
1845 3452 2109 3509 seconda
2132 3451 2427 3509 edizione.
2455 3451 2614 3509 Vedi
2640 3451 2828 3509 anche
2854 3451 3214 3509 all’articolo
3237 3451 3532 3509 Raccolta
3557 3452 3620 3509 di
3644 3454 3808 3509 varie
3833 3452 4144 3509 antichità.

476 3643 655 3701 3611.
688 3645 994 3711 BELLORI,
1028 3645 1112 3701 Le
1142 3643 1357 3718 pitture
1389 3643 1625 3701 antiche
1656 3644 1754 3701 del
1788 3644 2064 3718 sepolcro
2096 3644 2191 3701 de’
2228 3643 2460 3701 Nasoni
2492 3644 2652 3701 nella
2682 3643 2781 3701 via
2810 3643 3120 3701 Flaminia.
3154 3643 3502 3718 Disegnate,
3537 3644 3613 3701 ed
3642 3643 3948 3718 intagliate
3981 3644 4098 3701 alla
4129 3643 4521 3701 similitudine

699 3739 861 3814 degli
890 3739 1111 3797 antichi
1139 3739 1418 3814 originali
1446 3740 1523 3797 da
1548 3739 1744 3797 Pietro
1775 3739 1939 3797 Santi
1966 3739 2213 3807 Bartoli,
2244 3739 2522 3797 descritte
2550 3740 2626 3797 ed
2652 3739 2939 3797 illustrate
2967 3740 3044 3797 da
3069 3739 3265 3797 Pietro
3293 3739 3540 3807 Bellori,
3570 3741 3767 3797 Roma
3800 3739 3974 3807 1680,
4003 3739 4196 3814 prima
4222 3739 4518 3807 edizione,

698 3835 760 3892 in
784 3835 889 3893 fol.

698 3932 782 3988 Le
806 3931 1007 3988 tavole
1032 3930 1093 3988 di
1118 3939 1331 4005 questo
1357 3931 1691 4005 esemplare
1719 3949 1869 3988 sono
1895 3930 1956 3988 di
1979 3949 2109 3988 rara
2132 3930 2481 3988 freschezza
2503 3930 2566 3987 in
2590 3949 2842 3988 numero
2868 3930 2929 3988 di
2956 3930 3052 3998 35,
3080 3931 3156 3988 ed
3180 3931 3213 3988 e
3237 3949 3355 3988 una
3378 3931 3536 3988 delle
3559 3930 3665 4005 più
3687 3930 3999 4005 pregevoli
4025 3949 4207 4005 opere
4232 3931 4330 3988 del
4357 3930 4521 3988 Santi

698 4026 944 4084 Bartoli.

476 4218 655 4276 3612.
688 4220 993 4286 BELLORI,
1027 4227 1085 4276 et
1114 4219 1387 4276 Causseo
1417 4218 1687 4276 Michele
1717 4219 1977 4293 Angelo,
2009 4218 2279 4276 Picturae
2310 4218 2588 4293 antiquae
2618 4227 2959 4293 cryptarum
2985 4237 3385 4286 romanarum,
3418 4227 3477 4276 et
3508 4218 3765 4293 sepulcri
3795 4220 4114 4276 Nasorum.
4148 4218 4520 4286 Delineatae,

699 4323 757 4372 et
780 4333 1099 4389 expressae
1125 4333 1159 4372 a
1181 4316 1354 4372 Petro
1382 4315 1597 4372 Sancte
1621 4314 1868 4382 Bartoli,
1895 4316 2127 4372 Romae
2159 4315 2334 4382 1738,
2361 4314 2423 4371 in
2447 4314 2552 4372 fol.

698 4410 1074 4468 Traduzione
1116 4410 1386 4485 eseguita
1426 4429 1543 4468 con
1585 4419 1986 4468 accuratezza.
2031 4410 2218 4468 Pochi
2260 4410 2579 4485 esemplari
2623 4410 2672 4468 si
2714 4429 2995 4485 veggono
3038 4410 3099 4468 di
3141 4419 3351 4485 questa
3391 4410 3687 4478 versione,
3732 4410 3843 4468 che
3885 4410 3951 4468 fu
3992 4410 4137 4468 fatta
4175 4429 4282 4485 per
4322 4429 4521 4468 essere

698 4505 941 4563 inserita
964 4506 1062 4563 nel
1086 4514 1286 4563 tesoro
1312 4506 1470 4563 delle
1496 4505 1780 4563 antichità
1803 4506 1901 4563 del
1927 4505 2170 4563 Grevio.

476 4697 655 4755 3613.
696 4699 1002 4765 BELLORI,
1043 4699 1398 4772 Fragmenta
1436 4697 1677 4772 vestigii
1716 4697 1933 4755 veteris
1972 4699 2205 4755 Romae
2244 4716 2319 4755 ex
2357 4697 2658 4772 lapidibus
2697 4697 3091 4765 Farnesianis,
3133 4716 3290 4755 nunc
3328 4697 3592 4772 primum
3628 4697 3690 4754 in
3728 4698 3930 4755 lucem
3967 4697 4127 4755 edita
4164 4716 4305 4755 cum
4342 4697 4519 4765 notis,

698 4795 930 4851 Romae
962 4793 1137 4861 1673,
1164 4793 1226 4850 in
1250 4793 1377 4861 fol.,
1405 4793 1510 4868 fig.

700 4890 901 4964 Opera
928 4889 1200 4957 classica,
1232 4908 1265 4947 e
1292 4889 1570 4964 preziosa
1596 4889 1658 4946 in
1687 4889 1784 4947 cui
1815 4889 1864 4947 si
1891 4898 2250 4964 presentano
2280 4890 2359 4947 20
2388 4890 2588 4947 tavole
2618 4898 3093 4947 accuratamente
3122 4889 3451 4964 disegnate,
3483 4890 3559 4947 ed
3586 4889 3795 4957 incise,
3827 4890 3976 4947 oltre
4006 4908 4040 4947 a
4067 4889 4229 4947 varie
4258 4889 4522 4964 vignette

700 4985 970 5043 allusive.

476 5176 655 5234 3614.
682 5178 1042 5234 BENEDICTI
1064 5178 1261 5251 Papae
1285 5178 1448 5244 XIV,
1475 5176 1730 5234 Litterae
1756 5176 2126 5251 apostolicae
2149 5195 2258 5251 pro
2285 5176 2612 5251 aperitione
2636 5176 2841 5234 Musei
2865 5176 3162 5244 Vaticani,
3189 5178 3421 5234 Romae
3453 5176 3629 5244 1757,
3656 5176 3718 5233 in
3741 5177 3798 5244 4,
3825 5178 3913 5234 M.
3942 5176 3996 5234 5.

697 5308 780 5312 —
807 5272 1062 5330 Litterae
1092 5272 1462 5347 apostolicae
1491 5272 1709 5347 quibus
1741 5272 2052 5347 antiquum
2079 5272 2241 5330 urbis
2271 5272 2579 5330 Pantheon
2606 5272 2976 5330 Pontificum
3001 5291 3390 5330 romanorum
3416 5273 3600 5330 tutela
3630 5272 3950 5347 suscipitur
3977 5273 4228 5347 ejusque
4258 5272 4522 5330 fabricae

699 5368 1077 5426 conservatio
1105 5368 1574 5443 apostolicarum
1599 5368 1842 5426 aedium
1864 5368 2171 5443 praefecto
2198 5368 2605 5436 committitur,
2632 5368 2839 5443 palatii
2866 5368 3185 5443 apostolici
3213 5368 3548 5443 sumptibus
3573 5369 3964 5443 procuranda,
3992 5370 4225 5426 Romae
4258 5368 4433 5436 1757,
4461 5368 4523 5425 in

698 5465 755 5532 4,
782 5466 870 5522 M.
900 5464 954 5522 5.

479 5657 557 5730 [p.
593 5655 734 5725 175[

476 5847 655 5905 3615.
682 5849 965 5905 BESOZZI
987 5849 1061 5905 D.
1089 5847 1451 5915 Raimondo,
1478 5849 1564 5905 La
1589 5847 1770 5905 storia
1793 5848 1953 5905 della
1974 5847 2228 5905 basilica
2251 5847 2312 5905 di
2339 5848 2396 5905 S.
2425 5848 2621 5905 Croce
2645 5847 2707 5904 in
2732 5848 3207 5915 Gerusalemme,
3234 5849 3431 5905 Roma
3461 5847 3637 5915 1750,
3664 5847 3726 5904 in
3749 5848 3805 5905 4.

698 5943 861 6001 Avvi
890 5962 1009 6001 una
1036 5944 1239 6001 tavola
1267 5944 1365 6001 col
1393 5952 1701 6018 prospetto
1732 5944 1892 6001 della
1918 5943 2172 6001 basilica
2200 5943 2311 6001 che
2341 5944 2374 6001 e
2404 5962 2523 6001 una
2551 5944 2709 6001 delle
2740 5943 2943 6001 chiese
2973 5944 3261 6001 moderne
3291 5943 3352 6001 di
3381 5945 3579 6001 Roma
3607 5944 3665 6001 la
3693 5944 3870 6018 quale
3898 5952 4070 6018 porta
4098 5952 4310 6018 questo
4340 5962 4522 6001 nome

699 6058 786 6097 ec.

476 6230 655 6288 3616.
708 6232 1064 6288 BIANCHINI
1112 6230 1468 6305 monsignor
1515 6232 1868 6298 Francesco,
1921 6230 2421 6288 Considerazioni
2471 6230 2754 6298 teoriche,
2807 6249 2840 6288 e
2888 6230 3154 6305 pratiche
3204 6230 3441 6288 intorno
3494 6231 3549 6288 al
3598 6239 3891 6305 trasporto
3942 6231 4102 6288 della
4150 6231 4411 6288 colonna
4460 6230 4521 6288 di

698 6326 1008 6384 Antonino
1033 6326 1141 6384 Pio
1167 6327 1466 6384 collocata
1488 6326 1550 6383 in
1573 6328 1787 6384 Monte
1812 6326 2063 6394 Citorio,
2090 6328 2287 6384 Roma
2317 6327 2473 6384 1704
2498 6326 2560 6383 in
2583 6327 2640 6394 4,
2668 6326 2772 6401 fig.

699 6423 834 6480 Con
858 6423 974 6480 due
998 6423 1199 6480 tavole
1224 6422 1653 6480 dimostrative.

2171 6657 2347 6694 WWW.
2358 6637 2734 6710 memofonte.
2748 6639 2791 6694 il
