4958 7017
1981 864 2366 922 Fondazione
2390 864 2775 922 Memofonte
2800 865 2976 922 onlus

1390 960 1600 1018 Studio
1624 979 1731 1035 per
1754 960 2226 1018 l’elaborazione
2250 960 2632 1018 informatica
2655 961 2813 1018 delle
2838 960 2991 1018 fonti
3018 960 3571 1018 storico—artistiche

479 1345 557 1418 [p.
586 1344 729 1413 239]

473 1536 655 1593 4001.
684 1537 1096 1593 DRUMMOND
1121 1536 1482 1603 Alexander,
1511 1536 1757 1593 Travels
1783 1535 2040 1610 through
2065 1535 2350 1593 different
2374 1535 2545 1593 cities
2572 1535 2644 1593 of
2665 1536 2987 1610 Germany,
3016 1536 3183 1610 Italy,
3213 1536 3425 1603 Grece,
3455 1536 3572 1593 and
3599 1536 3829 1593 several
3853 1544 4012 1610 parts
4039 1535 4111 1593 of
4131 1535 4281 1593 Asia
4307 1554 4370 1593 as
4398 1535 4488 1593 far

700 1650 763 1689 as
788 1631 886 1689 the
909 1631 1072 1689 bank
1094 1631 1166 1689 of
1183 1631 1282 1689 the
1306 1631 1635 1706 Euphrates
1661 1640 1794 1699 etc.,
1821 1632 2077 1689 London
2108 1631 2283 1699 1754,
2310 1631 2372 1688 in
2396 1631 2523 1699 fol.,
2551 1631 2655 1706 fig.

700 1727 901 1801 Opera
940 1726 1456 1801 splendidamente
1498 1735 1790 1801 stampata
1825 1745 1932 1801 per
1969 1727 2027 1784 la
2064 1726 2243 1801 copia
2280 1727 2438 1784 delle
2476 1727 2676 1784 tavole
2716 1745 2833 1784 con
2871 1727 3060 1784 molto
3101 1735 3276 1801 gusto
3316 1726 3613 1784 delineate
3652 1727 3728 1784 ed
3766 1726 3975 1794 incise,
4017 1745 4050 1784 e
4089 1727 4386 1784 collocate
4426 1727 4479 1784 a’

699 1822 907 1897 luoghi
937 1822 1126 1880 voluti
1155 1823 1253 1880 dal
1281 1831 1453 1880 testo.
1485 1823 1533 1879 Il
1564 1841 1672 1880 suo
1702 1822 1946 1897 viaggio
1976 1822 2277 1880 estendesi
2307 1822 2496 1880 anche
2523 1841 2630 1897 per
2657 1841 2802 1897 gran
2828 1831 2993 1897 parte
3022 1822 3260 1880 d’Italia
3287 1822 3416 1880 fino
3447 1823 3502 1880 al
3533 1841 3641 1880 suo
3670 1822 3939 1880 imbarco
3967 1841 4074 1897 per
4101 1823 4159 1880 la
4187 1822 4422 1890 Grecia,
4454 1841 4487 1880 e

701 1937 851 1976 sono
877 1918 1113 1976 curiose
1138 1937 1171 1976 e
1198 1918 1484 1993 singolari
1509 1919 1565 1976 le
1589 1918 1849 1993 ingenue
1874 1918 2287 1976 osservazioni
2312 1918 2373 1976 di
2398 1927 2610 1993 questo
2637 1927 2858 1976 autore.

473 2111 655 2168 4002.
682 2112 956 2178 DUBOIS,
983 2111 1182 2185 Projet
1205 2111 1280 2168 de
1302 2110 1555 2168 reunion
1579 2111 1659 2168 du
1682 2112 1919 2168 Louvre
1944 2129 2020 2168 eu
2043 2110 2238 2168 Palais
2264 2111 2339 2168 de
2363 2110 2738 2178 Thuilleries,
2765 2110 2827 2167 in
2852 2110 2979 2178 fol.,
3007 2110 3134 2185 fig.,
3161 2112 3249 2168 M.
3281 2111 3375 2168 81.

698 2208 977 2281 Progetto
1016 2206 1380 2274 vastissimo,
1421 2225 1538 2264 ove
1575 2206 2086 2264 incontrarebbesi
2125 2207 2337 2264 alcune
2375 2206 2694 2274 difficoltà,
2735 2225 2835 2264 ma
2871 2206 2983 2264 che
3019 2207 3310 2281 potrebbe
3347 2206 3708 2281 migliorarsi
3747 2225 3864 2264 con
3901 2206 4156 2281 qualche
4196 2206 4412 2274 studio,
4453 2225 4486 2264 e

699 2301 1079 2359 formarebbe
1103 2301 1146 2358 il
1169 2301 1500 2376 principale
1526 2301 1955 2359 abbellimento
1981 2301 2042 2359 di
2066 2301 2279 2376 Parigi.
2308 2302 2443 2359 Con
2470 2302 2502 2359 8
2530 2320 2674 2376 gran
2697 2302 2898 2359 tavole
2922 2301 2984 2358 in
3006 2320 3188 2359 rame.

473 2494 655 2551 4003.
683 2495 1159 2551 ECCLESIARUM
1184 2493 1443 2568 Angliae
1469 2502 1527 2551 et
1551 2493 1786 2551 Galliae
1809 2502 2180 2568 prospectus.
2209 2495 2376 2551 Vues
2402 2494 2477 2551 de
2502 2502 2696 2551 toutes
2723 2494 2810 2551 les
2836 2493 3206 2551 cathédrales
3232 2494 3655 2568 d’Angleterre
3680 2502 3738 2551 et
3761 2494 3841 2551 du
3864 2493 3999 2551 Pais
4025 2494 4100 2551 de
4126 2494 4351 2561 Galles,
4379 2494 4485 2551 des

699 2589 920 2664 eglises
956 2590 1031 2647 de
1064 2589 1485 2647 Westminster
1518 2598 1576 2647 et
1609 2590 1684 2647 de
1721 2589 2088 2657 Sonthevell,
2126 2598 2184 2647 et
2217 2590 2292 2647 de
2327 2590 2385 2647 la
2418 2589 2710 2664 Chapelle
2745 2590 2977 2664 Royale
3012 2590 3087 2647 de
3124 2590 3181 2647 S.
3221 2590 3461 2664 George
3497 2590 3531 2647 a
3562 2589 3866 2657 Windsor,
3905 2608 4051 2647 avec
4086 2608 4202 2647 une
4235 2589 4488 2647 relation

698 2685 1027 2760 historique
1052 2694 1184 2753 etc.,
1212 2686 1485 2753 London,
1513 2685 1661 2743 chez
1685 2687 1715 2743 ]
1720 2704 1807 2743 os.
1838 2685 2048 2753 Smith,
2083 2686 2258 2753 1719,
2285 2685 2347 2742 in
2371 2685 2476 2743 fol.
2505 2704 2609 2760 gr.,
2637 2685 2742 2760 fig.

699 2782 834 2839 Con
863 2781 937 2839 35
970 2800 1114 2856 gran
1141 2782 1342 2839 tavole
1369 2781 1676 2856 intagliate
1705 2781 1767 2838 in
1792 2800 1957 2839 rame
1986 2790 2481 2849 accuratamente,
2512 2800 2545 2839 e
2573 2782 2629 2839 le
2660 2781 3033 2856 spiegazioni
3064 2781 3321 2839 storiche
3349 2781 3412 2838 in
3440 2781 3732 2849 francese,
3763 2800 3796 2839 e
3823 2781 3886 2838 in
3912 2781 4162 2856 inglese.
4193 2781 4487 2839 Edizione

697 2895 827 2934 rara
851 2895 885 2934 a
907 2876 1175 2934 trovarsi.

473 3069 655 3126 4004.
682 3070 747 3126 E.
778 3069 857 3136 S.,
887 3069 1077 3143 Sopra
1100 3069 1156 3126 le
1183 3068 1371 3126 sedici
1396 3069 1654 3126 colonne
1677 3087 1887 3143 presso
1915 3069 1972 3126 S.
2001 3070 2274 3126 Lorenzo
2299 3068 2361 3125 in
2384 3068 2640 3136 Milano,
2668 3069 3047 3143 opuscoletto
3076 3069 3129 3136 8,
3156 3070 3386 3126 Monza
3416 3069 3589 3126 1811.

701 3164 916 3222 Scritto
942 3183 1059 3222 con
1083 3165 1270 3222 molta
1293 3164 1515 3232 critica,
1543 3164 1913 3222 confutando
1939 3165 1995 3222 le
2020 3164 2293 3239 opinioni
2318 3164 2430 3222 che
2455 3165 2511 3222 le
2536 3165 2795 3222 colonne
2820 3164 3172 3222 esistessero
3198 3164 3722 3239 originariamente
3747 3183 3863 3222 ove
3887 3164 4168 3222 trovansi.

473 3355 655 3413 4005.
682 3357 886 3412 FABRI
909 3355 1241 3423 Girolamo,
1269 3357 1353 3413 Le
1380 3374 1546 3413 sacre
1570 3355 1862 3413 memorie
1887 3355 1948 3413 di
1972 3357 2262 3413 Ravenna
2286 3355 2498 3423 antica,
2525 3355 2796 3413 Venezia
2826 3355 3043 3423 16664,
3070 3355 3132 3412 in
3155 3356 3193 3412 4
3216 3355 3355 3430 pic.,
3383 3356 3502 3413 vol.
3529 3357 3571 3413 I.

473 3547 655 3605 4006.
683 3549 1015 3605 FANTUZZI
1038 3549 1271 3615 Marco,
1298 3547 1683 3605 Monumenti
1707 3547 2015 3605 ravennati
2040 3548 2136 3605 de’
2171 3547 2359 3605 secoli
2384 3547 2445 3605 di
2471 3566 2703 3615 mezzo,
2729 3566 2836 3622 per
2859 3548 2917 3605 la
2940 3547 3217 3622 maggior
3238 3556 3403 3622 parte
3427 3547 3655 3615 inediti,
3682 3547 3953 3605 Venezia
3984 3548 4159 3615 1801,
4186 3547 4248 3604 in
4271 3548 4328 3615 4,
4357 3547 4484 3622 fig.,

699 3644 818 3701 vol.
848 3643 902 3701 6.

700 3740 901 3814 Opera
928 3758 1058 3797 rara
1087 3740 1345 3797 essendo
1379 3748 1527 3797 stata
1558 3748 1851 3814 stampata
1879 3739 1941 3796 in
1970 3758 2221 3797 numero
2253 3739 2314 3797 di
2343 3739 2526 3814 pochi
2557 3739 2877 3814 esemplari
2908 3739 3019 3797 che
3050 3740 3305 3797 l’autore
3336 3740 3498 3797 donò
3531 3740 3583 3797 a’
3623 3739 3757 3797 suoi
3789 3739 3986 3807 amici,
4020 3758 4197 3797 come
4230 3739 4279 3797 si
4310 3740 4487 3814 legge

698 3836 860 3893 nello
897 3844 1089 3893 stesso
1122 3844 1430 3910 prospetto
1465 3836 1815 3910 dell’opera.
1855 3835 2084 3893 Sonovi
2118 3854 2236 3910 qua
2268 3854 2301 3893 e
2335 3836 2393 3893 la
2423 3835 2620 3910 poche
2653 3836 2853 3893 tavole
2887 3835 2948 3893 di
2982 3835 3374 3903 monumenti,
3411 3854 3511 3893 ma
3542 3854 3661 3893 una
3691 3835 4070 3893 ricchissima
4104 3835 4255 3893 serie
4289 3835 4350 3893 di
4385 3835 4486 3893 atti

700 3930 999 3998 autentici,
1027 3949 1060 3988 e
1084 3930 1307 3988 notizie
1334 3930 1610 3998 storiche,
1638 3949 1671 3988 e
1696 3930 2126 4005 diplomatiche
2151 3930 2263 3988 che
2286 3931 2469 3988 rende
2494 3931 2728 4005 l’opera
2751 3930 3055 4005 cospicua.

473 4123 655 4180 4007.
682 4124 985 4180 FELIBIEN
1007 4122 1258 4190 Michel,
1286 4122 1551 4180 Histoire
1576 4123 1651 4180 de
1676 4123 1734 4180 la
1757 4122 1900 4180 ville
1925 4123 2000 4180 de
2024 4122 2205 4180 Paris.
2233 4122 2483 4180 Divisée
2508 4141 2583 4180 en
2607 4122 2746 4197 cinq
2771 4123 2912 4190 vol.,
2939 4122 3002 4179 in
3026 4122 3197 4190 folio,
3224 4122 3387 4180 Paris
3420 4122 3594 4190 1725,
3622 4122 3726 4197 fig.

700 4219 901 4293 Opera
944 4218 1332 4293 farraginosa,
1380 4237 1496 4276 ove
1544 4218 1593 4276 si
1636 4218 1886 4293 ragiona
1927 4219 2073 4293 però
2119 4218 2180 4276 di
2224 4218 2355 4276 tutti
2401 4218 2485 4293 gli
2530 4218 2758 4286 edifici,
2806 4237 2839 4276 e
2884 4218 3277 4286 monumenti,
3325 4218 3673 4276 trovandosi
3718 4219 3883 4276 buon
3927 4237 4177 4276 numero
4223 4218 4284 4276 di
4329 4227 4487 4276 carte

698 4314 1133 4389 topografiche,
1166 4316 1244 4389 [p.
1273 4315 1417 4384 240]
1445 4314 1664 4389 piante,
1693 4314 1868 4372 alzati
1893 4333 1980 4372 ec.
2010 4315 2062 4372 a’
2094 4314 2302 4389 luoghi
2325 4314 2536 4372 riferiti
2561 4315 2659 4372 nel
2683 4323 2856 4382 testo,
2884 4333 2917 4372 e
2941 4333 3059 4372 una
3082 4314 3348 4389 quantità
3371 4314 3432 4372 di
3457 4314 3750 4372 memorie
3774 4314 3904 4372 utili
3927 4333 4034 4389 per
4057 4315 4113 4372 le
4139 4314 4262 4372 arti.

473 4506 655 4563 4008.
690 4507 912 4563 FENDT
941 4505 1188 4573 Tobiae,
1222 4507 1623 4563 Monumenta
1653 4506 1952 4563 clarorum
1982 4505 2253 4563 doctrina
2282 4505 2604 4580 praecipue
2635 4514 2761 4563 toto
2794 4506 2939 4563 orbe
2970 4514 3256 4563 terrarum
3286 4505 3552 4563 virorum
3582 4506 3839 4563 collecta
3868 4505 4099 4580 passim
4129 4514 4187 4563 et
4218 4505 4486 4563 maximo

698 4601 1008 4676 impendio
1043 4620 1185 4659 cura
1217 4610 1275 4659 et
1306 4601 1597 4659 industria
1628 4601 1690 4658 in
1725 4620 1825 4659 aes
1859 4601 2068 4669 incisa,
2108 4610 2348 4676 sumptu
2381 4610 2439 4659 et
2473 4601 2670 4659 studio
2705 4601 2927 4659 nobilis
2963 4601 3074 4659 viri
3107 4603 3181 4659 D.
3221 4601 3507 4676 Sigefridi
3541 4601 3828 4676 Rybisch,
3865 4620 4049 4676 opera
4081 4620 4224 4659 vero
4258 4601 4488 4659 Tobiae

698 4698 886 4755 Fendt
916 4697 1069 4755 civis
1102 4706 1160 4755 et
1188 4697 1435 4772 pictoris
1468 4697 1941 4755 uratislaviensis
1974 4706 2084 4755 etc.
2119 4697 2319 4755 Editio
2351 4697 2521 4755 tertia
2552 4698 2733 4772 longe
2767 4697 3233 4765 absolutissima,
3268 4697 3499 4755 Francf.
3536 4698 3611 4755 ad
3641 4699 3751 4765 M.,
3786 4697 4078 4772 impensis
4113 4697 4487 4772 Sigismundi

698 4793 1069 4861 Feirabendt,
1104 4793 1173 4851 15
1184 4794 1279 4861 89,
1305 4793 1367 4850 in
1391 4793 1496 4851 fol.

701 4890 865 4947 Sono
897 4898 1105 4964 queste
1143 4889 1257 4947 126
1288 4890 1488 4947 tavole
1519 4908 1839 4964 compreso
1870 4889 1913 4946 il
1944 4889 2337 4964 frontespizio
2369 4889 2627 4964 figurato
2659 4908 2692 4947 e
2723 4889 3033 4964 intagliato
3064 4889 3127 4946 in
3155 4908 3319 4947 rame
3350 4890 3427 4947 da
3455 4890 3689 4947 Jodoco
3719 4890 3960 4947 Amano
3991 4889 4278 4964 Tigurino
4310 4908 4486 4947 come

697 5004 804 5060 per
844 4986 902 5043 la
944 5004 1050 5043 sua
1089 5004 1306 5053 marca,
1351 5004 1384 5043 e
1426 4986 1486 5043 lo
1531 4985 1663 5043 stile
1707 4985 1756 5043 si
1796 4985 2131 5053 riconosce,
2176 4986 2232 5043 le
2274 4985 2436 5060 quali
2476 4994 2834 5060 presentano
2876 5004 2994 5043 una
3032 4985 3310 5060 preziosa
3352 4985 3503 5043 serie
3545 4985 3606 5043 di
3647 4985 4022 5043 monumenti
4064 4986 4140 5043 ed
4180 4985 4486 5043 iscrizioni

699 5080 987 5155 lapidarie
1014 5089 1182 5138 tratte
1210 5081 1368 5138 dalle
1393 5080 1710 5155 principali
1738 5080 1879 5138 città
1905 5080 2158 5138 d’Italia.
2191 5081 2392 5155 Opera
2417 5080 2478 5138 di
2506 5080 2760 5155 qualche
2786 5080 2978 5148 rarità,
3009 5081 3067 5138 la
3092 5081 3268 5155 quale
3296 5099 3589 5138 conserva
3616 5081 3827 5138 alcune
3855 5080 4147 5138 memorie
4175 5080 4275 5155 già
4299 5080 4487 5155 perite

699 5195 732 5234 e
757 5176 1043 5251 disperse.

473 5369 655 5427 4009.
682 5370 813 5425 FER
837 5369 964 5439 (de)
990 5370 1064 5426 N.
1093 5368 1435 5443 géographe
1459 5369 1534 5426 de
1561 5369 1618 5426 S.
1646 5370 1734 5426 M.
1763 5368 2064 5443 catolique
2089 5377 2147 5426 et
2170 5369 2245 5426 de
2269 5370 2357 5426 M.
2386 5369 2442 5426 le
2465 5368 2766 5443 Dauphin,
2794 5370 2909 5426 Les
2933 5369 3180 5426 beautés
3206 5369 3281 5426 de
3306 5369 3364 5426 la
3386 5370 3627 5436 France,
3654 5368 3817 5426 Paris
3850 5369 4024 5436 1708,
4051 5368 4113 5425 in
4137 5368 4264 5436 fol.,
4292 5368 4396 5443 fig.

699 5464 995 5522 Contiene
1021 5473 1234 5539 questo
1261 5464 1414 5522 libro
1440 5483 1559 5522 una
1583 5464 1850 5539 quantità
1874 5464 1935 5522 di
1959 5464 2179 5539 piante,
2208 5464 2269 5522 di
2293 5464 2583 5539 prospetti
2609 5464 2670 5522 di
2694 5464 2841 5522 reali
2867 5464 3075 5522 edifici
3102 5464 3163 5522 di
3189 5464 3407 5522 delizie
3433 5464 3494 5522 di
3520 5465 3660 5539 quel
3684 5483 3890 5539 regno,
3918 5464 4211 5539 intagliati
4237 5464 4299 5521 in
4323 5483 4487 5522 rame

698 5559 760 5616 in
786 5560 863 5617 32
889 5559 1097 5634 grandi
1121 5560 1321 5617 tavole
1348 5578 1529 5617 senza
1551 5559 1964 5617 illustrazioni.

473 5752 655 5809 4010.
682 5753 1096 5809 FERDINANDI
1118 5751 1410 5826 Principis
1435 5751 1930 5809 Paderbonensis.
1958 5751 2117 5809 Vedi
2139 5754 2536 5809 Monumenta
2560 5752 3080 5809 Paderbonensia.

473 5944 655 6001 4011.
682 5945 881 6001 FIORE
906 5943 1228 6011 Giovanni,
1255 5944 1434 6001 Della
1458 5943 1738 6001 Calabria
1760 5943 2066 6001 illustrata:
2096 5962 2280 6018 opera
2301 5952 2598 6018 postuma,
2625 5952 2662 6001 t.
2690 5945 2733 6011 I,
2760 5943 3002 6018 Napoli,
3028 5962 3135 6018 per
3157 5943 3425 6001 Antonio
3450 5943 3711 6011 Parrino,
3746 5943 3920 6011 1661,
3946 5943 4008 6000 in
4032 5943 4159 6011 fol.,
4187 5943 4292 6018 fig.

701 6039 930 6097 Sonovi
966 6048 1051 6097 tre
1088 6039 1240 6114 fogli
1277 6040 1354 6097 da
1388 6039 1532 6114 ogni
1569 6040 1689 6097 lato
1726 6039 2005 6114 impressi
2041 6039 2102 6097 di
2139 6039 2458 6114 medaglie,
2497 6039 2540 6096 il
2574 6039 2799 6097 ritratto
2836 6040 3211 6107 dell’autore,
3250 6058 3283 6097 e
3319 6040 3523 6114 quello
3560 6039 3621 6097 di
3658 6040 3839 6097 Carlo
3875 6039 4073 6097 Maria
4107 6039 4354 6097 Caraffa
4389 6039 4487 6097 cui

699 6135 933 6209 l’opera
957 6135 990 6192 è
1015 6134 1325 6202 intitolata,
1354 6153 1387 6192 e
1413 6135 1471 6192 la
1495 6143 1655 6192 carta
1678 6134 2057 6209 topografica
2081 6135 2239 6192 delle
2265 6134 2560 6192 Calabrie.
2589 6136 2846 6192 Doveva
2870 6134 2931 6192 di
2957 6135 3345 6209 quest’opera
3369 6134 3559 6192 escire
3584 6153 3664 6192 un
3691 6135 3838 6192 altro
3865 6135 4110 6192 volume
4134 6153 4241 6209 per
4265 6143 4486 6209 quanto

701 6230 750 6288 si
775 6230 1032 6288 enuncia
1055 6231 1153 6288 dal
1178 6230 1589 6305 frontespizio,
1617 6249 1717 6288 ma
1742 6249 1776 6288 a
1798 6230 1901 6288 noi
1925 6249 2047 6288 non
2071 6239 2240 6288 costa
2263 6230 2375 6288 che
2400 6231 2655 6288 vedesse
2680 6231 2738 6288 la
2762 6231 2913 6288 luce.
2943 6230 3442 6302 Quest’edizione
3466 6249 3589 6288 non
3613 6231 3646 6288 e
3671 6249 3947 6288 comune.

473 6423 655 6480 4012.
687 6424 969 6480 FISCHER
995 6424 1025 6480 ]
1029 6441 1116 6480 os.
1148 6423 1458 6490 Emanuel,
1490 6422 1775 6480 Dilucida
1800 6422 2265 6497 repraesentatio
2295 6422 2661 6497 magnificae
2690 6431 2748 6480 et
2778 6431 3165 6497 sumptuosae
3194 6422 3571 6480 Bibliotecae
3600 6423 3877 6490 Cesarae,
3908 6422 4183 6480 Viennae
4219 6423 4394 6490 1737,
4425 6422 4487 6479 in

2171 6657 2347 6694 WWW.
2358 6637 2734 6710 memofonte.
2748 6639 2791 6694 il
