4958 7017
1981 864 2366 922 Fondazione
2390 864 2775 922 Memofonte
2800 865 2976 922 onlus

1390 960 1600 1018 Studio
1624 979 1731 1035 per
1754 960 2226 1018 l’elaborazione
2250 960 2632 1018 informatica
2655 961 2813 1018 delle
2838 960 2991 1018 fonti
3018 960 3571 1018 storico—artistiche

700 1247 939 1315 antichi,
966 1248 1222 1305 tradotto
1247 1247 1309 1304 in
1333 1247 1538 1322 lingua
1560 1256 1810 1305 toscana
1831 1266 1938 1322 per
1962 1247 2244 1305 Gabriele
2271 1247 2558 1305 Simeoni.

697 1379 780 1383 —
802 1343 1178 1418 Aggiuntovi
1202 1343 1245 1400 il
1270 1343 1543 1401 discorso
1569 1343 1667 1401 dei
1690 1343 1872 1418 bagni
1897 1344 1973 1401 ed
1997 1343 2242 1418 esercizj
2274 1343 2495 1401 antichi
2520 1344 2615 1401 de’
2647 1343 2810 1418 greci
2835 1352 2893 1401 et
2916 1344 3011 1401 de’
3041 1343 3292 1411 romani,
3320 1343 3528 1411 Lione,
3555 1343 3844 1411 Rovillio,
3879 1343 4053 1411 1555,
4080 1343 4142 1400 in
4166 1343 4271 1401 fol.

698 1439 895 1497 Prima
918 1439 1196 1497 edizione
1220 1439 1464 1497 italiana
1485 1439 1823 1497 bellissima
1844 1458 1951 1514 per
1973 1439 2081 1514 tipi
2106 1458 2139 1497 e
2164 1440 2220 1497 le
2244 1440 2461 1497 tavole.

476 1631 655 1689 3668.
713 1633 812 1689 Du
867 1632 1105 1689 CHOUL
1160 1631 1530 1706 Guglielmo,
1588 1631 1880 1689 Discorso
1937 1632 2097 1689 della
2149 1631 2442 1706 religione
2499 1631 2694 1689 antica
2748 1631 2846 1689 dei
2900 1631 3151 1699 romani,
3209 1631 3466 1689 insieme
3522 1650 3639 1689 con
3693 1650 3773 1689 un
3829 1632 3976 1689 altro
4033 1631 4306 1689 discorso
4363 1632 4523 1689 della

699 1726 1290 1794 castramentazione,
1317 1726 1555 1784 tradotti
1579 1726 1641 1783 in
1664 1735 1915 1784 toscano
1941 1727 2018 1784 da
2042 1726 2287 1784 Gabriel
2314 1726 2584 1784 Simeoni
2610 1726 2952 1794 fiorentino,
2980 1726 3188 1794 Lione,
3215 1726 3503 1794 Rovillio,
3538 1726 3713 1794 1559,
3739 1726 3801 1783 in
3825 1726 3930 1784 fol.

701 1823 979 1880 Seconda
1002 1822 1280 1880 edizione
1304 1841 1426 1880 non
1450 1841 1631 1880 meno
1655 1823 1817 1880 bella
1840 1823 2000 1880 della
2021 1823 2398 1897 precedente,
2426 1841 2459 1880 e
2482 1822 2662 1897 piena
2685 1822 2746 1880 di
2770 1822 3089 1897 medaglie,
3117 1841 3150 1880 e
3174 1823 3374 1880 tavole
3401 1831 3691 1897 stampate
3717 1822 3807 1880 fra
3829 1822 3872 1879 il
3896 1831 4067 1880 testo.

476 2014 655 2073 3669.
686 2016 785 2072 Du
812 2015 1050 2072 CHOUL
1076 2014 1446 2089 Guglielmo,
1477 2014 1769 2072 Discorso
1800 2033 1977 2089 sopra
2003 2015 2061 2072 la
2087 2014 2679 2082 castramentazione,
2710 2033 2743 2072 e
2769 2014 2952 2089 bagni
2981 2014 3202 2072 antichi
3230 2014 3328 2072 dei
3357 2014 3538 2089 greci,
3569 2033 3602 2072 e
3630 2014 3728 2072 dei
3754 2014 3987 2072 romani
4015 2015 4175 2072 colla
4202 2014 4398 2089 figura
4424 2015 4523 2072 del

699 2129 916 2185 campo
954 2129 1224 2178 romano,
1266 2129 1299 2168 e
1337 2129 1456 2168 una
1492 2110 1934 2168 informazione
1973 2111 2133 2168 della
2170 2110 2399 2168 milizia
2435 2110 2749 2168 turchesca
2786 2110 2847 2168 di
2885 2112 2973 2168 M.
3015 2112 3348 2168 Francesco
3390 2110 3750 2178 Sansovino,
3791 2110 4053 2185 Vinegia
4097 2110 4272 2178 1582,
4312 2129 4522 2185 presso

698 2207 1008 2264 Altobello
1036 2206 1316 2274 Salicato,
1343 2206 1406 2263 in
1433 2207 1486 2274 8,
1514 2206 1618 2281 fig.

698 2301 962 2359 Libretto
989 2301 1222 2376 ripieno
1251 2301 1312 2359 di
1340 2301 1534 2376 figure
1561 2301 1623 2358 in
1650 2302 1849 2376 legno,
1880 2320 1979 2359 ma
2005 2301 2066 2359 di
2094 2320 2174 2359 un
2201 2301 2414 2359 merito
2442 2301 2726 2359 inferiore
2755 2320 2789 2359 a
2815 2302 3014 2376 quelle
3042 2302 3200 2359 delle
3228 2301 3492 2359 edizioni
3519 2301 3581 2358 in
3608 2301 3821 2376 foglio.
3852 2303 3936 2359 Le
3963 2302 4163 2359 tavole
4189 2302 4335 2376 però
4364 2302 4524 2359 della

698 2397 927 2455 milizia
949 2397 1263 2455 turchesca
1288 2416 1439 2455 sono
1465 2398 1654 2455 molto
1679 2397 1962 2472 migliori,
1990 2416 2023 2455 e
2048 2397 2191 2455 fatte
2216 2398 2432 2455 d’altra
2455 2416 2653 2455 mano.

476 2589 655 2647 3670.
684 2589 1329 2664 CIACONIIA1ph0nsi,
1357 2589 1535 2647 Vitae
1560 2598 1618 2647 et
1639 2608 1733 2647 res
1759 2598 1963 2664 gestae
1986 2589 2352 2664 pontificum
2373 2608 2762 2647 romanorum
2785 2598 2843 2647 et
2866 2589 3262 2647 cardinalium
3286 2590 3359 2647 ab
3384 2589 3557 2647 initio
3582 2589 3883 2647 nascentis
3909 2589 4206 2647 ecclesiae
4230 2608 4421 2664 usque
4448 2590 4523 2647 ad

699 2686 1080 2743 Clementem
1102 2687 1205 2753 IX,
1232 2687 1465 2743 Romae
1497 2685 1672 2753 1667,
1699 2685 1760 2742 in
1784 2685 1911 2753 fol.,
1939 2685 2066 2760 fig.,
2094 2686 2213 2743 vol.
2241 2687 2343 2743 IV.

697 2817 780 2821 —
806 2781 1176 2856 Aggiuntevi
1204 2782 1260 2839 le
1289 2782 1433 2839 altre
1461 2781 1582 2839 vite
1611 2800 1645 2839 a
1671 2782 1985 2839 Clemente
2013 2783 2070 2838 X
2097 2800 2288 2856 usque
2317 2782 2392 2839 ad
2419 2782 2802 2839 Clementem
2826 2783 2939 2838 XII
2969 2781 3222 2856 scriptae
3251 2800 3285 2839 a
3310 2781 3510 2839 Mario
3540 2781 3895 2849 Guarnacci,
3925 2783 4157 2839 Romae
4192 2781 4367 2849 1751,
4398 2782 4517 2839 vol.

698 2878 768 2934 II.

700 2973 1104 3047 Quest’opera
1138 2972 1236 3030 coi
1270 2972 1494 3040 ritratti,
1533 2991 1566 3030 e
1603 2972 1686 3047 gli
1725 2972 1981 3040 stemmi,
2021 2991 2054 3030 e
2089 2972 2109 3029 i
2145 2972 2521 3030 monumenti
2557 2972 2655 3030 dei
2690 2972 3001 3047 pontefici,
3040 2973 3073 3030 e
3109 2972 3432 3030 utilissima
3464 2991 3571 3047 per
3604 2981 3753 3030 tutto
3790 2972 3901 3030 che
3935 2972 4213 3047 riguarda
4247 2973 4305 3030 la
4342 2972 4523 3030 storia

700 3068 888 3126 anche
915 3069 1073 3126 delle
1101 3068 1385 3126 antichità
1408 3087 1672 3126 romane.
1703 3070 1728 3125 I
1754 3069 1792 3125 4
1818 3068 1994 3143 primi
2022 3068 2253 3126 volumi
2281 3068 2498 3126 furono
2525 3068 2803 3143 impressi
2835 3070 2913 3143 [p.
2951 3069 3087 3138 183]
3119 3068 3181 3125 in
3207 3068 3442 3136 cattiva,
3472 3087 3505 3126 e
3532 3087 3649 3126 con
3675 3068 3950 3143 maggior
3974 3068 4334 3143 negligenza
4359 3068 4521 3143 degli

698 3164 893 3222 ultimi
922 3165 1038 3222 due
1065 3164 1170 3239 più
1199 3173 1675 3222 accuratamente
1704 3164 1982 3239 impressi
2011 3183 2044 3222 e
2071 3164 2176 3239 più
2205 3164 2570 3222 abbondanti
2599 3164 2660 3222 di
2688 3165 2907 3232 tavole,
2937 3164 3157 3239 poiché
3186 3165 3335 3222 oltre
3364 3165 3563 3239 quelle
3592 3164 3690 3222 dei
3716 3164 4009 3239 pontefici
4037 3164 4302 3222 trovansi
4332 3164 4521 3222 anche

699 3261 755 3318 le
779 3260 1030 3335 imagini
1055 3260 1153 3318 dei
1178 3260 1482 3318 cardinali.

476 3451 655 3509 3671.
705 3452 1015 3509 CIAMPINI
1058 3451 1323 3519 Joannis,
1371 3453 1594 3509 Vetera
1638 3460 2044 3519 monumenta,
2092 3451 2155 3508 in
2200 3451 2417 3526 quibus
2462 3451 2785 3526 praecipue
2831 3451 3069 3509 musiva
3113 3470 3313 3526 opera,
3364 3470 3680 3519 sacrarum,
3727 3451 4234 3526 profanarumque
4281 3451 4524 3509 aedium

701 3556 1004 3615 structura,
1036 3566 1104 3605 ac
1133 3547 1407 3605 nonnulli
1437 3547 1663 3622 antiqui
1689 3547 1834 3605 ritus
1864 3547 2401 3615 dissertationibus,
2431 3547 2832 3622 iconibusque
2859 3547 3240 3615 illustrantur,
3270 3547 3420 3605 tomi
3448 3548 3504 3615 2,
3535 3549 3768 3605 Romae
3803 3547 3959 3606 1690
3989 3548 4064 3605 ad
4098 3547 4272 3615 1699,
4302 3547 4364 3604 in
4392 3547 4519 3615 fol.,

699 3643 804 3718 fig.

700 3740 901 3814 Opera
922 3739 1102 3814 piena
1125 3739 1186 3797 di
1211 3739 1484 3807 dottrina,
1511 3758 1610 3797 ma
1633 3758 1751 3797 con
1774 3740 1974 3797 tavole
1999 3740 2120 3797 mal
2145 3739 2414 3814 eseguite
2438 3739 2500 3796 in
2524 3758 2775 3797 numero
2801 3739 2862 3797 di
2894 3739 3025 3797 135.

476 3930 655 3988 3672.
693 3931 1003 3988 CIAMPINI
1034 3930 1299 3998 Joannis,
1335 3932 1429 3988 De
1466 3930 1649 3988 sacris
1685 3930 1984 3988 aedificiis
2020 3949 2054 3988 a
2086 3930 2442 3988 Costantino
2477 3932 2708 4005 Magno
2743 3930 3118 3988 constructis:
3160 3930 3440 4005 synopsis
3475 3930 3776 3998 historica,
3812 3932 4045 3988 Romae
4086 3930 4261 3998 1693,
4297 3930 4359 3987 in
4392 3930 4520 3998 fol.,

699 4026 826 4101 fig.,
853 4027 1053 4084 tavole
1080 4026 1175 4084 35.

476 4218 655 4276 3673.
683 4219 994 4276 CIAMPINI
1016 4218 1281 4286 Joannis,
1309 4218 1806 4276 Additamentum
1829 4219 1904 4276 de
1929 4218 2229 4276 veteribus
2255 4218 2662 4286 monimentis,
2690 4220 2922 4276 Romae
2954 4219 3129 4286 1748,
3156 4218 3218 4275 in
3242 4218 3369 4286 fol.,
3397 4218 3502 4293 fig.

476 4410 655 4468 3674.
683 4411 1088 4468 CICOGNARA
1110 4411 1445 4485 Leopoldo,
1471 4412 1705 4468 Lettera
1730 4429 1799 4468 su
1824 4411 2036 4468 alcune
2061 4410 2469 4468 controversie
2494 4410 2730 4468 intorno
2757 4411 2812 4468 al
2836 4412 3119 4478 Panteon,
3146 4410 3284 4468 Pisa
3314 4411 3489 4478 1807,
3515 4410 3577 4467 in
3604 4411 3656 4468 8.

698 4507 783 4563 Fu
809 4505 871 4562 in
898 4506 1301 4580 quell’epoca,
1331 4505 1442 4563 che
1472 4505 1521 4563 si
1549 4506 1805 4580 concepì
1834 4524 2121 4580 speranza
2146 4505 2207 4563 di
2235 4506 2418 4563 veder
2442 4505 2660 4563 isolato
2689 4506 2828 4580 quel
2855 4505 3188 4580 magnifico
3216 4505 3466 4563 edificio
3494 4506 3652 4563 delle
3680 4505 3991 4563 fabbriche
4016 4505 4291 4580 parasite,
4321 4505 4432 4563 che
4460 4506 4520 4563 lo

700 4601 1007 4676 affogano.

476 4793 655 4851 3675.
703 4794 999 4851 CIPRIANI
1038 4793 1361 4861 Giovanni,
1407 4794 1698 4851 Raccolta
1740 4793 1801 4851 di
1847 4794 1966 4851 320
2011 4794 2228 4851 vedute
2274 4794 2323 4851 si
2368 4793 2604 4851 antiche
2648 4793 2760 4851 che
2804 4794 3091 4851 moderne
3135 4794 3295 4851 della
3337 4793 3479 4851 città
3522 4793 3583 4851 di
3626 4795 3839 4861 Roma,
3886 4812 3919 4851 e
3963 4793 4024 4851 di
4069 4793 4268 4851 alcuni
4312 4793 4522 4868 luoghi

701 4889 1023 4947 suburbani
1047 4889 1238 4947 incise
1264 4908 1298 4947 a
1319 4889 1529 4947 bulino
1554 4889 1616 4946 in
1643 4890 1720 4947 80
1744 4889 1911 4957 rami,
1938 4891 2152 4957 Roma,
2179 4889 2241 4946 in
2264 4890 2302 4946 4
2328 4890 2448 4947 obl.

700 4986 866 5043 Oltre
892 4986 947 5043 al
972 4985 1240 5060 Cipriani
1265 4985 1437 5043 molti
1463 4985 1592 5043 altri
1616 4985 1979 5060 intagliatori
2004 4986 2360 5043 lavorarono
2385 4985 2447 5042 in
2471 4994 2684 5060 questo
2710 4985 3162 5060 elegantissimo
3189 4986 3539 5043 volumetto.
3567 4986 3916 5060 Esemplare
3941 4985 4374 5043 freschissimo.

476 5176 655 5234 3676.
693 5177 1070 5234 CLEMENTIS
1106 5178 1219 5233 XII
1253 5176 1568 5234 Pontificis
1603 5176 1881 5244 Maximi,
1919 5176 2313 5251 Apostolicae
2347 5176 2603 5234 Litterae
2636 5195 2744 5251 pro
2778 5185 2940 5234 recta
2973 5176 3485 5234 administratione
3521 5185 3579 5234 et
3612 5176 4069 5234 conservatione
4103 5176 4522 5234 Bibliothecae

698 5272 1027 5330 Vaticanae
1053 5273 1126 5330 ab
1151 5272 1286 5347 ipso
1313 5272 1720 5347 amplificatae
1745 5281 1803 5330 et
1827 5281 2052 5340 auctae,
2079 5274 2311 5330 Romae
2343 5273 2518 5340 1739,
2545 5272 2607 5329 in
2630 5273 2687 5340 4,
2714 5274 2802 5330 M.
2832 5272 2886 5330 5.

476 5464 655 5522 3677.
692 5465 1054 5522 CLEMENTE
1085 5466 1226 5521 XIII
1258 5466 1436 5539 Papa,
1471 5465 1705 5522 Cedola
1736 5464 1797 5522 di
1830 5473 1996 5522 moto
2028 5464 2272 5539 proprio
2303 5483 2410 5539 per
2441 5464 2524 5539 gli
2557 5464 2770 5532 ordini,
2806 5483 2839 5522 e
2870 5464 3265 5539 regolamenti
3298 5465 3458 5522 della
3489 5464 3847 5532 Biblioteca,
3883 5483 3916 5522 e
3948 5466 4170 5522 Museo
4203 5464 4519 5532 Vaticano,

698 5561 895 5617 Roma
925 5559 1100 5627 1761,
1127 5559 1189 5616 in
1212 5560 1269 5627 4,
1296 5561 1384 5617 M.
1414 5559 1468 5617 5.

476 5751 655 5809 3678.
709 5752 1135 5809 COLLECTION
1184 5752 1259 5809 de
1308 5751 1609 5826 peintures
1662 5751 1952 5826 antiques,
2006 5751 2108 5826 qui
2159 5751 2435 5809 ornoient
2484 5752 2571 5809 les
2622 5751 2900 5819 thermes,
2952 5751 3162 5826 palais,
3216 5752 3577 5819 mausolées,
3631 5751 3944 5809 chambres
3998 5752 4361 5826 sepulcrales
4413 5752 4520 5809 des

699 5866 1040 5922 empereurs
1066 5847 1350 5915 romains,
1380 5856 1438 5905 et
1464 5856 1656 5905 autres
1684 5847 1957 5915 edifices,
1988 5866 2134 5905 avec
2162 5848 2290 5905 leur
2315 5847 2682 5922 description
2707 5847 3054 5922 historique,
3083 5849 3297 5915 Rome,
3327 5847 3475 5905 chez
3501 5847 3841 5915 Bouchard,
3871 5856 3929 5905 et
3955 5848 4222 5915 Gravi'er,
4258 5848 4432 5915 1781,
4461 5847 4523 5904 in

699 5943 826 6011 fol.,
854 5943 959 6018 fig.

701 6040 865 6097 Sono
899 6040 973 6097 33
1007 6040 1207 6097 tavole
1236 6040 1558 6114 precedute
1589 6040 1666 6097 da
1697 6040 1729 6097 8
1763 6039 1915 6114 fogli
1946 6039 2007 6097 di
2037 6048 2209 6107 testo,
2242 6039 2548 6114 intagliate
2580 6058 2614 6097 a
2643 6040 2830 6097 modo
2861 6039 2922 6097 di
2953 6039 3188 6114 disegni
3219 6058 3336 6097 con
3364 6058 3522 6114 poca
3552 6048 3954 6107 accuratezza,
3988 6058 4021 6097 e
4050 6058 4157 6114 per
4185 6048 4429 6114 oggetto
4461 6039 4522 6097 di

701 6153 806 6209 spe
836 6136 914 6209 [p.
950 6135 1086 6204 184]
1117 6134 1431 6192 culazione
1456 6134 1711 6202 libraria,
1738 6153 1922 6209 opera
1945 6134 2056 6192 che
2080 6153 2202 6192 non
2225 6134 2302 6192 ha
2326 6135 2473 6192 altro
2499 6134 2711 6192 merito
2738 6134 2849 6192 che
2874 6135 2932 6192 la
2955 6134 3122 6192 fonte
3149 6134 3406 6192 sublime
3431 6134 3869 6192 dell’antichità
3892 6135 3969 6192 da
3992 6134 4089 6192 cui
4114 6134 4335 6192 deriva.

712 6250 1058 6307 COLUMNA
1079 6250 1211 6324 Traj
1222 6268 1349 6307 ana.
1377 6249 1699 6307 Antonina.
1728 6249 1887 6307 Vedi
1909 6249 2140 6307 Bellori
2147 6298 2156 6307 .
2184 6249 2609 6307 Theodosiana
2632 6249 2771 6307 vedi
2793 6252 3093 6307 Menetrei
3100 6298 3109 6307 .

476 6441 655 6500 3679.
693 6442 1092 6499 CONTARINO
1126 6441 1216 6499 fra
1248 6441 1424 6516 Luigi
1460 6441 1839 6499 dell’Ordine
1874 6441 2207 6509 Crucifero,
2244 6441 2608 6499 L’antichità
2640 6441 2701 6499 di
2735 6443 2932 6499 Roma
2965 6460 3082 6499 con
3115 6442 3232 6499 due
3266 6441 3692 6516 copiosissime
3726 6442 3927 6499 tavole
3961 6441 4123 6516 degli
4157 6441 4520 6516 imperatori,

2171 6657 2347 6694 WWW.
2358 6637 2734 6710 memofonte.
2748 6639 2791 6694 il
