4958 7017
1981 864 2366 922 Fondazione
2390 864 2775 922 Memofonte
2800 865 2976 922 onlus

1390 960 1600 1018 Studio
1624 979 1731 1035 per
1754 960 2226 1018 l’elaborazione
2250 960 2632 1018 informatica
2655 961 2813 1018 delle
2838 960 2991 1018 fonti
3018 960 3571 1018 storico—artistiche

475 1252 690 1320 2347.
724 1253 1246 1320 PINDEMONTE
1270 1251 1604 1341 Ippolito,
1636 1251 1898 1341 Elogio
1929 1251 2046 1320 del
2074 1251 2351 1320 March.
2387 1251 2732 1341 Scipione
2760 1251 3049 1333 Maffei,
3082 1253 3374 1320 Verona
3410 1252 3619 1333 1784,
3652 1251 3726 1319 in
3759 1252 3821 1320 8.

713 1363 942 1434 Questo
969 1363 1237 1420 letterato
1264 1362 1481 1430 amico,
1509 1363 1755 1430 cultore,
1782 1362 2140 1420 illustratore
2165 1381 2198 1420 e
2221 1362 2593 1420 benemerito
2620 1363 2736 1420 alle
2762 1362 2868 1420 arti
2893 1381 2926 1420 e
2952 1363 3067 1420 alle
3094 1362 3378 1420 antichità
3402 1362 3467 1420 fu
3492 1363 3696 1420 lodato
3722 1363 3799 1420 da
3821 1363 4111 1420 un’aurea
4132 1381 4347 1437 penna,
4375 1362 4487 1420 che

710 1477 842 1516 rese
865 1458 970 1533 più
992 1458 1327 1533 pregievoli
1353 1458 1436 1533 gli
1461 1458 1702 1516 encomi
1728 1458 2084 1533 giustissimi
2108 1458 2369 1516 tributati
2395 1477 2429 1516 a
2454 1459 2503 1516 si
2528 1459 2858 1516 onorevole
2883 1458 3192 1516 memoria.

483 1655 698 1723 2348.
744 1656 1172 1736 PINGERON,
1223 1654 1400 1723 Vies
1450 1654 1577 1723 des
1628 1654 2046 1723 architectes
2097 1654 2389 1723 anciens
2439 1665 2508 1723 et
2553 1654 2958 1736 modernes,
3009 1654 3132 1744 qui
3183 1676 3259 1723 se
3309 1665 3471 1723 sont
3513 1654 3774 1723 rendus
3824 1654 4144 1723 célebres
4194 1654 4370 1723 chez
4419 1654 4487 1723 le

713 1769 1133 1838 differentes
1164 1769 1470 1851 nations,
1502 1769 1842 1838 traduites
1874 1769 1963 1838 de
1992 1769 2299 1838 l’italien
2329 1780 2486 1851 etc.,
2520 1770 2564 1837 2
2594 1769 2739 1838 vol.
2774 1791 2863 1838 en
2901 1770 3009 1851 12,
3042 1769 3236 1838 Paris
3276 1770 3483 1838 1771.

713 1881 1114 1955 Quantunque
1150 1880 1193 1937 il
1228 1881 1550 1938 traduttore
1585 1899 1708 1938 non
1744 1880 1924 1955 degni
1960 1880 2272 1938 nominare
2308 1881 2564 1938 l’autore
2599 1880 2864 1948 italiano,
2903 1881 2980 1938 da
3014 1880 3111 1938 cui
3147 1881 3417 1938 tradusse
3453 1881 3704 1955 l’opera,
3743 1889 3953 1955 questa
3987 1881 4020 1938 e
4057 1880 4118 1938 di
4153 1882 4487 1938 Francesco

711 1976 965 2034 Milizia.

471 2172 686 2241 2349.
734 2173 1033 2240 POMPEI
1076 2171 1475 2253 Girolamo,
1530 2171 1891 2240 Orazione
1940 2171 2014 2239 in
2063 2182 2292 2240 morte
2342 2171 2414 2240 di
2464 2171 2958 2240 Giambettino
3009 2171 3380 2261 Cignaroli
3429 2171 3645 2261 pittor
3692 2193 4042 2240 veronese
4092 2171 4182 2240 ed
4232 2171 4486 2240 alcune

711 2286 1046 2376 poetiche
1076 2286 1610 2376 composizioni
1643 2286 1830 2355 sullo
1863 2297 2094 2355 stesso
2126 2297 2567 2376 argomento,
2600 2288 2893 2355 Verona
2929 2287 3137 2368 1771,
3170 2286 3244 2354 in
3272 2287 3340 2368 4,
3372 2288 3478 2355 M.
3521 2287 3628 2355 11.

471 2497 686 2566 2350.
725 2499 1102 2566 POZZETTI
1130 2497 1514 2587 Pompilio,
1552 2499 1701 2566 Leo
1737 2497 2062 2587 Baptista
2093 2497 2373 2566 Alberti
2408 2497 2735 2566 laudatus
2771 2497 2845 2565 in
2882 2497 3191 2566 solemni
3229 2497 3628 2566 studiorum
3661 2497 4166 2566 instauratone:
4209 2497 4489 2566 accedit

713 2612 1272 2681 commentarius
1318 2612 1624 2694 italicus,
1672 2634 1817 2702 quo
1862 2612 2010 2681 vita
2053 2612 2382 2681 eiusdem
2426 2623 2495 2681 et
2540 2612 2802 2702 scripta
2845 2612 3338 2702 compluribus
3386 2612 3617 2681 adhuc
3662 2612 3952 2681 ineditis
3998 2612 4486 2681 monumentis

712 2727 1168 2809 illustrantur,
1200 2727 1601 2796 Florentiae
1639 2728 1848 2809 1789,
1881 2727 1955 2795 in
1983 2728 2051 2809 4,
2085 2749 2182 2817 gr.

712 2839 828 2896 Col
851 2838 1075 2896 ritratto
1101 2838 1162 2896 di
1186 2840 1250 2896 L.
1278 2840 1431 2896 Batt.
1459 2838 1691 2896 Alberti
1719 2839 1809 2896 sul
1835 2838 2246 2913 frontespizio.

475 3034 690 3103 2351.
740 3036 906 3102 DEL
944 3036 1206 3103 POZZO
1254 3035 1488 3103 Conte
1533 3034 2100 3116 Bartolommeo,
2149 3036 2250 3103 Le
2296 3034 2442 3103 vite
2489 3034 2602 3103 de’
2655 3034 2918 3124 pittori,
2970 3034 3262 3103 scultori
3310 3056 3349 3103 e
3396 3034 3746 3103 architetti
3792 3034 4147 3116 veronesi,
4196 3036 4489 3103 Verona

721 3150 929 3231 1718,
962 3149 1036 3217 in
1064 3150 1131 3218 4.

715 3260 896 3318 Libro
923 3260 1283 3318 accreditato
1309 3279 1342 3318 e
1369 3260 1570 3318 scritto
1596 3261 1673 3318 da
1695 3279 1774 3318 un
1798 3260 2135 3318 coltissimo
2162 3269 2426 3318 amatore
2451 3260 2512 3318 di
2537 3279 2681 3318 cose
2704 3260 2908 3335 patrie.

475 3455 690 3524 2352.
763 3457 1088 3524 PUCCINI
1151 3456 1327 3524 Cav.
1400 3457 1818 3537 Tommaso,
1889 3455 2252 3524 Memorie
2320 3455 2949 3524 istorico-critiche
3018 3455 3090 3524 di
3158 3455 3555 3524 Antonello
3625 3455 3818 3545 degli
3886 3455 4160 3524 Antoni
4228 3455 4486 3545 pittore

712 3570 1134 3652 messinese,
1166 3570 1463 3639 Firenze
1501 3571 1709 3652 1809,
1742 3570 1816 3638 in
1849 3571 1912 3652 8,
1944 3572 2050 3639 M.
2088 3571 2200 3639 88.

481 3783 574 3871 [p.
610 3782 780 3864 398]

475 4011 690 4080 2353.
724 4013 967 4079 RATTI
991 4011 1207 4080 Carlo
1238 4011 1632 4101 Giuseppe,
1664 4011 1976 4101 Epilogo
2007 4011 2199 4080 della
2226 4011 2374 4080 vita
2402 4011 2520 4080 del
2549 4011 2628 4080 fu
2658 4012 2834 4080 Cav.
2867 4011 3191 4080 Antonio
3221 4011 3556 4080 Rafaello
3585 4013 3874 4101 Mengs,
3906 4011 4141 4101 primo
4170 4011 4386 4101 pittor
4414 4011 4487 4080 di

713 4127 1020 4195 Camera
1048 4126 1120 4195 di
1152 4127 1222 4195 S.
1255 4128 1361 4195 M.
1396 4126 1773 4208 Cattolica,
1807 4127 2114 4195 Genova
2150 4127 2358 4208 1779,
2391 4126 2465 4194 in
2493 4127 2561 4208 4,
2596 4148 2694 4216 gr.

475 4337 690 4406 2354.
727 4339 970 4405 RATTI
997 4337 1213 4406 Carlo
1247 4337 1641 4427 Giuseppe,
1676 4337 1968 4406 Notizie
2003 4337 2312 4406 storiche
2347 4337 2622 4406 sincere
2655 4337 2939 4406 intorno
2972 4337 3042 4406 la
3072 4337 3220 4406 vita
3251 4337 3341 4406 ed
3373 4359 3590 4427 opere
3623 4337 3695 4406 di
3727 4337 4051 4406 Antonio
4083 4337 4362 4427 Allegri
4396 4337 4488 4406 da

713 4452 1134 4542 Correggio,
1166 4452 1412 4521 Finale
1450 4453 1658 4534 1781,
1691 4452 1766 4520 in
1799 4453 1861 4521 8.

712 4564 828 4621 Col
855 4563 1079 4621 ritratto
1108 4563 1170 4620 in
1197 4563 1513 4638 principio.
1546 4565 1630 4621 Le
1666 4564 1778 4621 188
1808 4563 2027 4638 pagine
2056 4563 2117 4621 di
2146 4572 2359 4638 questo
2389 4563 2542 4621 libro
2572 4563 2840 4621 lasciano
2870 4563 3171 4621 desiderio
3201 4563 3262 4621 di
3289 4563 3394 4638 più
3423 4563 3622 4638 ampie
3651 4563 3875 4621 notizie
3903 4563 4139 4621 intorno
4172 4564 4221 4621 si
4250 4564 4487 4621 celebre

713 4659 928 4717 artista.

488 4874 703 4943 2355.
737 4876 849 4943 De
878 4876 1276 4943 RENALDIS
1304 4874 1704 4956 Girolamo,
1737 4874 1951 4943 Della
1977 4874 2237 4964 pittura
2264 4874 2573 4943 friulana
2603 4874 2856 4964 saggio
2889 4874 3175 4956 storico,
3207 4874 3448 4943 Udine
3487 4875 3695 4956 1798,
3728 4874 3802 4942 in
3830 4875 3898 4956 4,
3932 4896 4029 4964 gr.

475 5084 690 5153 2356.
728 5086 989 5153 RESTA
1016 5086 1088 5153 P.
1128 5084 1578 5166 Sebastiano,
1616 5084 1860 5153 Indice
1895 5084 2012 5153 del
2045 5084 2229 5153 libro
2264 5084 2643 5153 intitolato:
2683 5086 2994 5153 Parnaso
3029 5084 3143 5153 de’
3184 5084 3425 5174 pittori
3459 5084 3534 5152 in
3568 5084 3684 5153 cui
3721 5084 3780 5153 si
3816 5095 4298 5174 contengono,
4335 5084 4486 5153 vari

713 5199 995 5289 disegni
1026 5199 1359 5289 originali
1388 5199 1684 5268 raccolti
1715 5199 1789 5267 in
1818 5201 2055 5268 Roma
2083 5199 2174 5268 da
2203 5200 2273 5268 S.
2307 5201 2416 5281 R.,
2449 5199 2752 5289 Perugia
2788 5200 2996 5281 1707,
3029 5199 3103 5267 in
3136 5200 3198 5268 8.

711 5310 908 5368 Prima
934 5329 967 5368 e
994 5310 1299 5368 rarissima
1326 5310 1604 5368 edizione
1632 5310 1693 5368 di
1722 5319 1934 5385 questo
1963 5310 2217 5368 libretto.
2250 5311 2480 5382 Questo
2512 5310 2780 5368 scrittore
2809 5311 2946 5368 amò
2976 5311 3401 5385 grandemente
3430 5311 3486 5368 le
3515 5310 3639 5378 arti,
3670 5329 3771 5368 ma
3796 5310 3839 5367 il
3869 5329 3978 5368 suo
4007 5310 4243 5368 criterio
4272 5329 4394 5368 non
4422 5310 4488 5368 fu

710 5406 838 5481 pari
864 5407 981 5464 alla
1006 5425 1112 5464 sua
1133 5406 1538 5481 propensione
1561 5425 1668 5481 per
1691 5407 1894 5481 quello
1922 5406 2132 5464 stadio.
2160 5408 2244 5464 Le
2269 5406 2515 5464 nozioni
2542 5425 2693 5464 sono
2717 5407 2863 5481 però
2891 5425 3124 5481 sempre
3147 5406 3423 5481 preziose
3446 5425 3553 5481 per
3575 5415 3723 5464 tutto
3749 5406 3846 5464 ciò
3872 5406 3983 5464 che
4008 5407 4041 5464 e
4066 5406 4127 5464 di
4152 5406 4317 5464 fatto.

471 5621 686 5690 2357.
728 5623 989 5690 RESTA
1020 5623 1092 5690 P.
1136 5621 1585 5703 Sebastiano,
1627 5621 1871 5690 Indice
1909 5621 2027 5690 del
2064 5621 2248 5690 libro
2286 5621 2643 5690 intitolato
2681 5623 2992 5690 Parnaso
3031 5621 3145 5690 de’
3190 5621 3431 5711 pittori
3470 5621 3544 5689 in
3582 5621 3698 5690 cui
3739 5621 3798 5690 si
3837 5632 4297 5711 contengono
4335 5621 4486 5690 vari

713 5736 995 5826 disegni
1026 5736 1359 5826 originali
1388 5736 1684 5805 raccolti
1715 5736 1789 5804 in
1818 5738 2055 5805 Roma
2083 5736 2174 5805 da
2203 5737 2273 5805 S.
2307 5738 2390 5805 R.
2423 5736 2774 5805 Edizione
2806 5736 3141 5818 seconda,
3174 5736 3478 5826 Perugia
3514 5737 3722 5818 1787,
3756 5736 3830 5804 in
3863 5737 3926 5818 8,
3958 5738 4064 5805 M.
4102 5737 4214 5805 88.

471 5947 686 6016 2358.
727 5949 1049 6016 RIDOLFI
1079 5947 1318 6029 Carlo,
1358 5947 1528 6016 Vita
1563 5947 1635 6016 di
1673 5947 2005 6037 Giacopo
2042 5947 2349 6016 Robusti
2387 5947 2580 6016 detto
2617 5947 2669 6015 il
2705 5947 3121 6029 Tintoretto,
3161 5947 3486 6016 Venezia
3529 5947 3737 6029 1642,
3776 5969 4027 6037 presso
4065 5947 4486 6037 Guglielmo

713 6062 1029 6144 Oddoni,
1062 6062 1136 6130 in
1164 6063 1232 6144 4,
1264 6062 1403 6152 pic.

710 6220 809 6225 —
843 6177 1288 6267 Aggiuntavi
1325 6177 1395 6246 la
1429 6177 1577 6246 vita
1612 6177 1684 6246 di
1722 6177 1945 6246 Paolo
1983 6177 2320 6267 Cagliari,
2361 6177 2555 6246 dello
2595 6188 2849 6259 stesso,
2889 6177 3214 6246 Venezia
3257 6177 3465 6259 1746,
3504 6199 3755 6267 presso
3792 6179 4071 6246 Matteo
4108 6177 4308 6259 Leni,
4349 6199 4488 6246 con

711 6314 808 6361 un
835 6292 1244 6361 bellissimo
1273 6292 1541 6361 ritratto
1572 6292 1644 6361 di
1674 6292 1917 6361 Paolo.

713 6404 938 6475 Queste
963 6404 1080 6461 due
1105 6403 1225 6461 vite
1248 6404 1593 6478 precedono
1619 6404 1677 6461 la
1702 6412 1987 6478 seguente
2012 6403 2164 6461 ediz.
2193 6403 2617 6478 complessiva.

2171 6657 2347 6694 WWW.
2358 6637 2734 6710 memofonte.
2748 6639 2791 6694 il
