4958 7017
1981 864 2366 922 Fondazione
2390 864 2775 922 Memofonte
2800 865 2976 922 onlus

1390 960 1600 1018 Studio
1624 979 1731 1035 per
1754 960 2226 1018 l’elaborazione
2250 960 2632 1018 informatica
2655 961 2813 1018 delle
2838 960 2991 1018 fonti
3018 960 3571 1018 storico—artistiche

707 1251 1146 1341 imprimeur,
1188 1251 1396 1333 1576,
1429 1251 1503 1319 in
1532 1251 1659 1320 fol.
1693 1251 1819 1341 fig.

706 1364 792 1420 La
813 1362 919 1437 più
941 1381 1071 1420 rara
1093 1371 1180 1420 tra
1203 1363 1259 1420 le
1284 1381 1466 1437 opere
1489 1362 1834 1437 pubblicate
1859 1362 1920 1420 di
1945 1371 2157 1437 questo
2184 1371 2388 1420 autore
2413 1362 2534 1420 mai
2559 1363 2780 1420 veduta
2803 1363 2901 1420 dal
2926 1362 3195 1420 Comolli
3220 1381 3253 1420 e
3277 1362 3498 1420 taciuta
3521 1363 3619 1420 dal
3643 1362 3849 1437 Tirloy
3873 1363 3971 1420 nel
3999 1381 4108 1420 suo
4133 1362 4485 1420 Dizionario

707 1458 1192 1526 d’Architettura,
1220 1477 1337 1516 con
1362 1458 1440 1516 60
1465 1459 1665 1516 tavole
1689 1458 1996 1533 intagliate
2020 1458 2083 1515 in
2105 1477 2269 1516 rame
2294 1477 2327 1516 e
2353 1459 2681 1516 altrettante
2705 1458 3118 1526 illustrazioni,
3145 1458 3438 1516 intitolate
3463 1458 3730 1516 Lezioni.

474 1674 636 1742 828.
671 1674 1139 1742 CHAMBERS’
1176 1673 1465 1742 Jesuits’
1502 1673 1814 1763 practice
1844 1673 1930 1742 of
1951 1673 2424 1763 perspective,
2457 1673 2764 1742 London
2802 1673 3010 1755 1726,
3043 1673 3117 1741 in
3145 1674 3213 1755 4,
3246 1673 3295 1742 f.

708 1785 909 1859 Opera
932 1784 1359 1859 copiosissima
1382 1784 1443 1842 di
1467 1785 1685 1852 tavole,
1713 1784 2061 1842 traduzione
2086 1785 2184 1842 dal
2209 1784 2482 1842 francese
2507 1785 2584 1842 da
2606 1785 2871 1842 Roberto
2895 1784 3122 1842 Pricke.

478 2000 640 2069 829.
675 2000 1038 2068 CONTINO
1064 1999 1531 2081 Bernardino,
1564 2001 1666 2068 La
1692 1999 2136 2089 prospettiva
2162 1999 2452 2089 pratica,
2486 1999 2811 2068 Venezia
2847 1999 3055 2081 1684,
3087 2021 3338 2089 presso
3369 1999 3573 2068 Giac.
3607 2001 3847 2081 Hertz,
3880 1999 3954 2067 in
3983 1999 4110 2068 fol.
4144 1999 4270 2089 fig.

708 2111 909 2185 Opera
932 2129 1049 2168 con
1073 2110 1385 2168 chiarezza
1408 2129 1441 2168 e
1464 2110 1804 2185 precisione
1829 2110 1890 2168 di
1914 2119 2067 2168 testo
2093 2129 2126 2168 e
2151 2110 2212 2168 di
2237 2110 2473 2185 disegni
2497 2110 2559 2167 in
2582 2110 2645 2167 in
2668 2111 2869 2168 tavole
2894 2110 3153 2185 espressi
3178 2111 3254 2168 ed
3277 2110 3570 2185 intagliati
3594 2110 3656 2167 in
3678 2129 3860 2168 rame.

491 2306 653 2374 830.
689 2306 976 2374 COSTA.
1007 2305 1172 2374 Gio.
1206 2307 1629 2387 Francesco,
1662 2305 2019 2374 Elementi
2051 2305 2123 2374 di
2153 2305 2595 2395 prospettiva
2622 2327 2748 2395 per
2775 2327 2910 2374 uso
2942 2305 3135 2395 degli
3168 2305 3517 2374 architetti
3549 2327 3588 2374 e
3617 2305 3880 2395 pittori,
3914 2305 4239 2374 Venezia
4276 2306 4484 2387 1747,

707 2420 781 2488 in
814 2421 877 2502 8,
910 2420 1036 2510 fig.

708 2532 909 2606 Opera
932 2532 1292 2589 elementare
1315 2550 1422 2606 per
1444 2550 1555 2589 uso
1581 2532 1740 2589 delle
1767 2532 1973 2589 scuole
1998 2550 2115 2589 con
2139 2532 2218 2588 22
2243 2532 2443 2589 tavole
2467 2531 2774 2606 intagliate
2798 2531 2860 2588 in
2882 2550 3063 2589 rame.

477 2748 570 2836 [p.
613 2746 776 2829 154]

482 2977 644 3045 831.
680 2977 1140 3058 COURTONE,
1174 2976 1408 3045 Traité
1439 2976 1529 3045 de
1559 2976 1629 3045 la
1656 2976 2107 3066 perspective
2136 2976 2482 3066 pratique,
2519 2998 2694 3045 avec
2726 2976 2852 3045 des
2883 2998 3294 3066 remarques
3329 2998 3446 3045 sur
3474 2976 4007 3058 l’architetture,
4041 2976 4235 3045 Paris
4276 2976 4484 3058 1725,

707 3091 781 3159 in
810 3091 937 3160 fol.
971 3091 1097 3181 fig.

706 3204 792 3260 La
825 3202 1066 3260 scienza
1097 3203 1257 3260 della
1286 3202 1656 3277 prospettiva
1686 3203 1975 3277 partendo
2009 3203 2086 3260 da
2117 3202 2334 3260 canoni
2367 3202 2511 3260 certi
2544 3221 2577 3260 e
2608 3202 2856 3277 positivi
2887 3221 3047 3277 poco
3081 3202 3391 3260 differisce
3424 3202 3522 3260 nei
3555 3202 3783 3260 metodi
3816 3221 3849 3260 e
3881 3202 3943 3259 in
3975 3203 4372 3277 quest’epoca
4403 3202 4486 3277 gli

708 3298 897 3356 autori
931 3298 1195 3373 migliori
1231 3298 1280 3356 si
1314 3317 1494 3356 erano
1529 3298 1590 3356 di
1624 3298 1723 3373 già
1756 3298 2093 3356 conosciuti
2128 3298 2218 3356 fra
2250 3299 2399 3366 loro,
2436 3317 2469 3356 e
2500 3298 2793 3373 ricopiati,
2828 3317 2935 3373 per
2967 3307 3188 3373 quanto
3221 3298 3498 3373 riguarda
3529 3298 3572 3355 il
3606 3298 3998 3356 fondamento
4033 3299 4193 3356 della
4227 3298 4484 3366 scienza,

707 3403 1091 3469 quantunque
1120 3394 1163 3451 il
1193 3403 1368 3469 gusto
1399 3394 1566 3452 fosse
1596 3395 1938 3469 depravato.
1973 3395 2202 3466 Questo
2233 3395 2266 3452 e
2295 3413 2375 3452 un
2402 3395 2502 3452 bel
2532 3394 2685 3452 libro
2715 3394 2776 3452 di
2807 3413 3157 3469 apparenza,
3190 3413 3223 3452 e
3251 3395 3370 3452 ben
3399 3394 3565 3462 fatto,
3597 3413 3696 3452 ma
3724 3413 3846 3452 non
3875 3394 4153 3452 contiene
4182 3395 4347 3452 nulla
4375 3394 4486 3452 che

706 3509 828 3548 non
854 3490 942 3548 sia
968 3499 1118 3548 stato
1144 3491 1325 3558 detto,
1353 3491 1451 3548 col
1476 3490 1537 3548 di
1560 3490 1665 3565 più
1689 3491 1786 3548 del
1811 3490 2032 3548 cattivo
2060 3490 2209 3548 stile.
2241 3490 2470 3548 Sonovi
2498 3491 2574 3548 84
2599 3491 2800 3548 tavole
2824 3490 3130 3565 intagliate
3154 3490 3217 3547 in
3239 3509 3420 3548 rame.

478 3705 640 3773 832.
694 3705 997 3773 COUSIN
1043 3704 1268 3773 Jehan
1318 3704 1700 3786 Senonois,
1751 3704 2053 3773 Maistre
2100 3704 2439 3794 painctre,
2492 3704 2703 3773 Livre
2752 3704 2841 3773 de
2888 3704 3361 3794 perspective,
3413 3704 3631 3786 Paris,
3684 3704 3860 3773 chez
3909 3706 4084 3773 Jean
4132 3704 4200 3773 le
4248 3706 4489 3794 Royer

707 3819 1119 3909 imprimere
1149 3819 1244 3888 du
1273 3821 1436 3909 Roy
1466 3841 1542 3888 es
1572 3819 2206 3909 Mathematiques.
2242 3820 2678 3888 Senz’anno.

706 3932 879 3988 Tutte
925 3931 981 3988 le
1027 3949 1208 4005 opere
1254 3930 1315 3988 di
1360 3939 1572 4005 questo
1619 3939 1878 3988 maestro
1925 3930 2229 4005 deggiono
2274 3930 2545 3988 ritenersi
2591 3949 2768 3988 come
2814 3931 2870 3988 le
2915 3930 3179 4005 migliori
3223 3930 3582 4005 produzioni
3628 3931 3788 3988 della
3831 3930 4094 3988 Francia.
4143 3930 4278 4005 Egli
4324 3930 4486 3988 visse

706 4027 1039 4084 nell’aureo
1072 4027 1278 4084 secolo
1309 4027 1404 4084 de’
1439 4026 1627 4084 buoni
1658 4026 1860 4094 artisti,
1893 4045 1926 4084 e
1955 4026 1998 4083 il
2030 4045 2139 4084 suo
2170 4035 2345 4101 gusto
2376 4045 2409 4084 e
2439 4026 2569 4084 cosi
2599 4027 2780 4101 lunge
2810 4027 3127 4084 dall’esser
3155 4035 3434 4094 corrotto,
3467 4026 3578 4084 che
3608 4026 3909 4084 direbbesi
3940 4035 4143 4084 autore
4173 4026 4234 4084 di
4266 4027 4488 4084 Scuola

706 4124 983 4180 Toscana
1005 4122 1110 4197 più
1135 4122 1246 4180 che
1271 4124 1581 4180 Francese.
1610 4124 1694 4180 Le
1720 4123 1920 4180 tavole
1945 4122 2007 4179 in
2032 4123 2213 4197 legno
2242 4141 2392 4180 sono
2417 4122 2754 4180 bellissime
2779 4122 2841 4179 in
2866 4123 3269 4197 quest’opera,
3298 4141 3414 4180 ove
3440 4123 3695 4180 l’autore
3722 4123 3778 4180 le
3804 4122 4058 4197 disegnò
4085 4123 4161 4180 ed
4185 4122 4487 4197 interpose

708 4219 763 4276 al
787 4227 940 4276 testo
965 4218 1027 4275 in
1052 4237 1196 4293 gran
1220 4218 1414 4293 copia.
1442 4219 1490 4275 Il
1515 4218 1668 4276 libro
1694 4219 1727 4276 e
1751 4227 2069 4293 composto
2095 4218 2156 4276 di
2183 4227 2433 4276 settanta
2457 4218 2609 4293 fogli
2634 4237 2667 4276 e
2692 4218 3056 4276 nitidissima
3079 4219 3112 4276 e
3137 4218 3603 4293 l’impressione.

474 4434 636 4502 833.
681 4435 1011 4515 DUPAIN,
1050 4435 1153 4502 La
1195 4433 1482 4502 science
1524 4433 1650 4502 des
1693 4433 1980 4502 ombres
2021 4455 2148 4523 par
2185 4444 2473 4523 rapport
2514 4455 2602 4502 au
2643 4433 2953 4515 dessein,
2997 4433 3191 4502 Paris
3242 4433 3450 4515 1786,
3496 4455 3585 4502 en
3629 4434 3691 4502 8.
3736 4433 3863 4523 fig.
3909 4434 4071 4502 Con
4120 4434 4206 4501 14
4246 4433 4487 4502 tavole

708 4548 957 4638 grandi
988 4548 1060 4617 di
1088 4548 1282 4617 bella
1310 4548 1400 4617 ed
1429 4559 1654 4617 esatta
1682 4548 2136 4617 esecuzione.

589 4706 688 4711 —
715 4663 1188 4753 Aggiuntovi:
1221 4666 1319 4732 Le
1348 4663 1810 4732 dessinateur
1835 4687 1930 4732 au
1965 4663 2288 4744 Cabinet,
2328 4665 2469 4732 età
2501 4663 2525 4732 l
2540 4665 2820 4744 ’arme’e,
2860 4685 2999 4732 con
3028 4674 3307 4753 quattro
3336 4663 3597 4732 tavole.

478 4875 640 4943 834.
675 4876 968 4943 DUPAIS
997 4874 1086 4943 de
1115 4876 1573 4956 Montesson,
1607 4875 1804 4943 L’art
1833 4874 1902 4943 d’
1943 4874 2184 4943 elever
2212 4874 2317 4943 les
2348 4874 2577 4964 plans.
2611 4874 2974 4943 Nouvelle
3005 4874 3278 4943 édition
3309 4874 3631 4964 corrigée
3660 4896 3786 4964 par
3813 4876 3849 4943 ]
3859 4932 3870 4943 .
3904 4876 3940 4943 J
3950 4932 3961 4943 .
3996 4874 4379 4943 Verkaven
4409 4876 4481 4943 P.

708 4989 797 5058 de
825 4989 1370 5079 Matématique,
1403 4989 1597 5058 Paris
1637 4990 1846 5071 1804,
1879 4989 1953 5057 in
1986 4990 2049 5071 8,
2082 4989 2208 5079 fig.

707 5101 842 5158 Con
866 5101 902 5159 9
929 5100 1137 5175 grandi
1161 5101 1362 5158 tavole
1386 5100 1448 5157 in
1470 5119 1652 5158 rame.
1682 5101 1883 5175 Opera
1905 5100 2049 5158 utile
2072 5119 2179 5175 per
2202 5101 2258 5158 le
2281 5100 2547 5175 pratiche
2571 5119 2693 5158 non
2717 5109 2879 5158 tanto
2905 5100 3003 5158 dei
3026 5100 3190 5175 piani
3215 5100 3474 5168 militari,
3502 5100 3613 5158 che
3638 5100 4216 5175 dell’agrimensura.

474 5314 636 5383 835.
676 5316 1045 5396 EUCLIDE,
1085 5316 1188 5383 La
1221 5314 1685 5404 prospettiva,
1724 5314 2028 5383 tradotta
2063 5314 2180 5383 dal
2216 5316 2288 5383 P.
2328 5314 2653 5404 Egnazio
2690 5314 2928 5383 Danti.
2968 5314 3413 5404 Aggiuntavi
3450 5314 3521 5383 la
3554 5314 3997 5404 prospettiva
4032 5314 4104 5383 di
4140 5314 4486 5383 Eliodoro

706 5429 1040 5498 Larisseo
1093 5430 1331 5498 Greco
1384 5451 1423 5498 e
1474 5429 1753 5511 Latino,
1807 5429 2124 5511 Firenze,
2178 5429 2296 5519 pei
2349 5429 2621 5511 Giunti,
2685 5429 2893 5511 1573,
2948 5429 3022 5497 in
3072 5430 3140 5511 4,
3194 5429 3377 5519 picc.
3433 5429 3588 5519 fig.;
3643 5429 3718 5497 in
3769 5429 3941 5498 fine:
3998 5429 4366 5519 Aggiunte
4417 5429 4486 5498 le

709 5544 1169 5613 annotazioni
1202 5544 1268 5613 al
1297 5555 1576 5613 trattato
1608 5544 2178 5613 dell’astrolabio
2210 5566 2249 5613 e
2280 5544 2397 5613 del
2426 5544 2821 5634 planisfero
2851 5544 3258 5613 universale
3289 5544 3406 5613 del
3436 5546 3508 5613 P.
3543 5544 3760 5613 Danti
3791 5544 3964 5613 fatte
3995 5544 4086 5613 da
4115 5544 4485 5613 Gherardo

709 5659 936 5749 Spini,
968 5659 1285 5741 Firenze,
1317 5659 1436 5749 pel
1467 5659 1927 5741 Sermartelli,
1969 5659 2177 5741 1570,
2210 5659 2284 5727 in
2312 5660 2379 5728 4.

706 5771 910 5828 Aureo
951 5770 1104 5828 libro
1143 5789 1250 5845 per
1288 5770 1385 5828 ciò
1426 5770 1537 5828 che
1575 5770 1854 5845 riguarda
1892 5770 1975 5845 gli
2014 5770 2247 5828 uomini
2289 5770 2510 5828 sommi
2550 5770 2662 5828 che
2703 5770 2763 5828 vi
2803 5789 3185 5838 concorsero;
3228 5789 3328 5828 ma
3366 5771 3424 5828 la
3460 5770 3830 5845 prospettiva
3869 5770 3929 5828 vi
3969 5789 4002 5828 e
4041 5779 4272 5828 trattata
4310 5789 4486 5828 come

707 5866 996 5924 obiettiva
1038 5885 1071 5924 e
1117 5867 1383 5924 secondo
1428 5867 1484 5924 le
1528 5866 1690 5941 leggi
1735 5866 1952 5924 fisiche
1996 5866 2332 5924 dell’ottica
2374 5885 2496 5924 non
2538 5875 2753 5941 troppo
2800 5866 3136 5941 sviluppate
3178 5885 3285 5941 per
3327 5867 3385 5924 la
3427 5867 3557 5924 loro
3603 5866 4017 5941 applicazione
4062 5867 4177 5924 alle
4219 5866 4486 5941 pratiche

707 5963 997 6020 dell’arte.

478 6177 640 6246 836.
676 6178 1082 6246 GAULTIER
1106 6178 1329 6259 Rene,
1364 6177 1743 6246 Invention
1773 6177 2113 6246 nouvelle
2144 6188 2213 6246 et
2239 6177 2470 6246 briefe
2501 6199 2683 6267 pour
2718 6179 2811 6267 [p.
2855 6177 3018 6260 155]
3055 6177 3334 6246 reduire
3365 6199 3454 6246 en
3485 6177 3936 6267 perspective
3966 6199 4092 6267 par
4120 6177 4189 6246 le
4219 6199 4487 6267 moyen

708 6292 803 6361 du
832 6293 1082 6382 quarré
1110 6303 1307 6361 toute
1339 6303 1527 6361 sorte
1557 6292 1683 6361 des
1714 6292 1920 6382 plans
1952 6303 2021 6361 et
2049 6314 2258 6382 corps
2290 6303 2421 6361 ete.
2455 6293 2524 6360 A
2553 6292 2623 6361 la
2649 6292 2933 6374 Flèche,
2975 6292 3183 6374 1648,
3218 6314 3307 6361 en
3335 6293 3403 6374 4,
3438 6292 3660 6382 grand
3689 6292 3815 6382 fig.

706 6403 786 6461 Vi
813 6422 963 6461 sono
990 6403 1068 6461 56
1094 6403 1288 6478 figure
1311 6403 1716 6478 prospettiche
1743 6403 1899 6461 assai
1924 6403 2313 6461 nitidamente
2337 6403 2644 6478 intagliate
2669 6403 2731 6460 in
2754 6422 2935 6461 rame.
2963 6405 3049 6461 La
3072 6404 3524 6461 nomenclatura
3547 6422 3580 6461 e
3605 6403 3777 6461 molti
3802 6403 4029 6461 metodi
4056 6422 4206 6461 sono
4231 6403 4362 6461 tolti
4387 6404 4486 6461 dal

2171 6657 2347 6694 WWW.
2358 6637 2734 6710 memofonte.
2748 6639 2791 6694 il
