4958 7017
1981 864 2366 922 Fondazione
2390 864 2775 922 Memofonte
2800 865 2976 922 onlus

1390 960 1600 1018 Studio
1624 979 1731 1035 per
1754 960 2226 1018 l’elaborazione
2250 960 2632 1018 informatica
2655 961 2813 1018 delle
2838 960 2991 1018 fonti
3018 960 3571 1018 storico—artistiche

473 1343 655 1401 4680.
687 1345 1048 1401 BOISSARDI
1075 1343 1321 1401 Joannis
1351 1343 1580 1411 Jacobi,
1612 1345 1903 1401 Parnasus
1932 1343 2161 1418 biceps,
2193 1343 2255 1400 in
2284 1344 2455 1418 cujus
2485 1343 2683 1418 priore
2704 1344 2855 1418 jugo
2885 1345 3203 1401 Musarum
3230 1345 3620 1418 Deorumque
3648 1343 4019 1418 praesidium
4047 1343 4482 1418 Hippocrenes:

698 1439 760 1496 in
785 1440 969 1497 altero
994 1441 1266 1497 Deorum
1289 1439 1675 1497 fatidicorum
1698 1439 2077 1497 Phoebarum
2098 1439 2394 1514 imagines
2418 1448 2830 1514 proponuntur
2853 1448 2911 1497 et
2934 1439 3207 1497 distichis
3233 1439 3431 1497 latinis
3457 1439 3846 1514 explicantur,
3873 1439 4245 1497 Francofurti
4277 1439 4451 1497 1627.

698 1537 784 1593 La
817 1535 1093 1610 maggior
1124 1544 1289 1610 parte
1324 1536 1482 1593 delle
1516 1536 1716 1593 tavole
1751 1535 1812 1593 di
1847 1544 2059 1610 questo
2095 1535 2248 1593 libro
2284 1535 2500 1593 furono
2537 1544 3012 1593 accuratamente
3046 1535 3353 1610 intagliate
3388 1536 3465 1593 da
3497 1536 3775 1593 Teodoro
3811 1536 3886 1593 de
3919 1537 4041 1610 Bry
4075 1554 4108 1593 e
4143 1536 4199 1593 le
4235 1536 4378 1593 altre
4413 1536 4490 1593 da

698 1632 963 1689 Roberto
993 1631 1323 1689 Boissardo
1353 1650 1470 1689 con
1498 1632 1685 1689 molta
1713 1631 2008 1689 maestria.
2041 1632 2089 1688 Il
2119 1631 2512 1706 frontespizio
2543 1632 2576 1689 e
2606 1631 2884 1706 figurato,
2917 1650 2991 1689 ev
3026 1633 3104 1706 [p.
3140 1632 3281 1701 320]
3317 1631 3377 1689 vi
3406 1631 3449 1688 il
3477 1631 3701 1689 ritratto
3731 1632 4105 1699 dell’autore,
4138 1631 4214 1689 25
4250 1650 4400 1689 sono
4431 1632 4487 1689 le

698 1727 898 1784 tavole
923 1727 1083 1784 della
1105 1728 1130 1783 I
1157 1726 1326 1794 serie,
1354 1745 1387 1784 e
1415 1727 1447 1784 8
1475 1727 1674 1801 quelle
1699 1727 1859 1784 della
1884 1727 2164 1784 seconda:
2194 1726 2609 1784 freschissimo
2635 1727 2970 1801 esemplare
2994 1726 3056 1783 in
3081 1726 3181 1784 Vit.
3210 1727 3335 1784 dor.

473 1918 655 1976 4681.
690 1920 1050 1976 BOISSARDI
1081 1927 1213 1986 etc.,
1248 1920 1554 1976 Tractatus
1586 1927 1902 1993 postumus
1936 1919 2011 1976 de
2044 1918 2433 1986 divinatione,
2469 1927 2527 1976 et
2558 1918 2811 1993 magicis
2843 1918 3201 1993 praestigiis,
3238 1918 3663 1993 Oppenhemii,
3698 1918 3761 1975 in
3793 1918 3898 1976 fol.
3933 1918 4072 1993 pic.,
4108 1937 4225 1976 con
4259 1919 4333 1976 33
4369 1927 4484 1976 tav.

698 2014 1004 2089 intagliate
1029 2015 1106 2072 da
1128 2014 1356 2072 Theod.
1385 2015 1460 2072 de
1483 2016 1621 2089 Bry.

698 2112 854 2168 Rara
877 2129 910 2168 e
935 2110 1174 2168 curiosa
1197 2129 1381 2185 opera
1404 2110 1465 2168 di
1490 2119 1703 2185 questo
1731 2110 2081 2185 antiquario.
2109 2111 2226 2168 Nel
2249 2110 2548 2185 principio
2574 2111 2672 2168 del
2697 2119 2901 2168 nostro
2927 2111 3261 2185 esemplare
3285 2110 3509 2168 trovasi
3534 2129 3615 2168 un
3640 2129 3784 2185 gran
3809 2110 4002 2185 foglio
4029 2110 4276 2185 doppio,
4303 2110 4365 2167 in
4389 2110 4486 2168 cui

701 2225 851 2264 sono
887 2206 1194 2281 intagliate
1231 2206 1308 2265 59
1345 2215 1495 2264 teste
1531 2206 1842 2264 intitolate:
1881 2209 2180 2264 Portraits
2215 2207 2324 2264 des
2346 2207 2502 2280 faux
2533 2209 2745 2274 Dieux,
2790 2218 2848 2264 et
2878 2208 3145 2264 Déesses
3181 2207 3256 2264 de
3294 2206 3562 2264 l’ancien
3597 2209 3979 2280 Paganisme,
4024 2208 4203 2264 tirées
4239 2226 4346 2264 sur
4378 2207 4486 2264 des

698 2301 1014 2359 médailles
1048 2304 1341 2375 antiques.
1381 2304 1420 2359 I.
1464 2301 1518 2359 le
1557 2301 1734 2359 Clerc
1770 2302 2023 2359 excudit.
2064 2302 2313 2359 Sembra
2346 2301 2457 2359 che
2492 2310 2702 2376 questa
2738 2310 2969 2376 stampa
3001 2320 3123 2359 non
3159 2301 3208 2359 si
3241 2301 3560 2359 riconosca
3593 2301 3756 2376 negli
3792 2301 3921 2359 altri
3956 2301 4293 2376 esemplari,
4331 2320 4364 2359 e
4401 2301 4489 2359 sia

700 2397 983 2472 aggiunta
1010 2398 1108 2455 nel
1136 2406 1359 2465 nostro,
1391 2416 1490 2455 ma
1517 2416 1639 2455 non
1668 2397 1949 2455 abbiamo
1979 2397 2204 2455 notizia
2231 2397 2292 2455 di
2321 2406 2533 2472 questo
2564 2397 2763 2455 antico
2793 2397 3139 2472 calcografo
3169 2416 3206 2455 o
3235 2397 3629 2472 intagliatore,
3661 2397 3772 2455 che
3801 2398 4009 2455 lavorò
4041 2398 4131 2455 sul
4158 2398 4322 2455 bello
4354 2397 4486 2455 stile

699 2494 859 2551 della
884 2494 1106 2551 Scuola
1128 2493 1391 2551 Italiana.

473 2685 655 2743 4682.
682 2687 899 2743 BORNI
922 2685 1250 2760 Giuseppe,
1279 2685 1708 2743 Osservazioni
1734 2685 2090 2760 filologiche
2114 2685 2351 2743 intorno
2377 2686 2435 2743 la
2459 2685 2581 2743 vita
2604 2704 2637 2743 e
2662 2685 2926 2743 martirio
2952 2685 3013 2743 di
3040 2686 3097 2743 S.
3127 2685 3333 2743 Giulio
3361 2694 3634 2743 senatore
3659 2685 3720 2743 di
3744 2687 3956 2753 Roma,
3983 2687 4195 2743 Parma
4225 2685 4400 2753 1765,
4427 2685 4489 2742 in

698 2782 755 2849 4,
782 2783 870 2839 M.
899 2782 995 2840 98.

473 2972 655 3030 4683.
701 2974 1024 3030 BROVERII
1065 2972 1321 3030 Matthei
1365 2973 1440 3030 de
1482 2972 1737 3040 Niedek,
1783 2974 1877 3030 De
1919 2973 2284 3047 populorum
2326 2981 2597 3030 veterum
2639 2991 2707 3030 ac
2750 2972 3152 3030 recentiorum
3195 2972 3661 3040 adorationibus,
3708 2972 4045 3030 dissertatio
4090 2991 4231 3030 cum
4273 2972 4485 3047 figuris

700 3068 920 3136 aeneis,
948 3069 1141 3126 Amst.
1177 3069 1352 3136 1713,
1379 3068 1441 3125 in
1468 3069 1520 3126 8.

698 3164 962 3222 Libretto
989 3164 1442 3239 elegantissimo
1469 3165 1545 3222 ed
1570 3164 1820 3232 erudito,
1849 3173 2057 3222 ornato
2084 3164 2145 3222 di
2170 3164 2380 3222 tredici
2405 3165 2623 3232 tavole,
2651 3164 2713 3221 in
2738 3164 2835 3222 cui
2863 3183 3013 3222 sono
3040 3165 3226 3222 molte
3250 3164 3799 3239 rappresentazioni
3825 3164 4098 3239 figurate,
4127 3183 4160 3222 e
4186 3164 4487 3239 medaglie

699 3260 760 3318 di
783 3260 1204 3335 bell’intaglio.

473 3451 655 3509 4684.
686 3452 986 3509 CARTARI
1011 3451 1345 3519 Vincenzo,
1375 3453 1459 3509 Le
1487 3451 1738 3526 imagini
1766 3452 1926 3509 colla
1954 3451 2299 3526 sposizione
2327 3451 2489 3526 degli
2517 3451 2634 3509 Dei
2662 3451 2824 3526 degli
2853 3451 3091 3519 antichi,
3121 3451 3409 3519 Venezia,
3438 3470 3545 3526 per
3570 3453 3903 3509 Francesco
3931 3451 4274 3519 Marcolini,
4312 3451 4485 3519 1556,

698 3547 760 3604 in
783 3548 821 3604 4
845 3566 924 3622 p.,
952 3547 1230 3605 edizione
1255 3547 1705 3622 elegantissima
1727 3547 1827 3622 pei
1851 3547 1976 3622 tipi.

473 3739 655 3797 4685.
686 3740 986 3797 CARTARI
1010 3739 1345 3807 Vincenzo,
1375 3741 1459 3797 Le
1486 3739 1801 3814 immagini
1829 3758 1946 3797 con
1973 3740 2031 3797 la
2059 3739 2404 3814 sposizione
2431 3739 2594 3814 degli
2621 3739 2738 3797 Dei
2765 3739 2928 3814 degli
2956 3739 3196 3807 antichi,
3225 3739 3514 3807 Venezia,
3542 3758 3649 3814 per
3673 3741 4006 3797 Francesco
4034 3741 4484 3814 Rampazzetto,

706 3835 881 3903 1566,
907 3835 969 3892 in
996 3836 1048 3893 8.

698 3930 991 3988 Edizione
1015 3930 1203 3988 nitida
1226 3931 1302 3988 ed
1326 3931 1616 4005 elegante.

473 4122 655 4180 4686.
683 4123 983 4180 CARTARI
1005 4122 1340 4190 Vincenzo,
1367 4124 1451 4180 Le
1476 4122 1727 4197 imagini
1752 4122 1914 4197 degli
1938 4122 2073 4190 Dei,
2100 4122 2163 4179 in
2186 4122 2474 4190 Venezia,
2500 4141 2710 4197 presso
2737 4122 3046 4180 Giordano
3071 4122 3288 4190 Ziletti,
3323 4122 3498 4190 1571,
3524 4122 3586 4179 in
3609 4123 3666 4190 4,
3694 4122 3798 4197 fig.

698 4219 873 4276 Bella
896 4218 1174 4276 edizione
1199 4218 1452 4293 copiosa
1475 4218 1536 4276 di
1560 4219 1759 4276 tavole
1783 4218 1845 4275 in
1867 4237 2031 4276 rame
2056 4218 2117 4276 di
2142 4218 2397 4293 qualche
2420 4218 2648 4293 pregio.

473 4410 655 4468 4687.
683 4411 1078 4468 CHARTARIO
1101 4410 1445 4478 Vincentio,
1473 4410 1773 4485 Imagines
1799 4412 2071 4468 Deorum
2093 4410 2278 4468 latino
2306 4429 2583 4468 sermone
2608 4429 2927 4485 expressae
2953 4411 3026 4468 ab
3052 4410 3320 4468 Antonio
3345 4410 3657 4478 Verderio,
3684 4410 3961 4485 Lugduni
3993 4410 4168 4478 1581,
4195 4410 4257 4467 in
4280 4411 4337 4478 4,
4365 4410 4469 4485 fig.

699 4506 834 4563 Con
860 4505 1146 4580 singolari
1171 4524 1204 4563 e
1228 4524 1350 4563 non
1376 4505 1741 4580 spregievoli
1765 4506 1965 4563 tavole
1989 4505 2051 4562 in
2075 4506 2274 4580 legno.

473 4697 655 4755 4688.
699 4698 999 4755 CARTARI
1036 4697 1370 4765 Vincenzo,
1412 4698 1590 4755 Delle
1629 4697 1945 4772 immagini
1985 4697 2148 4772 degli
2187 4697 2304 4755 Dei
2344 4697 2508 4772 degli
2549 4697 2770 4755 antichi
2810 4698 2968 4755 colle
3008 4706 3148 4755 note
3188 4698 3286 4755 del
3325 4697 3624 4772 Pignoria,
3667 4716 3700 4755 e
3740 4698 3796 4755 le
3837 4697 4123 4772 allegorie
4163 4697 4224 4755 di
4264 4698 4487 4755 Cesare

698 4793 980 4861 Malfatti,
1007 4794 1252 4851 Padova
1282 4793 1457 4861 1626,
1484 4793 1546 4850 in
1569 4794 1626 4861 4,
1654 4793 1758 4868 fig.

699 4890 875 4947 Colle
899 4890 1099 4947 tavole
1123 4889 1186 4946 in
1210 4890 1408 4964 legno.

473 5080 655 5139 4689.
685 5081 955 5138 CASALII
978 5082 1067 5138 Jo.
1096 5080 1421 5155 Baptistae,
1449 5082 1543 5138 De
1567 5080 1836 5155 profanis
1863 5089 1922 5138 et
1948 5080 2131 5138 sacris
2158 5080 2343 5138 veteri
2374 5082 2452 5155 [p.
2485 5081 2627 5150 321]
2657 5081 2769 5138 bus
2794 5080 3003 5138 ritibus
3030 5099 3182 5155 opus
3209 5080 3579 5155 tripartitum,
3608 5080 3979 5138 Francofurti
4005 5089 4064 5138 et
4088 5082 4487 5138 Hannoverae

706 5176 881 5244 1681,
907 5176 969 5233 in
992 5177 1048 5234 4.

473 5368 655 5427 4690.
685 5365 1134 5436 CÉRÉMONIES,
1163 5377 1222 5426 et
1246 5369 1561 5426 contùmes
1586 5368 1939 5443 réligiéuses
1967 5369 2042 5426 de
2067 5377 2202 5426 tous
2229 5369 2317 5426 les
2342 5369 2594 5443 peuples
2621 5369 2701 5426 du
2727 5369 2968 5436 monde,
2995 5369 3404 5443 répreséntées
3429 5387 3537 5443 par
3561 5369 3667 5426 des
3695 5368 3920 5443 figures
3948 5368 4257 5426 dessinées
4283 5387 4390 5443 par
4413 5370 4483 5426 B.

698 5464 949 5532 Pickart,
993 5483 1139 5522 avec
1180 5465 1286 5522 des
1327 5464 1725 5539 explications
1765 5464 2126 5539 historiques
2167 5473 2277 5522 etc.
2319 5483 2426 5539 par
2463 5466 2701 5522 Bruzen
2741 5465 2816 5522 de
2856 5465 2914 5522 la
2951 5464 3317 5532 Martiniere,
3360 5473 3418 5522 et
3457 5473 3668 5532 autres,
3710 5464 3984 5539 redigées
4023 5483 4130 5539 par
4167 5466 4209 5522 I.
4252 5465 4484 5522 Freder.

698 5560 982 5627 Beruard,
1009 5560 1396 5617 Amsterdam
1425 5560 1578 5617 1723
1608 5560 1642 5617 a
1672 5560 1846 5627 1743,
1876 5560 1908 5617 8
1935 5568 2077 5617 tom.
2105 5559 2167 5616 in
2191 5560 2227 5618 9
2254 5560 2395 5627 vol.,
2422 5559 2484 5616 in
2509 5559 2614 5617 fol.

697 5691 780 5695 —
805 5655 1233 5730 Superstitions
1260 5655 1602 5723 anciennes,
1630 5664 1688 5713 et
1711 5656 2049 5723 modernes,
2077 5664 2135 5713 et
2156 5656 2436 5730 prejugés
2463 5655 2782 5730 vulgaires,
2810 5655 2912 5730 qui
2937 5664 3042 5713 ont
3064 5655 3257 5713 induit
3281 5656 3368 5713 les
3392 5656 3644 5730 peuples
3671 5656 3705 5713 à
3729 5656 3835 5713 des
3860 5674 4078 5730 usages
4104 5655 4427 5713 contraires
4455 5656 4489 5713 a

699 5752 757 5809 la
778 5751 1052 5826 religion,
1087 5751 1240 5809 1735
1269 5760 1327 5809 et
1357 5751 1531 5819 1736,
1558 5752 1595 5808 2
1621 5752 1762 5819 vol.,
1789 5751 1851 5808 in
1875 5751 2002 5819 fol.,
2030 5751 2157 5826 fig.,
2177 5753 2480 5825 prémiere
2507 5752 2752 5809 édition.

701 5848 783 5905 Su
817 5848 1205 5922 quest’opera
1236 5866 1506 5922 possono
1542 5847 1898 5905 consultarsi
1932 5847 1952 5904 i
1986 5847 2353 5922 bibliografi,
2391 5847 2503 5905 che
2537 5866 2612 5905 ne
2650 5847 2935 5905 scrissero
2971 5856 3387 5905 estesamente:
3426 5847 3469 5904 il
3504 5856 3708 5905 nostro
3745 5848 4078 5922 esemplare
4113 5848 4418 5922 completo
4454 5866 4487 5905 e

697 5943 1036 6001 bellissimo
1062 5944 1095 6001 e
1119 5943 1181 6000 in
1206 5943 1413 6001 vitello
1439 5944 1666 6001 dorato.

473 6134 655 6193 4691.
716 6135 1092 6192 CERIMONIE
1144 6134 1394 6202 chinesi,
1454 6134 1818 6192 conformità
1873 6134 2302 6192 coll’idolatria
2357 6153 2552 6209 greca,
2612 6153 2645 6192 e
2700 6153 2949 6192 romana
3004 6134 3066 6191 in
3122 6134 3435 6192 conferma
3491 6134 3928 6209 dell’apologia
3983 6135 4078 6192 de’
4143 6134 4481 6209 missionarj

699 6230 1083 6288 domenicani
1108 6231 1268 6288 della
1291 6230 1503 6298 China,
1531 6249 1715 6305 opera
1738 6230 1799 6288 di
1823 6249 1903 6288 un
1927 6231 2160 6288 dottore
2185 6249 2218 6288 e
2241 6230 2585 6305 professore
2610 6230 2671 6288 di
2695 6230 3006 6305 Teologia,
3034 6230 3295 6288 Colonia
3325 6231 3500 6298 1701,
3527 6230 3589 6287 in
3616 6231 3668 6288 8.

473 6422 655 6481 4692.
690 6424 805 6480 Les
839 6419 1269 6480 CÉRÉMONIES
1304 6422 1609 6480 chinoises
1643 6422 1958 6480 conforme
1992 6423 2026 6480 a
2057 6422 2381 6480 l’idolatrie
2414 6441 2674 6497 grecque
2707 6431 2765 6480 et
2794 6422 3064 6480 romaine
3095 6441 3202 6497 par
3232 6441 3312 6480 un
3342 6422 3636 6497 réligieux
3668 6423 3916 6480 docteur
3947 6431 4005 6480 et
4034 6422 4381 6497 professeur
4412 6441 4487 6480 en

2171 6657 2347 6694 WWW.
2358 6637 2734 6710 memofonte.
2748 6639 2791 6694 il
