<?xml version="1.0" encoding="UTF-8"?>
<!DOCTYPE html PUBLIC "-//W3C//DTD XHTML 1.0 Transitional//EN"
    "http://www.w3.org/TR/xhtml1/DTD/xhtml1-transitional.dtd">
<html xmlns="http://www.w3.org/1999/xhtml" xml:lang="en" lang="en">
 <head>
  <title>
</title>
<meta http-equiv="Content-Type" content="text/html;charset=utf-8" />
  <meta name='ocr-system' content='tesseract 3.04.00' />
  <meta name='ocr-capabilities' content='ocr_page ocr_carea ocr_par ocr_line ocrx_word'/>
</head>
<body>
  <div class='ocr_page' id='page_1' title='image "tess/page393.tif"; bbox 0 0 4958 7017; ppageno 0'>
   <div class='ocr_carea' id='block_1_1' title="bbox 2188 398 2776 754">
    <p class='ocr_par' dir='ltr' id='par_1_1' title="bbox 2188 398 2776 754">
     <span class='ocr_line' id='line_1_1' title="bbox 2188 398 2776 754; baseline 0 6263"><span class='ocrx_word' id='word_1_1' title='bbox 2188 398 2776 754; x_wconf 95' lang='ita' dir='ltr'> </span> 
     </span>
    </p>
   </div>
   <div class='ocr_carea' id='block_1_2' title="bbox 1390 864 3571 1035">
    <p class='ocr_par' dir='ltr' id='par_1_2' title="bbox 1390 864 3571 1035">
     <span class='ocr_line' id='line_1_2' title="bbox 1981 864 2976 922; baseline 0.001 -1"><span class='ocrx_word' id='word_1_2' title='bbox 1981 864 2366 922; x_wconf 80' lang='ita' dir='ltr'>Fondazione</span> <span class='ocrx_word' id='word_1_3' title='bbox 2390 864 2775 922; x_wconf 98' lang='ita' dir='ltr'>Memofonte</span> <span class='ocrx_word' id='word_1_4' title='bbox 2800 865 2976 922; x_wconf 86' lang='ita' dir='ltr'>onlus</span> 
     </span>
     <span class='ocr_line' id='line_1_3' title="bbox 1390 960 3571 1035; baseline 0 -17"><span class='ocrx_word' id='word_1_5' title='bbox 1390 960 1600 1018; x_wconf 89' lang='ita' dir='ltr'>Studio</span> <span class='ocrx_word' id='word_1_6' title='bbox 1624 979 1731 1035; x_wconf 99' lang='ita' dir='ltr'>per</span> <span class='ocrx_word' id='word_1_7' title='bbox 1754 960 2226 1018; x_wconf 98' lang='ita' dir='ltr'>l’elaborazione</span> <span class='ocrx_word' id='word_1_8' title='bbox 2250 960 2632 1018; x_wconf 97' lang='ita' dir='ltr'>informatica</span> <span class='ocrx_word' id='word_1_9' title='bbox 2655 961 2813 1018; x_wconf 98' lang='ita' dir='ltr'>delle</span> <span class='ocrx_word' id='word_1_10' title='bbox 2838 960 2991 1018; x_wconf 99' lang='ita' dir='ltr'>fonti</span> <span class='ocrx_word' id='word_1_11' title='bbox 3018 960 3571 1018; x_wconf 97' lang='ita' dir='ltr'>storico—artistiche</span> 
     </span>
    </p>
   </div>
   <div class='ocr_carea' id='block_1_3' title="bbox 472 1119 4264 1123">
    <p class='ocr_par' dir='ltr' id='par_1_3' title="bbox 472 1119 4264 1123">
     <span class='ocr_line' id='line_1_4' title="bbox 472 1119 4264 1123; baseline 0 0"><span class='ocrx_word' id='word_1_12' title='bbox 472 1119 4264 1123; x_wconf 95' lang='ita' dir='ltr'> </span> 
     </span>
    </p>
   </div>
   <div class='ocr_carea' id='block_1_4' title="bbox 476 1343 4521 1514">
    <p class='ocr_par' dir='ltr' id='par_1_4' title="bbox 476 1343 4521 1514">
     <span class='ocr_line' id='line_1_5' title="bbox 476 1343 4521 1418; baseline 0 -18"><span class='ocrx_word' id='word_1_13' title='bbox 476 1343 655 1401; x_wconf 99' lang='ita'>3617.</span> <span class='ocrx_word' id='word_1_14' title='bbox 692 1345 1049 1401; x_wconf 83' lang='ita' dir='ltr'>BIANCHINI</span> <span class='ocrx_word' id='word_1_15' title='bbox 1082 1343 1437 1418; x_wconf 80' lang='ita' dir='ltr'>monsignor</span> <span class='ocrx_word' id='word_1_16' title='bbox 1470 1345 1822 1411; x_wconf 91' lang='ita' dir='ltr'>Francesco,</span> <span class='ocrx_word' id='word_1_17' title='bbox 1861 1344 2117 1401; x_wconf 90' lang='ita' dir='ltr'>Camera</span> <span class='ocrx_word' id='word_1_18' title='bbox 2150 1344 2226 1401; x_wconf 98' lang='ita' dir='ltr'>ed</span> <span class='ocrx_word' id='word_1_19' title='bbox 2259 1343 2567 1401; x_wconf 80' lang='ita' dir='ltr'>iscrizioni</span> <span class='ocrx_word' id='word_1_20' title='bbox 2604 1343 2922 1418; x_wconf 88' lang='ita' dir='ltr'>sepolcrali</span> <span class='ocrx_word' id='word_1_21' title='bbox 2957 1344 3052 1401; x_wconf 99' lang='ita' dir='ltr'>de’</span> <span class='ocrx_word' id='word_1_22' title='bbox 3095 1343 3336 1411; x_wconf 86' lang='ita' dir='ltr'>Liberti,</span> <span class='ocrx_word' id='word_1_23' title='bbox 3374 1344 3450 1401; x_wconf 98' lang='ita' dir='ltr'>ed</span> <span class='ocrx_word' id='word_1_24' title='bbox 3483 1343 3743 1401; x_wconf 84' lang='ita' dir='ltr'>ufficiali</span> <span class='ocrx_word' id='word_1_25' title='bbox 3778 1344 3938 1401; x_wconf 98' lang='ita' dir='ltr'>della</span> <span class='ocrx_word' id='word_1_26' title='bbox 3971 1362 4113 1401; x_wconf 97' lang='ita' dir='ltr'>casa</span> <span class='ocrx_word' id='word_1_27' title='bbox 4146 1343 4207 1401; x_wconf 99' lang='ita' dir='ltr'>di</span> <span class='ocrx_word' id='word_1_28' title='bbox 4242 1344 4521 1418; x_wconf 85' lang='ita' dir='ltr'>Augusto</span> 
     </span>
     <span class='ocr_line' id='line_1_6' title="bbox 701 1439 3306 1514; baseline -0 -17"><span class='ocrx_word' id='word_1_29' title='bbox 701 1448 973 1514; x_wconf 98' lang='ita' dir='ltr'>scoperte</span> <span class='ocrx_word' id='word_1_30' title='bbox 997 1440 1157 1497; x_wconf 98' lang='ita' dir='ltr'>nella</span> <span class='ocrx_word' id='word_1_31' title='bbox 1180 1439 1279 1497; x_wconf 97' lang='ita' dir='ltr'>via</span> <span class='ocrx_word' id='word_1_32' title='bbox 1302 1439 1520 1514; x_wconf 85' lang='ita' dir='ltr'>Appia,</span> <span class='ocrx_word' id='word_1_33' title='bbox 1548 1440 1624 1497; x_wconf 98' lang='ita' dir='ltr'>ed</span> <span class='ocrx_word' id='word_1_34' title='bbox 1647 1439 1934 1497; x_wconf 97' lang='ita' dir='ltr'>illustrate</span> <span class='ocrx_word' id='word_1_35' title='bbox 1959 1458 2076 1497; x_wconf 99' lang='ita' dir='ltr'>con</span> <span class='ocrx_word' id='word_1_36' title='bbox 2101 1439 2503 1507; x_wconf 85' lang='ita' dir='ltr'>annotazioni,</span> <span class='ocrx_word' id='word_1_37' title='bbox 2530 1441 2728 1497; x_wconf 93' lang='ita' dir='ltr'>Roma</span> <span class='ocrx_word' id='word_1_38' title='bbox 2759 1440 2933 1507; x_wconf 88' lang='ita'><strong>1727,</strong></span> <span class='ocrx_word' id='word_1_39' title='bbox 2960 1439 3022 1496; x_wconf 98' lang='ita' dir='ltr'>in</span> <span class='ocrx_word' id='word_1_40' title='bbox 3046 1439 3173 1507; x_wconf 98' lang='ita' dir='ltr'>fol.,</span> <span class='ocrx_word' id='word_1_41' title='bbox 3201 1439 3306 1514; x_wconf 98' lang='ita' dir='ltr'>fig.</span> 
     </span>
    </p>
   </div>
   <div class='ocr_carea' id='block_1_5' title="bbox 476 1631 4521 1976">
    <p class='ocr_par' dir='ltr' id='par_1_5' title="bbox 476 1631 4521 1976">
     <span class='ocr_line' id='line_1_7' title="bbox 476 1631 3967 1706; baseline 0 -17"><span class='ocrx_word' id='word_1_42' title='bbox 476 1631 655 1689; x_wconf 98' lang='ita'>3618.</span> <span class='ocrx_word' id='word_1_43' title='bbox 682 1633 1039 1689; x_wconf 84' lang='ita' dir='ltr'>BIANCHINI</span> <span class='ocrx_word' id='word_1_44' title='bbox 1061 1631 1417 1706; x_wconf 82' lang='ita' dir='ltr'>monsignor</span> <span class='ocrx_word' id='word_1_45' title='bbox 1439 1633 1791 1699; x_wconf 91' lang='ita' dir='ltr'>Francesco,</span> <span class='ocrx_word' id='word_1_46' title='bbox 1818 1632 1935 1689; x_wconf 93' lang='ita' dir='ltr'>Del</span> <span class='ocrx_word' id='word_1_47' title='bbox 1958 1632 2210 1706; x_wconf 90' lang='ita' dir='ltr'>palazzo</span> <span class='ocrx_word' id='word_1_48' title='bbox 2236 1632 2331 1689; x_wconf 99' lang='ita' dir='ltr'>de’</span> <span class='ocrx_word' id='word_1_49' title='bbox 2363 1631 2590 1699; x_wconf 90' lang='ita' dir='ltr'>Cesari,</span> <span class='ocrx_word' id='word_1_50' title='bbox 2618 1650 2802 1706; x_wconf 97' lang='ita' dir='ltr'>opera</span> <span class='ocrx_word' id='word_1_51' title='bbox 2822 1640 3119 1706; x_wconf 98' lang='ita' dir='ltr'>postuma,</span> <span class='ocrx_word' id='word_1_52' title='bbox 3146 1633 3390 1689; x_wconf 98' lang='ita' dir='ltr'>Verona</span> <span class='ocrx_word' id='word_1_53' title='bbox 3420 1632 3595 1699; x_wconf 98' lang='ita'>1738,</span> <span class='ocrx_word' id='word_1_54' title='bbox 3622 1631 3684 1688; x_wconf 98' lang='ita' dir='ltr'>in</span> <span class='ocrx_word' id='word_1_55' title='bbox 3708 1631 3835 1699; x_wconf 99' lang='ita' dir='ltr'>fol.,</span> <span class='ocrx_word' id='word_1_56' title='bbox 3863 1631 3967 1706; x_wconf 99' lang='ita' dir='ltr'>fig.</span> 
     </span>
     <span class='ocr_line' id='line_1_8' title="bbox 701 1726 4521 1801; baseline 0 -17"><span class='ocrx_word' id='word_1_57' title='bbox 701 1726 930 1784; x_wconf 90' lang='ita' dir='ltr'>Sonovi</span> <span class='ocrx_word' id='word_1_58' title='bbox 960 1727 1039 1784; x_wconf 88' lang='ita'>20</span> <span class='ocrx_word' id='word_1_59' title='bbox 1071 1726 1269 1801; x_wconf 98' lang='ita' dir='ltr'>ampie</span> <span class='ocrx_word' id='word_1_60' title='bbox 1298 1727 1498 1784; x_wconf 98' lang='ita' dir='ltr'>tavole</span> <span class='ocrx_word' id='word_1_61' title='bbox 1527 1726 1835 1801; x_wconf 97' lang='ita' dir='ltr'>intagliate</span> <span class='ocrx_word' id='word_1_62' title='bbox 1864 1726 1926 1783; x_wconf 98' lang='ita' dir='ltr'>in</span> <span class='ocrx_word' id='word_1_63' title='bbox 1953 1745 2134 1784; x_wconf 98' lang='ita' dir='ltr'>rame.</span> <span class='ocrx_word' id='word_1_64' title='bbox 2168 1726 2280 1784; x_wconf 98' lang='ita' dir='ltr'>che</span> <span class='ocrx_word' id='word_1_65' title='bbox 2309 1726 2620 1784; x_wconf 85' lang='ita' dir='ltr'>illustrano</span> <span class='ocrx_word' id='word_1_66' title='bbox 2651 1735 2861 1801; x_wconf 92' lang='ita' dir='ltr'>questa</span> <span class='ocrx_word' id='word_1_67' title='bbox 2889 1726 3210 1801; x_wconf 97' lang='ita' dir='ltr'>grandiosa</span> <span class='ocrx_word' id='word_1_68' title='bbox 3238 1745 3438 1801; x_wconf 96' lang='ita' dir='ltr'>opera,</span> <span class='ocrx_word' id='word_1_69' title='bbox 3471 1745 3570 1784; x_wconf 97' lang='ita' dir='ltr'>ma</span> <span class='ocrx_word' id='word_1_70' title='bbox 3597 1735 3744 1784; x_wconf 98' lang='ita' dir='ltr'>tutta</span> <span class='ocrx_word' id='word_1_71' title='bbox 3773 1727 3831 1784; x_wconf 98' lang='ita' dir='ltr'>la</span> <span class='ocrx_word' id='word_1_72' title='bbox 3857 1735 4022 1801; x_wconf 97' lang='ita' dir='ltr'>parte</span> <span class='ocrx_word' id='word_1_73' title='bbox 4052 1727 4458 1801; x_wconf 97' lang='ita' dir='ltr'>congetturale</span> <span class='ocrx_word' id='word_1_74' title='bbox 4488 1727 4521 1784; x_wconf 87' lang='ita' dir='ltr'>e</span> 
     </span>
     <span class='ocr_line' id='line_1_9' title="bbox 699 1822 4521 1897; baseline 0 -17"><span class='ocrx_word' id='word_1_75' title='bbox 699 1822 760 1880; x_wconf 99' lang='ita' dir='ltr'>di</span> <span class='ocrx_word' id='word_1_76' title='bbox 788 1823 868 1880; x_wconf 98' lang='ita' dir='ltr'>tal</span> <span class='ocrx_word' id='word_1_77' title='bbox 896 1831 1103 1880; x_wconf 97' lang='ita' dir='ltr'>natura</span> <span class='ocrx_word' id='word_1_78' title='bbox 1130 1823 1207 1880; x_wconf 98' lang='ita' dir='ltr'>da</span> <span class='ocrx_word' id='word_1_79' title='bbox 1233 1841 1355 1880; x_wconf 99' lang='ita' dir='ltr'>non</span> <span class='ocrx_word' id='word_1_80' title='bbox 1383 1822 1727 1880; x_wconf 98' lang='ita' dir='ltr'>conciliarsi</span> <span class='ocrx_word' id='word_1_81' title='bbox 1756 1822 2103 1880; x_wconf 85' lang='ita' dir='ltr'>facilmente</span> <span class='ocrx_word' id='word_1_82' title='bbox 2132 1841 2249 1880; x_wconf 99' lang='ita' dir='ltr'>con</span> <span class='ocrx_word' id='word_1_83' title='bbox 2277 1823 2481 1897; x_wconf 92' lang='ita' dir='ltr'>quello</span> <span class='ocrx_word' id='word_1_84' title='bbox 2511 1822 2622 1880; x_wconf 99' lang='ita' dir='ltr'>che</span> <span class='ocrx_word' id='word_1_85' title='bbox 2651 1822 2707 1880; x_wconf 98' lang='ita' dir='ltr'>ci</span> <span class='ocrx_word' id='word_1_86' title='bbox 2735 1822 2963 1880; x_wconf 98' lang='ita' dir='ltr'>rimane</span> <span class='ocrx_word' id='word_1_87' title='bbox 2992 1822 3285 1880; x_wconf 97' lang='ita' dir='ltr'>d’antichi</span> <span class='ocrx_word' id='word_1_88' title='bbox 3314 1822 3541 1890; x_wconf 92' lang='ita' dir='ltr'>edifici,</span> <span class='ocrx_word' id='word_1_89' title='bbox 3573 1841 3606 1880; x_wconf 99' lang='ita' dir='ltr'>e</span> <span class='ocrx_word' id='word_1_90' title='bbox 3634 1841 3757 1880; x_wconf 99' lang='ita' dir='ltr'>non</span> <span class='ocrx_word' id='word_1_91' title='bbox 3786 1823 4040 1897; x_wconf 82' lang='ita' dir='ltr'>agevole</span> <span class='ocrx_word' id='word_1_92' title='bbox 4070 1841 4104 1880; x_wconf 97' lang='ita' dir='ltr'>a</span> <span class='ocrx_word' id='word_1_93' title='bbox 4132 1822 4521 1897; x_wconf 88' lang='ita' dir='ltr'>giustificarsi</span> 
     </span>
     <span class='ocr_line' id='line_1_10' title="bbox 699 1918 1285 1976; baseline 0 0"><span class='ocrx_word' id='word_1_94' title='bbox 699 1937 816 1976; x_wconf 99' lang='ita' dir='ltr'>con</span> <span class='ocrx_word' id='word_1_95' title='bbox 838 1919 1041 1976; x_wconf 98' lang='ita' dir='ltr'>buona</span> <span class='ocrx_word' id='word_1_96' title='bbox 1064 1918 1285 1976; x_wconf 97' lang='ita' dir='ltr'>critica.</span> 
     </span>
    </p>
   </div>
   <div class='ocr_carea' id='block_1_6' title="bbox 476 2110 4523 2455">
    <p class='ocr_par' dir='ltr' id='par_1_6' title="bbox 476 2110 4523 2455">
     <span class='ocr_line' id='line_1_11' title="bbox 476 2110 4519 2185; baseline 0 -17"><span class='ocrx_word' id='word_1_97' title='bbox 476 2110 655 2169; x_wconf 89' lang='ita'>3619.</span> <span class='ocrx_word' id='word_1_98' title='bbox 688 2112 1023 2168; x_wconf 84' lang='ita' dir='ltr'>BIANCONI</span> <span class='ocrx_word' id='word_1_99' title='bbox 1053 2110 1295 2168; x_wconf 86' lang='ita' dir='ltr'>Giovan</span> <span class='ocrx_word' id='word_1_100' title='bbox 1325 2110 1659 2178; x_wconf 85' lang='ita' dir='ltr'>Lodovico,</span> <span class='ocrx_word' id='word_1_101' title='bbox 1692 2110 2086 2168; x_wconf 92' lang='ita' dir='ltr'>Descrizione</span> <span class='ocrx_word' id='word_1_102' title='bbox 2118 2110 2216 2168; x_wconf 99' lang='ita' dir='ltr'>dei</span> <span class='ocrx_word' id='word_1_103' title='bbox 2247 2110 2451 2178; x_wconf 96' lang='ita' dir='ltr'>circhi,</span> <span class='ocrx_word' id='word_1_104' title='bbox 2485 2129 2518 2168; x_wconf 99' lang='ita' dir='ltr'>e</span> <span class='ocrx_word' id='word_1_105' title='bbox 2547 2110 3068 2185; x_wconf 90' lang='ita' dir='ltr'>particolarmente</span> <span class='ocrx_word' id='word_1_106' title='bbox 3099 2110 3160 2168; x_wconf 99' lang='ita' dir='ltr'>di</span> <span class='ocrx_word' id='word_1_107' title='bbox 3191 2111 3395 2185; x_wconf 92' lang='ita' dir='ltr'>quello</span> <span class='ocrx_word' id='word_1_108' title='bbox 3427 2110 3489 2168; x_wconf 99' lang='ita' dir='ltr'>di</span> <span class='ocrx_word' id='word_1_109' title='bbox 3520 2111 3850 2178; x_wconf 89' lang='ita' dir='ltr'>Caracalla;</span> <span class='ocrx_word' id='word_1_110' title='bbox 3884 2110 4130 2168; x_wconf 97' lang='ita' dir='ltr'>italiano</span> <span class='ocrx_word' id='word_1_111' title='bbox 4162 2129 4195 2168; x_wconf 99' lang='ita' dir='ltr'>e</span> <span class='ocrx_word' id='word_1_112' title='bbox 4227 2110 4519 2178; x_wconf 96' lang='ita' dir='ltr'>francese,</span> 
     </span>
     <span class='ocr_line' id='line_1_12' title="bbox 699 2206 3360 2281; baseline 0 -17"><span class='ocrx_word' id='word_1_113' title='bbox 699 2225 883 2281; x_wconf 97' lang='ita' dir='ltr'>opera</span> <span class='ocrx_word' id='word_1_114' title='bbox 906 2206 1192 2274; x_wconf 96' lang='ita' dir='ltr'>ordinata,</span> <span class='ocrx_word' id='word_1_115' title='bbox 1220 2225 1253 2264; x_wconf 99' lang='ita' dir='ltr'>e</span> <span class='ocrx_word' id='word_1_116' title='bbox 1276 2206 1623 2281; x_wconf 97' lang='ita' dir='ltr'>pubblicata</span> <span class='ocrx_word' id='word_1_117' title='bbox 1646 2225 1762 2264; x_wconf 99' lang='ita' dir='ltr'>con</span> <span class='ocrx_word' id='word_1_118' title='bbox 1785 2215 1925 2264; x_wconf 99' lang='ita' dir='ltr'>note</span> <span class='ocrx_word' id='word_1_119' title='bbox 1950 2207 2399 2264; x_wconf 92' lang='ita' dir='ltr'>dall’avvocato</span> <span class='ocrx_word' id='word_1_120' title='bbox 2424 2208 2559 2274; x_wconf 91' lang='ita' dir='ltr'>Fea,</span> <span class='ocrx_word' id='word_1_121' title='bbox 2586 2208 2783 2264; x_wconf 93' lang='ita' dir='ltr'>Roma</span> <span class='ocrx_word' id='word_1_122' title='bbox 2813 2207 2988 2274; x_wconf 98' lang='ita'>1789,</span> <span class='ocrx_word' id='word_1_123' title='bbox 3015 2206 3077 2263; x_wconf 98' lang='ita' dir='ltr'>in</span> <span class='ocrx_word' id='word_1_124' title='bbox 3101 2206 3228 2274; x_wconf 98' lang='ita' dir='ltr'>fol.,</span> <span class='ocrx_word' id='word_1_125' title='bbox 3256 2206 3360 2281; x_wconf 99' lang='ita' dir='ltr'>fig.</span> 
     </span>
     <span class='ocr_line' id='line_1_13' title="bbox 701 2301 4523 2376; baseline 0 -17"><span class='ocrx_word' id='word_1_126' title='bbox 701 2301 930 2359; x_wconf 90' lang='ita' dir='ltr'>Sonovi</span> <span class='ocrx_word' id='word_1_127' title='bbox 962 2302 1111 2359; x_wconf 99' lang='ita' dir='ltr'>oltre</span> <span class='ocrx_word' id='word_1_128' title='bbox 1144 2320 1178 2359; x_wconf 97' lang='ita' dir='ltr'>a</span> <span class='ocrx_word' id='word_1_129' title='bbox 1208 2302 1393 2359; x_wconf 99' lang='ita' dir='ltr'>molte</span> <span class='ocrx_word' id='word_1_130' title='bbox 1425 2301 1689 2376; x_wconf 98' lang='ita' dir='ltr'>vignette</span> <span class='ocrx_word' id='word_1_131' title='bbox 1722 2301 1975 2359; x_wconf 97' lang='ita' dir='ltr'>allusive</span> <span class='ocrx_word' id='word_1_132' title='bbox 2008 2302 2063 2359; x_wconf 98' lang='ita' dir='ltr'>al</span> <span class='ocrx_word' id='word_1_133' title='bbox 2094 2310 2266 2369; x_wconf 96' lang='ita' dir='ltr'>testo,</span> <span class='ocrx_word' id='word_1_134' title='bbox 2301 2301 2463 2359; x_wconf 99' lang='ita' dir='ltr'>venti</span> <span class='ocrx_word' id='word_1_135' title='bbox 2495 2320 2640 2376; x_wconf 97' lang='ita' dir='ltr'>gran</span> <span class='ocrx_word' id='word_1_136' title='bbox 2670 2302 2871 2359; x_wconf 97' lang='ita' dir='ltr'>tavole</span> <span class='ocrx_word' id='word_1_137' title='bbox 2902 2301 3208 2376; x_wconf 97' lang='ita' dir='ltr'>intagliate</span> <span class='ocrx_word' id='word_1_138' title='bbox 3239 2301 3302 2358; x_wconf 99' lang='ita' dir='ltr'>in</span> <span class='ocrx_word' id='word_1_139' title='bbox 3331 2320 3512 2359; x_wconf 98' lang='ita' dir='ltr'>rame.</span> <span class='ocrx_word' id='word_1_140' title='bbox 3549 2302 3750 2376; x_wconf 92' lang='ita' dir='ltr'>Opera</span> <span class='ocrx_word' id='word_1_141' title='bbox 3781 2301 4155 2369; x_wconf 97' lang='ita' dir='ltr'>accreditata,</span> <span class='ocrx_word' id='word_1_142' title='bbox 4190 2320 4223 2359; x_wconf 99' lang='ita' dir='ltr'>e</span> <span class='ocrx_word' id='word_1_143' title='bbox 4252 2301 4432 2376; x_wconf 98' lang='ita' dir='ltr'>piena</span> <span class='ocrx_word' id='word_1_144' title='bbox 4462 2301 4523 2359; x_wconf 99' lang='ita' dir='ltr'>di</span> 
     </span>
     <span class='ocr_line' id='line_1_14' title="bbox 699 2397 971 2455; baseline -0.004 0"><span class='ocrx_word' id='word_1_145' title='bbox 699 2397 971 2455; x_wconf 97' lang='ita' dir='ltr'>dottrina.</span> 
     </span>
    </p>
   </div>
   <div class='ocr_carea' id='block_1_7' title="bbox 476 2589 4520 2856">
    <p class='ocr_par' dir='ltr' id='par_1_7' title="bbox 476 2589 4520 2856">
     <span class='ocr_line' id='line_1_15' title="bbox 476 2589 4520 2664; baseline 0 -17"><span class='ocrx_word' id='word_1_146' title='bbox 476 2589 655 2647; x_wconf 88' lang='ita'>3620.</span> <span class='ocrx_word' id='word_1_147' title='bbox 688 2591 955 2647; x_wconf 98' lang='ita' dir='ltr'>BIONDO</span> <span class='ocrx_word' id='word_1_148' title='bbox 985 2590 1062 2647; x_wconf 98' lang='ita' dir='ltr'>da</span> <span class='ocrx_word' id='word_1_149' title='bbox 1090 2590 1267 2657; x_wconf 86' lang='ita' dir='ltr'>Forlì,</span> <span class='ocrx_word' id='word_1_150' title='bbox 1300 2591 1498 2647; x_wconf 93' lang='ita' dir='ltr'>Roma</span> <span class='ocrx_word' id='word_1_151' title='bbox 1525 2589 1850 2657; x_wconf 98' lang='ita' dir='ltr'>ristaurata,</span> <span class='ocrx_word' id='word_1_152' title='bbox 1884 2590 1960 2647; x_wconf 98' lang='ita' dir='ltr'>ed</span> <span class='ocrx_word' id='word_1_153' title='bbox 1989 2589 2159 2647; x_wconf 90' lang='ita' dir='ltr'>Italia</span> <span class='ocrx_word' id='word_1_154' title='bbox 2187 2589 2477 2647; x_wconf 97' lang='ita' dir='ltr'>illustrata</span> <span class='ocrx_word' id='word_1_155' title='bbox 2506 2590 2758 2647; x_wconf 97' lang='ita' dir='ltr'>tradotte</span> <span class='ocrx_word' id='word_1_156' title='bbox 2788 2589 2850 2646; x_wconf 98' lang='ita' dir='ltr'>in</span> <span class='ocrx_word' id='word_1_157' title='bbox 2878 2590 3081 2647; x_wconf 98' lang='ita' dir='ltr'>buona</span> <span class='ocrx_word' id='word_1_158' title='bbox 3110 2589 3316 2664; x_wconf 97' lang='ita' dir='ltr'>lingua</span> <span class='ocrx_word' id='word_1_159' title='bbox 3345 2590 3592 2664; x_wconf 97' lang='ita' dir='ltr'>volgare</span> <span class='ocrx_word' id='word_1_160' title='bbox 3621 2608 3728 2664; x_wconf 99' lang='ita' dir='ltr'>per</span> <span class='ocrx_word' id='word_1_161' title='bbox 3756 2589 3945 2647; x_wconf 98' lang='ita' dir='ltr'>Lucio</span> <span class='ocrx_word' id='word_1_162' title='bbox 3976 2591 4199 2657; x_wconf 91' lang='ita' dir='ltr'>Fauno,</span> <span class='ocrx_word' id='word_1_163' title='bbox 4232 2589 4520 2657; x_wconf 92' lang='ita' dir='ltr'>Venezia,</span> 
     </span>
     <span class='ocr_line' id='line_1_16' title="bbox 697 2685 1871 2760; baseline 0 -18"><span class='ocrx_word' id='word_1_164' title='bbox 697 2704 804 2760; x_wconf 99' lang='ita' dir='ltr'>per</span> <span class='ocrx_word' id='word_1_165' title='bbox 826 2685 1058 2743; x_wconf 93' lang='ita' dir='ltr'>Michel</span> <span class='ocrx_word' id='word_1_166' title='bbox 1082 2685 1494 2753; x_wconf 96' lang='ita' dir='ltr'>Tramezzino,</span> <span class='ocrx_word' id='word_1_167' title='bbox 1529 2685 1704 2753; x_wconf 89' lang='ita'>1542,</span> <span class='ocrx_word' id='word_1_168' title='bbox 1730 2685 1792 2742; x_wconf 99' lang='ita' dir='ltr'>in</span> <span class='ocrx_word' id='word_1_169' title='bbox 1819 2686 1871 2743; x_wconf 99' lang='ita'>8.</span> 
     </span>
     <span class='ocr_line' id='line_1_17' title="bbox 698 2781 2268 2856; baseline 0.001 -18"><span class='ocrx_word' id='word_1_170' title='bbox 698 2783 997 2856; x_wconf 97' lang='ita' dir='ltr'>Impressa</span> <span class='ocrx_word' id='word_1_171' title='bbox 1020 2781 1118 2839; x_wconf 99' lang='ita' dir='ltr'>coi</span> <span class='ocrx_word' id='word_1_172' title='bbox 1143 2781 1462 2839; x_wconf 98' lang='ita' dir='ltr'>medesimi</span> <span class='ocrx_word' id='word_1_173' title='bbox 1487 2781 1757 2839; x_wconf 98' lang='ita' dir='ltr'>caratteri</span> <span class='ocrx_word' id='word_1_174' title='bbox 1782 2782 1942 2839; x_wconf 98' lang='ita' dir='ltr'>della</span> <span class='ocrx_word' id='word_1_175' title='bbox 1967 2790 2268 2856; x_wconf 99' lang='ita' dir='ltr'>seguente.</span> 
     </span>
    </p>
   </div>
   <div class='ocr_carea' id='block_1_8' title="bbox 476 2972 4523 3239">
    <p class='ocr_par' dir='ltr' id='par_1_8' title="bbox 476 2972 4523 3239">
     <span class='ocr_line' id='line_1_18' title="bbox 476 2972 4523 3047; baseline 0 -17"><span class='ocrx_word' id='word_1_176' title='bbox 476 2972 655 3030; x_wconf 88' lang='ita'>3621.</span> <span class='ocrx_word' id='word_1_177' title='bbox 684 2974 950 3030; x_wconf 91' lang='ita' dir='ltr'>BIONDO</span> <span class='ocrx_word' id='word_1_178' title='bbox 976 2973 1053 3030; x_wconf 98' lang='ita' dir='ltr'>da</span> <span class='ocrx_word' id='word_1_179' title='bbox 1076 2973 1253 3040; x_wconf 86' lang='ita' dir='ltr'>Forlì,</span> <span class='ocrx_word' id='word_1_180' title='bbox 1282 2974 1479 3030; x_wconf 93' lang='ita' dir='ltr'>Roma</span> <span class='ocrx_word' id='word_1_181' title='bbox 1503 2972 1823 3030; x_wconf 98' lang='ita' dir='ltr'>trionfante</span> <span class='ocrx_word' id='word_1_182' title='bbox 1849 2973 2103 3030; x_wconf 97' lang='ita' dir='ltr'>tradotta</span> <span class='ocrx_word' id='word_1_183' title='bbox 2125 2991 2236 3047; x_wconf 99' lang='ita' dir='ltr'>pur</span> <span class='ocrx_word' id='word_1_184' title='bbox 2260 2991 2365 3030; x_wconf 98' lang='ita' dir='ltr'>ora</span> <span class='ocrx_word' id='word_1_185' title='bbox 2387 2991 2494 3047; x_wconf 99' lang='ita' dir='ltr'>per</span> <span class='ocrx_word' id='word_1_186' title='bbox 2517 2972 2707 3030; x_wconf 99' lang='ita' dir='ltr'>Lucio</span> <span class='ocrx_word' id='word_1_187' title='bbox 2734 2974 2938 3030; x_wconf 91' lang='ita' dir='ltr'>Fauno</span> <span class='ocrx_word' id='word_1_188' title='bbox 2965 2972 3026 3030; x_wconf 99' lang='ita' dir='ltr'>di</span> <span class='ocrx_word' id='word_1_189' title='bbox 3052 2972 3237 3030; x_wconf 97' lang='ita' dir='ltr'>latino</span> <span class='ocrx_word' id='word_1_190' title='bbox 3264 2972 3326 3029; x_wconf 98' lang='ita' dir='ltr'>in</span> <span class='ocrx_word' id='word_1_191' title='bbox 3350 2973 3554 3030; x_wconf 97' lang='ita' dir='ltr'>buona</span> <span class='ocrx_word' id='word_1_192' title='bbox 3578 2972 3784 3047; x_wconf 97' lang='ita' dir='ltr'>lingua</span> <span class='ocrx_word' id='word_1_193' title='bbox 3809 2973 4072 3047; x_wconf 97' lang='ita' dir='ltr'>volgare,</span> <span class='ocrx_word' id='word_1_194' title='bbox 4100 2972 4388 3040; x_wconf 92' lang='ita' dir='ltr'>Venezia,</span> <span class='ocrx_word' id='word_1_195' title='bbox 4416 2991 4523 3047; x_wconf 99' lang='ita' dir='ltr'>per</span> 
     </span>
     <span class='ocr_line' id='line_1_19' title="bbox 698 3068 1745 3136; baseline 0 -11"><span class='ocrx_word' id='word_1_196' title='bbox 698 3068 930 3126; x_wconf 93' lang='ita' dir='ltr'>Michel</span> <span class='ocrx_word' id='word_1_197' title='bbox 954 3068 1367 3136; x_wconf 96' lang='ita' dir='ltr'>Tramezzino,</span> <span class='ocrx_word' id='word_1_198' title='bbox 1402 3068 1577 3136; x_wconf 89' lang='ita'>1544,</span> <span class='ocrx_word' id='word_1_199' title='bbox 1604 3068 1666 3125; x_wconf 99' lang='ita' dir='ltr'>in</span> <span class='ocrx_word' id='word_1_200' title='bbox 1693 3069 1745 3126; x_wconf 99' lang='ita'>8.</span> 
     </span>
     <span class='ocr_line' id='line_1_20' title="bbox 698 3164 3014 3239; baseline 0 -17"><span class='ocrx_word' id='word_1_201' title='bbox 698 3165 986 3239; x_wconf 94' lang='ita' dir='ltr'>Elegante</span> <span class='ocrx_word' id='word_1_202' title='bbox 1011 3164 1289 3222; x_wconf 99' lang='ita' dir='ltr'>edizione</span> <span class='ocrx_word' id='word_1_203' title='bbox 1316 3165 1578 3222; x_wconf 90' lang='ita' dir='ltr'>sebbene</span> <span class='ocrx_word' id='word_1_204' title='bbox 1602 3173 1817 3239; x_wconf 99' lang='ita' dir='ltr'>troppo</span> <span class='ocrx_word' id='word_1_205' title='bbox 1843 3164 2244 3232; x_wconf 95' lang='ita' dir='ltr'>voluminosa,</span> <span class='ocrx_word' id='word_1_206' title='bbox 2271 3164 2333 3221; x_wconf 98' lang='ita' dir='ltr'>in</span> <span class='ocrx_word' id='word_1_207' title='bbox 2355 3164 2455 3222; x_wconf 98' lang='ita' dir='ltr'>bei</span> <span class='ocrx_word' id='word_1_208' title='bbox 2480 3164 2750 3222; x_wconf 98' lang='ita' dir='ltr'>caratteri</span> <span class='ocrx_word' id='word_1_209' title='bbox 2775 3164 3014 3222; x_wconf 98' lang='ita' dir='ltr'>corsivi.</span> 
     </span>
    </p>
   </div>
   <div class='ocr_carea' id='block_1_9' title="bbox 476 3355 4521 3526">
    <p class='ocr_par' dir='ltr' id='par_1_9' title="bbox 476 3355 4521 3526">
     <span class='ocr_line' id='line_1_21' title="bbox 476 3355 4521 3430; baseline 0 -17"><span class='ocrx_word' id='word_1_210' title='bbox 476 3355 655 3413; x_wconf 99' lang='ita'>3622.</span> <span class='ocrx_word' id='word_1_211' title='bbox 683 3357 949 3413; x_wconf 92' lang='ita' dir='ltr'>BIONDO</span> <span class='ocrx_word' id='word_1_212' title='bbox 974 3356 1051 3413; x_wconf 98' lang='ita' dir='ltr'>da</span> <span class='ocrx_word' id='word_1_213' title='bbox 1073 3356 1250 3423; x_wconf 86' lang='ita' dir='ltr'>Forlì,</span> <span class='ocrx_word' id='word_1_214' title='bbox 1278 3357 1475 3413; x_wconf 93' lang='ita' dir='ltr'>Roma</span> <span class='ocrx_word' id='word_1_215' title='bbox 1497 3355 1823 3423; x_wconf 98' lang='ita' dir='ltr'>ristaurata,</span> <span class='ocrx_word' id='word_1_216' title='bbox 1851 3356 1927 3413; x_wconf 98' lang='ita' dir='ltr'>ed</span> <span class='ocrx_word' id='word_1_217' title='bbox 1950 3355 2120 3413; x_wconf 90' lang='ita' dir='ltr'>Italia</span> <span class='ocrx_word' id='word_1_218' title='bbox 2143 3355 2449 3423; x_wconf 96' lang='ita' dir='ltr'>illustrata,</span> <span class='ocrx_word' id='word_1_219' title='bbox 2478 3355 2539 3413; x_wconf 99' lang='ita' dir='ltr'>di</span> <span class='ocrx_word' id='word_1_220' title='bbox 2563 3355 2805 3413; x_wconf 98' lang='ita' dir='ltr'>Biondo</span> <span class='ocrx_word' id='word_1_221' title='bbox 2831 3356 2908 3413; x_wconf 98' lang='ita' dir='ltr'>da</span> <span class='ocrx_word' id='word_1_222' title='bbox 2930 3356 3089 3413; x_wconf 86' lang='ita' dir='ltr'>Forlì</span> <span class='ocrx_word' id='word_1_223' title='bbox 3113 3356 3365 3413; x_wconf 97' lang='ita' dir='ltr'>tradotte</span> <span class='ocrx_word' id='word_1_224' title='bbox 3389 3355 3452 3412; x_wconf 99' lang='ita' dir='ltr'>in</span> <span class='ocrx_word' id='word_1_225' title='bbox 3475 3356 3678 3413; x_wconf 98' lang='ita' dir='ltr'>buona</span> <span class='ocrx_word' id='word_1_226' title='bbox 3701 3355 3907 3430; x_wconf 97' lang='ita' dir='ltr'>lingua</span> <span class='ocrx_word' id='word_1_227' title='bbox 3932 3356 4177 3430; x_wconf 98' lang='ita' dir='ltr'>volgare</span> <span class='ocrx_word' id='word_1_228' title='bbox 4200 3374 4307 3430; x_wconf 99' lang='ita' dir='ltr'>per</span> <span class='ocrx_word' id='word_1_229' title='bbox 4330 3355 4521 3413; x_wconf 98' lang='ita' dir='ltr'>Lucio</span> 
     </span>
     <span class='ocr_line' id='line_1_22' title="bbox 698 3451 2465 3526; baseline 0 -18"><span class='ocrx_word' id='word_1_230' title='bbox 698 3453 921 3519; x_wconf 91' lang='ita' dir='ltr'>Fauno,</span> <span class='ocrx_word' id='word_1_231' title='bbox 948 3451 1226 3526; x_wconf 99' lang='ita' dir='ltr'>Vinegia,</span> <span class='ocrx_word' id='word_1_232' title='bbox 1252 3470 1359 3526; x_wconf 99' lang='ita' dir='ltr'>per</span> <span class='ocrx_word' id='word_1_233' title='bbox 1381 3451 1650 3509; x_wconf 99' lang='ita' dir='ltr'>Michele</span> <span class='ocrx_word' id='word_1_234' title='bbox 1675 3451 2087 3519; x_wconf 96' lang='ita' dir='ltr'>Tramezzino,</span> <span class='ocrx_word' id='word_1_235' title='bbox 2122 3451 2297 3519; x_wconf 89' lang='ita'>1548,</span> <span class='ocrx_word' id='word_1_236' title='bbox 2324 3451 2386 3508; x_wconf 99' lang='ita' dir='ltr'>in</span> <span class='ocrx_word' id='word_1_237' title='bbox 2413 3452 2465 3509; x_wconf 99' lang='ita'>8.</span> 
     </span>
    </p>
   </div>
   <div class='ocr_carea' id='block_1_10' title="bbox 479 3643 729 3718">
    <p class='ocr_par' dir='ltr' id='par_1_10' title="bbox 479 3643 729 3718">
     <span class='ocr_line' id='line_1_23' title="bbox 479 3643 729 3718; baseline 0 -17"><span class='ocrx_word' id='word_1_238' title='bbox 479 3645 557 3718; x_wconf 92' lang='ita' dir='ltr'>[p.</span> <span class='ocrx_word' id='word_1_239' title='bbox 593 3643 729 3713; x_wconf 89' lang='ita'>176]</span> 
     </span>
    </p>
   </div>
   <div class='ocr_carea' id='block_1_11' title="bbox 476 3835 4522 4276">
    <p class='ocr_par' dir='ltr' id='par_1_11' title="bbox 476 3835 4522 4276">
     <span class='ocr_line' id='line_1_24' title="bbox 476 3835 4521 3910; baseline 0 -17"><span class='ocrx_word' id='word_1_240' title='bbox 476 3835 655 3893; x_wconf 99' lang='ita'>3623.</span> <span class='ocrx_word' id='word_1_241' title='bbox 691 3837 974 3903; x_wconf 98' lang='ita' dir='ltr'>BIONDO,</span> <span class='ocrx_word' id='word_1_242' title='bbox 1010 3837 1208 3893; x_wconf 93' lang='ita' dir='ltr'>Roma</span> <span class='ocrx_word' id='word_1_243' title='bbox 1238 3835 1548 3893; x_wconf 97' lang='ita' dir='ltr'>ristaurata</span> <span class='ocrx_word' id='word_1_244' title='bbox 1580 3844 1690 3893; x_wconf 99' lang='ita' dir='ltr'>etc.</span> <span class='ocrx_word' id='word_1_245' title='bbox 1728 3844 1838 3893; x_wconf 99' lang='ita' dir='ltr'>etc.</span> <span class='ocrx_word' id='word_1_246' title='bbox 1876 3854 2050 3893; x_wconf 99' lang='ita' dir='ltr'>come</span> <span class='ocrx_word' id='word_1_247' title='bbox 2086 3854 2279 3910; x_wconf 96' lang='ita' dir='ltr'>sopra,</span> <span class='ocrx_word' id='word_1_248' title='bbox 2316 3836 2393 3893; x_wconf 98' lang='ita' dir='ltr'>da</span> <span class='ocrx_word' id='word_1_249' title='bbox 2424 3835 2596 3893; x_wconf 99' lang='ita' dir='ltr'>molti</span> <span class='ocrx_word' id='word_1_250' title='bbox 2630 3835 2812 3893; x_wconf 99' lang='ita' dir='ltr'>errori</span> <span class='ocrx_word' id='word_1_251' title='bbox 2845 3844 3113 3903; x_wconf 97' lang='ita' dir='ltr'>corretta,</span> <span class='ocrx_word' id='word_1_252' title='bbox 3150 3854 3183 3893; x_wconf 99' lang='ita' dir='ltr'>e</span> <span class='ocrx_word' id='word_1_253' title='bbox 3214 3835 3577 3910; x_wconf 96' lang='ita' dir='ltr'>ristampata,</span> <span class='ocrx_word' id='word_1_254' title='bbox 3613 3835 3900 3903; x_wconf 92' lang='ita' dir='ltr'>Venezia,</span> <span class='ocrx_word' id='word_1_255' title='bbox 3935 3854 4145 3910; x_wconf 98' lang='ita' dir='ltr'>presso</span> <span class='ocrx_word' id='word_1_256' title='bbox 4179 3835 4521 3893; x_wconf 92' lang='ita' dir='ltr'>Domenico</span> 
     </span>
     <span class='ocr_line' id='line_1_25' title="bbox 700 3930 1303 4005; baseline 0.002 -18"><span class='ocrx_word' id='word_1_257' title='bbox 700 3930 924 4005; x_wconf 92' lang='ita' dir='ltr'>Giglio.</span> <span class='ocrx_word' id='word_1_258' title='bbox 960 3930 1135 3998; x_wconf 98' lang='ita'>1558,</span> <span class='ocrx_word' id='word_1_259' title='bbox 1162 3930 1224 3987; x_wconf 98' lang='ita' dir='ltr'>in</span> <span class='ocrx_word' id='word_1_260' title='bbox 1251 3931 1303 3988; x_wconf 99' lang='ita'>8.</span> 
     </span>
     <span class='ocr_line' id='line_1_26' title="bbox 700 4026 4521 4101; baseline 0 -17"><span class='ocrx_word' id='word_1_261' title='bbox 700 4027 927 4098; x_wconf 89' lang='ita' dir='ltr'>Questa</span> <span class='ocrx_word' id='word_1_262' title='bbox 950 4027 1112 4084; x_wconf 97' lang='ita' dir='ltr'>bella</span> <span class='ocrx_word' id='word_1_263' title='bbox 1137 4026 1416 4084; x_wconf 98' lang='ita' dir='ltr'>edizione</span> <span class='ocrx_word' id='word_1_264' title='bbox 1443 4027 1603 4084; x_wconf 98' lang='ita' dir='ltr'>della</span> <span class='ocrx_word' id='word_1_265' title='bbox 1627 4026 1975 4084; x_wconf 98' lang='ita' dir='ltr'>traduzione</span> <span class='ocrx_word' id='word_1_266' title='bbox 2003 4026 2148 4084; x_wconf 97' lang='ita' dir='ltr'>fatta</span> <span class='ocrx_word' id='word_1_267' title='bbox 2173 4027 2250 4084; x_wconf 98' lang='ita' dir='ltr'>da</span> <span class='ocrx_word' id='word_1_268' title='bbox 2274 4026 2464 4084; x_wconf 99' lang='ita' dir='ltr'>Lucio</span> <span class='ocrx_word' id='word_1_269' title='bbox 2491 4028 2696 4084; x_wconf 91' lang='ita' dir='ltr'>Fauno</span> <span class='ocrx_word' id='word_1_270' title='bbox 2723 4026 2800 4084; x_wconf 98' lang='ita' dir='ltr'>ha</span> <span class='ocrx_word' id='word_1_271' title='bbox 2824 4045 2943 4084; x_wconf 98' lang='ita' dir='ltr'>una</span> <span class='ocrx_word' id='word_1_272' title='bbox 2966 4026 3244 4101; x_wconf 98' lang='ita' dir='ltr'>preziosa</span> <span class='ocrx_word' id='word_1_273' title='bbox 3271 4026 3635 4101; x_wconf 82' lang='ita' dir='ltr'>singolarità,</span> <span class='ocrx_word' id='word_1_274' title='bbox 3665 4026 3777 4084; x_wconf 99' lang='ita' dir='ltr'>che</span> <span class='ocrx_word' id='word_1_275' title='bbox 3803 4027 3901 4084; x_wconf 99' lang='ita' dir='ltr'>nel</span> <span class='ocrx_word' id='word_1_276' title='bbox 3929 4026 4053 4084; x_wconf 99' lang='ita' dir='ltr'>fine</span> <span class='ocrx_word' id='word_1_277' title='bbox 4083 4045 4233 4084; x_wconf 98' lang='ita' dir='ltr'>sono</span> <span class='ocrx_word' id='word_1_278' title='bbox 4259 4027 4521 4084; x_wconf 98' lang='ita' dir='ltr'>raccolte</span> 
     </span>
     <span class='ocr_line' id='line_1_27' title="bbox 699 4122 4522 4197; baseline -0 -17"><span class='ocrx_word' id='word_1_279' title='bbox 699 4123 755 4180; x_wconf 99' lang='ita' dir='ltr'>le</span> <span class='ocrx_word' id='word_1_280' title='bbox 786 4122 980 4197; x_wconf 98' lang='ita' dir='ltr'>giuste</span> <span class='ocrx_word' id='word_1_281' title='bbox 1011 4122 1256 4180; x_wconf 98' lang='ita' dir='ltr'>critiche</span> <span class='ocrx_word' id='word_1_282' title='bbox 1287 4122 1431 4180; x_wconf 98' lang='ita' dir='ltr'>fatte</span> <span class='ocrx_word' id='word_1_283' title='bbox 1462 4123 1557 4180; x_wconf 98' lang='ita' dir='ltr'>da’</span> <span class='ocrx_word' id='word_1_284' title='bbox 1595 4122 1867 4197; x_wconf 98' lang='ita' dir='ltr'>geografi</span> <span class='ocrx_word' id='word_1_285' title='bbox 1899 4141 1933 4180; x_wconf 97' lang='ita' dir='ltr'>a</span> <span class='ocrx_word' id='word_1_286' title='bbox 1961 4122 2092 4180; x_wconf 99' lang='ita' dir='ltr'>tutti</span> <span class='ocrx_word' id='word_1_287' title='bbox 2123 4122 2206 4197; x_wconf 99' lang='ita' dir='ltr'>gli</span> <span class='ocrx_word' id='word_1_288' title='bbox 2239 4122 2432 4197; x_wconf 97' lang='ita' dir='ltr'>sbagli</span> <span class='ocrx_word' id='word_1_289' title='bbox 2463 4122 2621 4180; x_wconf 99' lang='ita' dir='ltr'>corsi</span> <span class='ocrx_word' id='word_1_290' title='bbox 2651 4123 2987 4197; x_wconf 92' lang='ita' dir='ltr'>nell’opera</span> <span class='ocrx_word' id='word_1_291' title='bbox 3016 4123 3114 4180; x_wconf 99' lang='ita' dir='ltr'>del</span> <span class='ocrx_word' id='word_1_292' title='bbox 3144 4122 3404 4180; x_wconf 92' lang='ita' dir='ltr'>Biondo:</span> <span class='ocrx_word' id='word_1_293' title='bbox 3440 4141 3615 4180; x_wconf 99' lang='ita' dir='ltr'>come</span> <span class='ocrx_word' id='word_1_294' title='bbox 3645 4122 3688 4179; x_wconf 99' lang='ita' dir='ltr'>il</span> <span class='ocrx_word' id='word_1_295' title='bbox 3718 4122 4038 4190; x_wconf 97' lang='ita' dir='ltr'>Marliano,</span> <span class='ocrx_word' id='word_1_296' title='bbox 4071 4122 4114 4179; x_wconf 99' lang='ita' dir='ltr'>il</span> <span class='ocrx_word' id='word_1_297' title='bbox 4147 4122 4446 4190; x_wconf 90' lang='ita' dir='ltr'>Sabelico,</span> <span class='ocrx_word' id='word_1_298' title='bbox 4479 4122 4522 4179; x_wconf 99' lang='ita' dir='ltr'>il</span> 
     </span>
     <span class='ocr_line' id='line_1_28' title="bbox 698 4219 1205 4276; baseline 0 0"><span class='ocrx_word' id='word_1_299' title='bbox 698 4219 1092 4276; x_wconf 97' lang='ita' dir='ltr'>Volaterrano</span> <span class='ocrx_word' id='word_1_300' title='bbox 1118 4237 1205 4276; x_wconf 99' lang='ita' dir='ltr'>ec.</span> 
     </span>
    </p>
   </div>
   <div class='ocr_carea' id='block_1_12' title="bbox 476 4410 4522 4676">
    <p class='ocr_par' dir='ltr' id='par_1_12' title="bbox 476 4410 4522 4676">
     <span class='ocr_line' id='line_1_29' title="bbox 476 4410 4522 4485; baseline 0 -18"><span class='ocrx_word' id='word_1_301' title='bbox 476 4410 655 4468; x_wconf 97' lang='ita'>3624.</span> <span class='ocrx_word' id='word_1_302' title='bbox 688 4412 949 4468; x_wconf 95' lang='ita' dir='ltr'>BLONDI</span> <span class='ocrx_word' id='word_1_303' title='bbox 973 4410 1182 4478; x_wconf 91' lang='ita' dir='ltr'>Flavii,</span> <span class='ocrx_word' id='word_1_304' title='bbox 1215 4412 1309 4468; x_wconf 92' lang='ita' dir='ltr'>De</span> <span class='ocrx_word' id='word_1_305' title='bbox 1340 4412 1538 4468; x_wconf 93' lang='ita' dir='ltr'>Roma</span> <span class='ocrx_word' id='word_1_306' title='bbox 1566 4410 1966 4485; x_wconf 99' lang='ita' dir='ltr'>triumphante</span> <span class='ocrx_word' id='word_1_307' title='bbox 1997 4410 2132 4468; x_wconf 98' lang='ita' dir='ltr'>libri</span> <span class='ocrx_word' id='word_1_308' title='bbox 2163 4411 2379 4468; x_wconf 99' lang='ita' dir='ltr'>decem</span> <span class='ocrx_word' id='word_1_309' title='bbox 2407 4410 2649 4468; x_wconf 77' lang='ita' dir='ltr'>Brixiae</span> <span class='ocrx_word' id='word_1_310' title='bbox 2687 4410 2840 4468; x_wconf 93' lang='ita'>1503</span> <span class='ocrx_word' id='word_1_311' title='bbox 2873 4429 2980 4485; x_wconf 99' lang='ita' dir='ltr'>per</span> <span class='ocrx_word' id='word_1_312' title='bbox 3008 4411 3315 4485; x_wconf 85' lang='ita' dir='ltr'>Angelum</span> <span class='ocrx_word' id='word_1_313' title='bbox 3343 4410 3796 4468; x_wconf 98' lang='ita' dir='ltr'>Brittannicum.</span> <span class='ocrx_word' id='word_1_314' title='bbox 3831 4410 4105 4468; x_wconf 84' lang='ita' dir='ltr'>Accedit:</span> <span class='ocrx_word' id='word_1_315' title='bbox 4141 4411 4417 4485; x_wconf 88' lang='ita' dir='ltr'>ejusdem</span> <span class='ocrx_word' id='word_1_316' title='bbox 4447 4411 4522 4468; x_wconf 99' lang='ita' dir='ltr'>de</span> 
     </span>
     <span class='ocr_line' id='line_1_30' title="bbox 698 4505 4520 4580; baseline 0 -17"><span class='ocrx_word' id='word_1_317' title='bbox 698 4507 895 4563; x_wconf 93' lang='ita' dir='ltr'>Roma</span> <span class='ocrx_word' id='word_1_318' title='bbox 927 4505 1250 4563; x_wconf 98' lang='ita' dir='ltr'>instaurata</span> <span class='ocrx_word' id='word_1_319' title='bbox 1283 4505 1384 4563; x_wconf 99' lang='ita' dir='ltr'>lib.</span> <span class='ocrx_word' id='word_1_320' title='bbox 1422 4507 1520 4563; x_wconf 99' lang='ita' dir='ltr'>III.</span> <span class='ocrx_word' id='word_1_321' title='bbox 1557 4507 1651 4563; x_wconf 92' lang='ita' dir='ltr'>De</span> <span class='ocrx_word' id='word_1_322' title='bbox 1685 4505 1869 4580; x_wconf 98' lang='ita' dir='ltr'>gestis</span> <span class='ocrx_word' id='word_1_323' title='bbox 1905 4514 2259 4563; x_wconf 99' lang='ita' dir='ltr'>venetorum</span> <span class='ocrx_word' id='word_1_324' title='bbox 2292 4506 2367 4563; x_wconf 97' lang='ita' dir='ltr'>ad</span> <span class='ocrx_word' id='word_1_325' title='bbox 2400 4505 2788 4563; x_wconf 91' lang='ita' dir='ltr'>Franciscum</span> <span class='ocrx_word' id='word_1_326' title='bbox 2819 4505 3062 4563; x_wconf 91' lang='ita' dir='ltr'>Foscari</span> <span class='ocrx_word' id='word_1_327' title='bbox 3097 4506 3317 4563; x_wconf 98' lang='ita' dir='ltr'>ducem</span> <span class='ocrx_word' id='word_1_328' title='bbox 3349 4514 3459 4563; x_wconf 99' lang='ita' dir='ltr'>etc.</span> <span class='ocrx_word' id='word_1_329' title='bbox 3498 4514 3556 4563; x_wconf 99' lang='ita' dir='ltr'>et</span> <span class='ocrx_word' id='word_1_330' title='bbox 3589 4506 3664 4563; x_wconf 99' lang='ita' dir='ltr'>de</span> <span class='ocrx_word' id='word_1_331' title='bbox 3697 4505 3867 4563; x_wconf 90' lang='ita' dir='ltr'>Italia</span> <span class='ocrx_word' id='word_1_332' title='bbox 3899 4505 4189 4563; x_wconf 97' lang='ita' dir='ltr'>illustrata</span> <span class='ocrx_word' id='word_1_333' title='bbox 4222 4505 4323 4563; x_wconf 99' lang='ita' dir='ltr'>lib.</span> <span class='ocrx_word' id='word_1_334' title='bbox 4361 4507 4520 4573; x_wconf 96' lang='ita' dir='ltr'>VIII,</span> 
     </span>
     <span class='ocr_line' id='line_1_31' title="bbox 698 4601 2632 4676; baseline 0 -17"><span class='ocrx_word' id='word_1_335' title='bbox 698 4601 990 4669; x_wconf 96' lang='ita' dir='ltr'>Venetiis,</span> <span class='ocrx_word' id='word_1_336' title='bbox 1025 4601 1200 4669; x_wconf 98' lang='ita'>1510,</span> <span class='ocrx_word' id='word_1_337' title='bbox 1225 4620 1332 4676; x_wconf 99' lang='ita' dir='ltr'>per</span> <span class='ocrx_word' id='word_1_338' title='bbox 1356 4602 1428 4659; x_wconf 92' lang='ita' dir='ltr'>G.</span> <span class='ocrx_word' id='word_1_339' title='bbox 1455 4610 1739 4676; x_wconf 97' lang='ita' dir='ltr'>regnante</span> <span class='ocrx_word' id='word_1_340' title='bbox 1763 4602 2078 4659; x_wconf 97' lang='ita' dir='ltr'>Leonardo</span> <span class='ocrx_word' id='word_1_341' title='bbox 2103 4603 2436 4659; x_wconf 97' lang='ita' dir='ltr'>Lauretano</span> <span class='ocrx_word' id='word_1_342' title='bbox 2462 4602 2632 4659; x_wconf 98' lang='ita' dir='ltr'>duce.</span> 
     </span>
    </p>
   </div>
   <div class='ocr_carea' id='block_1_13' title="bbox 476 4793 4523 5155">
    <p class='ocr_par' dir='ltr' id='par_1_13' title="bbox 476 4793 4523 5155">
     <span class='ocr_line' id='line_1_32' title="bbox 476 4793 4523 4868; baseline 0 -18"><span class='ocrx_word' id='word_1_343' title='bbox 476 4793 655 4851; x_wconf 98' lang='ita'>3625.</span> <span class='ocrx_word' id='word_1_344' title='bbox 693 4795 954 4851; x_wconf 95' lang='ita' dir='ltr'>BLONDI</span> <span class='ocrx_word' id='word_1_345' title='bbox 987 4793 1196 4861; x_wconf 91' lang='ita' dir='ltr'>Flavii,</span> <span class='ocrx_word' id='word_1_346' title='bbox 1235 4793 1637 4851; x_wconf 96' lang='ita' dir='ltr'>Historiarum</span> <span class='ocrx_word' id='word_1_347' title='bbox 1671 4794 1744 4851; x_wconf 98' lang='ita' dir='ltr'>ab</span> <span class='ocrx_word' id='word_1_348' title='bbox 1780 4793 2171 4851; x_wconf 98' lang='ita' dir='ltr'>inclinatione</span> <span class='ocrx_word' id='word_1_349' title='bbox 2205 4812 2594 4851; x_wconf 98' lang='ita' dir='ltr'>romanorum</span> <span class='ocrx_word' id='word_1_350' title='bbox 2627 4793 2882 4868; x_wconf 93' lang='ita' dir='ltr'>imperii:</span> <span class='ocrx_word' id='word_1_351' title='bbox 2924 4794 3183 4851; x_wconf 97' lang='ita' dir='ltr'>decades</span> <span class='ocrx_word' id='word_1_352' title='bbox 3219 4802 3354 4861; x_wconf 99' lang='ita' dir='ltr'>tres,</span> <span class='ocrx_word' id='word_1_353' title='bbox 3392 4793 3666 4851; x_wconf 98' lang='ita' dir='ltr'>Venetiis</span> <span class='ocrx_word' id='word_1_354' title='bbox 3710 4794 3885 4861; x_wconf 97' lang='ita'>1483,</span> <span class='ocrx_word' id='word_1_355' title='bbox 3923 4793 3985 4850; x_wconf 98' lang='ita' dir='ltr'>in</span> <span class='ocrx_word' id='word_1_356' title='bbox 4020 4793 4125 4851; x_wconf 99' lang='ita' dir='ltr'>fol.</span> <span class='ocrx_word' id='word_1_357' title='bbox 4165 4793 4425 4868; x_wconf 98' lang='ita' dir='ltr'>Leggesi</span> <span class='ocrx_word' id='word_1_358' title='bbox 4460 4793 4523 4850; x_wconf 99' lang='ita' dir='ltr'>in</span> 
     </span>
     <span class='ocr_line' id='line_1_33' title="bbox 699 4889 4523 4964; baseline 0 -18"><span class='ocrx_word' id='word_1_359' title='bbox 699 4889 842 4947; x_wconf 93' lang='ita' dir='ltr'>fine:</span> <span class='ocrx_word' id='word_1_360' title='bbox 885 4889 1047 4947; x_wconf 91' lang='ita' dir='ltr'>Finis</span> <span class='ocrx_word' id='word_1_361' title='bbox 1086 4889 1469 4947; x_wconf 98' lang='ita' dir='ltr'>historiarum</span> <span class='ocrx_word' id='word_1_362' title='bbox 1505 4889 1729 4947; x_wconf 99' lang='ita' dir='ltr'>Blondi</span> <span class='ocrx_word' id='word_1_363' title='bbox 1768 4908 1915 4964; x_wconf 92' lang='ita' dir='ltr'>quas</span> <span class='ocrx_word' id='word_1_364' title='bbox 1955 4898 2145 4947; x_wconf 99' lang='ita' dir='ltr'>morte</span> <span class='ocrx_word' id='word_1_365' title='bbox 2182 4898 2539 4964; x_wconf 98' lang='ita' dir='ltr'>praeventus</span> <span class='ocrx_word' id='word_1_366' title='bbox 2578 4908 2701 4947; x_wconf 99' lang='ita' dir='ltr'>non</span> <span class='ocrx_word' id='word_1_367' title='bbox 2740 4889 3085 4964; x_wconf 99' lang='ita' dir='ltr'>complevit.</span> <span class='ocrx_word' id='word_1_368' title='bbox 3128 4890 3288 4947; x_wconf 90' lang='ita' dir='ltr'>Cum</span> <span class='ocrx_word' id='word_1_369' title='bbox 3323 4898 3525 4947; x_wconf 97' lang='ita' dir='ltr'>tamen</span> <span class='ocrx_word' id='word_1_370' title='bbox 3562 4889 3802 4947; x_wconf 98' lang='ita' dir='ltr'>interim</span> <span class='ocrx_word' id='word_1_371' title='bbox 3837 4891 4100 4947; x_wconf 92' lang='ita' dir='ltr'>Romam</span> <span class='ocrx_word' id='word_1_372' title='bbox 4135 4889 4523 4947; x_wconf 98' lang='ita' dir='ltr'>instauratam</span> 
     </span>
     <span class='ocr_line' id='line_1_34' title="bbox 698 4985 4523 5060; baseline 0 -18"><span class='ocrx_word' id='word_1_373' title='bbox 698 4985 883 5043; x_wconf 98' lang='ita' dir='ltr'>tribus</span> <span class='ocrx_word' id='word_1_374' title='bbox 923 4985 1108 5053; x_wconf 98' lang='ita' dir='ltr'>libris,</span> <span class='ocrx_word' id='word_1_375' title='bbox 1150 4985 1385 5043; x_wconf 99' lang='ita' dir='ltr'>Italiam</span> <span class='ocrx_word' id='word_1_376' title='bbox 1421 4985 1776 5043; x_wconf 98' lang='ita' dir='ltr'>illustratam</span> <span class='ocrx_word' id='word_1_377' title='bbox 1813 4985 1914 5043; x_wconf 99' lang='ita' dir='ltr'>lib.</span> <span class='ocrx_word' id='word_1_378' title='bbox 1956 4987 2115 5053; x_wconf 96' lang='ita' dir='ltr'>VIII,</span> <span class='ocrx_word' id='word_1_379' title='bbox 2157 4994 2215 5043; x_wconf 99' lang='ita' dir='ltr'>et</span> <span class='ocrx_word' id='word_1_380' title='bbox 2252 4987 2514 5043; x_wconf 93' lang='ita' dir='ltr'>Romam</span> <span class='ocrx_word' id='word_1_381' title='bbox 2551 4985 3017 5060; x_wconf 97' lang='ita' dir='ltr'>triumphantem</span> <span class='ocrx_word' id='word_1_382' title='bbox 3054 4985 3156 5043; x_wconf 99' lang='ita' dir='ltr'>lib.</span> <span class='ocrx_word' id='word_1_383' title='bbox 3198 4987 3255 5042; x_wconf 89' lang='ita' dir='ltr'>X</span> <span class='ocrx_word' id='word_1_384' title='bbox 3295 4985 3635 5043; x_wconf 98' lang='ita' dir='ltr'>absolverit.</span> <span class='ocrx_word' id='word_1_385' title='bbox 3678 4987 4047 5060; x_wconf 98' lang='ita' dir='ltr'>Impressum</span> <span class='ocrx_word' id='word_1_386' title='bbox 4083 4985 4376 5053; x_wconf 96' lang='ita' dir='ltr'>Venetiis,</span> <span class='ocrx_word' id='word_1_387' title='bbox 4416 5004 4523 5060; x_wconf 99' lang='ita' dir='ltr'>per</span> 
     </span>
     <span class='ocr_line' id='line_1_35' title="bbox 700 5080 4143 5155; baseline 0 -17"><span class='ocrx_word' id='word_1_388' title='bbox 700 5080 1103 5138; x_wconf 92' lang='ita' dir='ltr'>Octavianum</span> <span class='ocrx_word' id='word_1_389' title='bbox 1128 5081 1379 5138; x_wconf 90' lang='ita' dir='ltr'>Scotum</span> <span class='ocrx_word' id='word_1_390' title='bbox 1401 5080 1864 5148; x_wconf 96' lang='ita' dir='ltr'>Medatiensem,</span> <span class='ocrx_word' id='word_1_391' title='bbox 1893 5099 2049 5138; x_wconf 98' lang='ita' dir='ltr'>anno</span> <span class='ocrx_word' id='word_1_392' title='bbox 2077 5081 2134 5138; x_wconf 90' lang='ita' dir='ltr'>S.</span> <span class='ocrx_word' id='word_1_393' title='bbox 2170 5081 2323 5138; x_wconf 97' lang='ita'>1483</span> <span class='ocrx_word' id='word_1_394' title='bbox 2351 5082 2524 5138; x_wconf 89' lang='ita' dir='ltr'>XVII</span> <span class='ocrx_word' id='word_1_395' title='bbox 2548 5080 2834 5138; x_wconf 87' lang='ita' dir='ltr'>kalendas</span> <span class='ocrx_word' id='word_1_396' title='bbox 2859 5081 3037 5155; x_wconf 85' lang='ita' dir='ltr'>Aug.,</span> <span class='ocrx_word' id='word_1_397' title='bbox 3064 5082 3153 5138; x_wconf 84' lang='ita' dir='ltr'>Jo.</span> <span class='ocrx_word' id='word_1_398' title='bbox 3181 5080 3514 5155; x_wconf 93' lang='ita' dir='ltr'>Mocenigo</span> <span class='ocrx_word' id='word_1_399' title='bbox 3539 5080 3767 5155; x_wconf 88' lang='ita' dir='ltr'>inclyto</span> <span class='ocrx_word' id='word_1_400' title='bbox 3792 5082 3944 5138; x_wconf 99' lang='ita' dir='ltr'>Ven.</span> <span class='ocrx_word' id='word_1_401' title='bbox 3973 5081 4143 5138; x_wconf 98' lang='ita' dir='ltr'>duce.</span> 
     </span>
    </p>
   </div>
   <div class='ocr_carea' id='block_1_14' title="bbox 476 5272 4522 5826">
    <p class='ocr_par' dir='ltr' id='par_1_14' title="bbox 476 5272 4522 5826">
     <span class='ocr_line' id='line_1_36' title="bbox 476 5272 4522 5347; baseline 0 -17"><span class='ocrx_word' id='word_1_402' title='bbox 476 5272 655 5330; x_wconf 99' lang='ita'>3626.</span> <span class='ocrx_word' id='word_1_403' title='bbox 689 5274 1050 5330; x_wconf 84' lang='ita' dir='ltr'>BOISSARDI</span> <span class='ocrx_word' id='word_1_404' title='bbox 1078 5274 1108 5330; x_wconf 80' lang='ita'>]</span> <span class='ocrx_word' id='word_1_405' title='bbox 1113 5272 1210 5330; x_wconf 97' lang='ita' dir='ltr'>ani</span> <span class='ocrx_word' id='word_1_406' title='bbox 1241 5272 1470 5340; x_wconf 84' lang='ita' dir='ltr'>Jacobi,</span> <span class='ocrx_word' id='word_1_407' title='bbox 1503 5274 1814 5330; x_wconf 93' lang='ita' dir='ltr'>Romanae</span> <span class='ocrx_word' id='word_1_408' title='bbox 1845 5272 2007 5330; x_wconf 98' lang='ita' dir='ltr'>urbis</span> <span class='ocrx_word' id='word_1_409' title='bbox 2039 5272 2451 5347; x_wconf 97' lang='ita' dir='ltr'>topographia.</span> <span class='ocrx_word' id='word_1_410' title='bbox 2487 5274 2687 5330; x_wconf 91' lang='ita' dir='ltr'>Partes</span> <span class='ocrx_word' id='word_1_411' title='bbox 2722 5291 2827 5330; x_wconf 76' lang='ita' dir='ltr'>sex</span> <span class='ocrx_word' id='word_1_412' title='bbox 2859 5273 2932 5330; x_wconf 97' lang='ita' dir='ltr'>ab</span> <span class='ocrx_word' id='word_1_413' title='bbox 2966 5291 3121 5330; x_wconf 98' lang='ita' dir='ltr'>anno</span> <span class='ocrx_word' id='word_1_414' title='bbox 3161 5272 3315 5331; x_wconf 90' lang='ita'>1597</span> <span class='ocrx_word' id='word_1_415' title='bbox 3351 5273 3426 5330; x_wconf 97' lang='ita' dir='ltr'>ad</span> <span class='ocrx_word' id='word_1_416' title='bbox 3464 5272 3638 5340; x_wconf 98' lang='ita'>1602,</span> <span class='ocrx_word' id='word_1_417' title='bbox 3672 5272 4060 5340; x_wconf 91' lang='ita' dir='ltr'>Francofurti,</span> <span class='ocrx_word' id='word_1_418' title='bbox 4094 5272 4415 5330; x_wconf 96' lang='ita' dir='ltr'>Theodoro</span> <span class='ocrx_word' id='word_1_419' title='bbox 4448 5273 4522 5330; x_wconf 99' lang='ita' dir='ltr'>de</span> 
     </span>
     <span class='ocr_line' id='line_1_37' title="bbox 698 5368 2345 5443; baseline 0.001 -18"><span class='ocrx_word' id='word_1_420' title='bbox 698 5368 857 5436; x_wconf 97' lang='ita' dir='ltr'>Brie,</span> <span class='ocrx_word' id='word_1_421' title='bbox 884 5368 946 5425; x_wconf 98' lang='ita' dir='ltr'>in</span> <span class='ocrx_word' id='word_1_422' title='bbox 970 5368 1010 5426; x_wconf 99' lang='ita' dir='ltr'>f.</span> <span class='ocrx_word' id='word_1_423' title='bbox 1037 5387 1116 5443; x_wconf 99' lang='ita' dir='ltr'>p.,</span> <span class='ocrx_word' id='word_1_424' title='bbox 1144 5368 1270 5443; x_wconf 99' lang='ita' dir='ltr'>fig.,</span> <span class='ocrx_word' id='word_1_425' title='bbox 1298 5369 1494 5443; x_wconf 99' lang='ita' dir='ltr'>legata</span> <span class='ocrx_word' id='word_1_426' title='bbox 1516 5368 1579 5425; x_wconf 99' lang='ita' dir='ltr'>in</span> <span class='ocrx_word' id='word_1_427' title='bbox 1603 5369 1640 5425; x_wconf 99' lang='ita'>2</span> <span class='ocrx_word' id='word_1_428' title='bbox 1666 5369 1808 5436; x_wconf 99' lang='ita' dir='ltr'>vol.,</span> <span class='ocrx_word' id='word_1_429' title='bbox 1834 5368 2027 5443; x_wconf 97' lang='ita' dir='ltr'>prima</span> <span class='ocrx_word' id='word_1_430' title='bbox 2050 5368 2345 5426; x_wconf 97' lang='ita' dir='ltr'>edizione.</span> 
     </span>
     <span class='ocr_line' id='line_1_38' title="bbox 699 5464 4522 5539; baseline 0 -17"><span class='ocrx_word' id='word_1_431' title='bbox 699 5464 888 5522; x_wconf 90' lang='ita' dir='ltr'>Citasi</span> <span class='ocrx_word' id='word_1_432' title='bbox 921 5465 1019 5522; x_wconf 97' lang='ita' dir='ltr'>dal</span> <span class='ocrx_word' id='word_1_433' title='bbox 1051 5466 1277 5522; x_wconf 99' lang='ita' dir='ltr'>Brunet</span> <span class='ocrx_word' id='word_1_434' title='bbox 1308 5465 1692 5539; x_wconf 98' lang='ita' dir='ltr'>l’esemplare</span> <span class='ocrx_word' id='word_1_435' title='bbox 1725 5464 2017 5522; x_wconf 98' lang='ita' dir='ltr'>illustrato</span> <span class='ocrx_word' id='word_1_436' title='bbox 2051 5465 2211 5522; x_wconf 98' lang='ita' dir='ltr'>della</span> <span class='ocrx_word' id='word_1_437' title='bbox 2241 5464 2588 5532; x_wconf 91' lang='ita' dir='ltr'>Pinelliana,</span> <span class='ocrx_word' id='word_1_438' title='bbox 2624 5483 2800 5522; x_wconf 99' lang='ita' dir='ltr'>come</span> <span class='ocrx_word' id='word_1_439' title='bbox 2832 5464 2875 5521; x_wconf 99' lang='ita' dir='ltr'>il</span> <span class='ocrx_word' id='word_1_440' title='bbox 2906 5464 3011 5539; x_wconf 88' lang='ita' dir='ltr'>più</span> <span class='ocrx_word' id='word_1_441' title='bbox 3043 5465 3366 5539; x_wconf 99' lang='ita' dir='ltr'>completo.</span> <span class='ocrx_word' id='word_1_442' title='bbox 3403 5464 3708 5522; x_wconf 85' lang='ita' dir='ltr'>Abbiamo</span> <span class='ocrx_word' id='word_1_443' title='bbox 3743 5464 4121 5522; x_wconf 97' lang='ita' dir='ltr'>confrontato</span> <span class='ocrx_word' id='word_1_444' title='bbox 4154 5464 4197 5521; x_wconf 99' lang='ita' dir='ltr'>il</span> <span class='ocrx_word' id='word_1_445' title='bbox 4229 5473 4453 5532; x_wconf 99' lang='ita' dir='ltr'>nostro,</span> <span class='ocrx_word' id='word_1_446' title='bbox 4489 5483 4522 5522; x_wconf 99' lang='ita' dir='ltr'>e</span> 
     </span>
     <span class='ocr_line' id='line_1_39' title="bbox 697 5559 4520 5634; baseline 0 -17"><span class='ocrx_word' id='word_1_447' title='bbox 697 5559 1105 5617; x_wconf 98' lang='ita' dir='ltr'>riconosciuto</span> <span class='ocrx_word' id='word_1_448' title='bbox 1141 5559 1369 5617; x_wconf 98' lang='ita' dir='ltr'>esservi</span> <span class='ocrx_word' id='word_1_449' title='bbox 1404 5578 1485 5617; x_wconf 99' lang='ita' dir='ltr'>un</span> <span class='ocrx_word' id='word_1_450' title='bbox 1519 5559 1796 5634; x_wconf 97' lang='ita' dir='ltr'>maggior</span> <span class='ocrx_word' id='word_1_451' title='bbox 1828 5578 2078 5617; x_wconf 99' lang='ita' dir='ltr'>numero</span> <span class='ocrx_word' id='word_1_452' title='bbox 2114 5559 2175 5617; x_wconf 99' lang='ita' dir='ltr'>di</span> <span class='ocrx_word' id='word_1_453' title='bbox 2209 5560 2428 5627; x_wconf 98' lang='ita' dir='ltr'>tavole,</span> <span class='ocrx_word' id='word_1_454' title='bbox 2466 5559 2763 5617; x_wconf 98' lang='ita' dir='ltr'>citandosi</span> <span class='ocrx_word' id='word_1_455' title='bbox 2798 5560 2958 5617; x_wconf 98' lang='ita' dir='ltr'>nella</span> <span class='ocrx_word' id='word_1_456' title='bbox 2991 5568 3198 5634; x_wconf 92' lang='ita' dir='ltr'>quarta</span> <span class='ocrx_word' id='word_1_457' title='bbox 3229 5568 3394 5634; x_wconf 97' lang='ita' dir='ltr'>parte</span> <span class='ocrx_word' id='word_1_458' title='bbox 3436 5560 3550 5616; x_wconf 97' lang='ita'>144</span> <span class='ocrx_word' id='word_1_459' title='bbox 3585 5560 3804 5627; x_wconf 98' lang='ita' dir='ltr'>tavole,</span> <span class='ocrx_word' id='word_1_460' title='bbox 3842 5578 3958 5617; x_wconf 98' lang='ita' dir='ltr'>ove</span> <span class='ocrx_word' id='word_1_461' title='bbox 3993 5578 4068 5617; x_wconf 99' lang='ita' dir='ltr'>ne</span> <span class='ocrx_word' id='word_1_462' title='bbox 4101 5559 4520 5617; x_wconf 98' lang='ita' dir='ltr'>riscontriamo</span> 
     </span>
     <span class='ocr_line' id='line_1_40' title="bbox 706 5655 4520 5730; baseline -0 -17"><span class='ocrx_word' id='word_1_463' title='bbox 706 5655 838 5713; x_wconf 97' lang='ita'>146.</span> <span class='ocrx_word' id='word_1_464' title='bbox 878 5655 995 5713; x_wconf 93' lang='ita' dir='ltr'>Nei</span> <span class='ocrx_word' id='word_1_465' title='bbox 1031 5655 1217 5713; x_wconf 99' lang='ita' dir='ltr'>nostri</span> <span class='ocrx_word' id='word_1_466' title='bbox 1254 5656 1370 5713; x_wconf 98' lang='ita' dir='ltr'>due</span> <span class='ocrx_word' id='word_1_467' title='bbox 1407 5655 1637 5713; x_wconf 97' lang='ita' dir='ltr'>volumi</span> <span class='ocrx_word' id='word_1_468' title='bbox 1673 5655 1716 5712; x_wconf 99' lang='ita' dir='ltr'>il</span> <span class='ocrx_word' id='word_1_469' title='bbox 1752 5658 2097 5713; x_wconf 77' lang='ita' dir='ltr'>Parnassus</span> <span class='ocrx_word' id='word_1_470' title='bbox 2131 5658 2352 5729; x_wconf 81' lang='ita' dir='ltr'>Biceps</span> <span class='ocrx_word' id='word_1_471' title='bbox 2388 5674 2510 5713; x_wconf 99' lang='ita' dir='ltr'>non</span> <span class='ocrx_word' id='word_1_472' title='bbox 2546 5656 2579 5713; x_wconf 86' lang='ita' dir='ltr'>è</span> <span class='ocrx_word' id='word_1_473' title='bbox 2614 5655 2852 5723; x_wconf 98' lang='ita' dir='ltr'>riunito,</span> <span class='ocrx_word' id='word_1_474' title='bbox 2892 5674 3068 5713; x_wconf 99' lang='ita' dir='ltr'>come</span> <span class='ocrx_word' id='word_1_475' title='bbox 3104 5655 3166 5712; x_wconf 98' lang='ita' dir='ltr'>in</span> <span class='ocrx_word' id='word_1_476' title='bbox 3202 5655 3388 5730; x_wconf 92' lang='ita' dir='ltr'>quelli</span> <span class='ocrx_word' id='word_1_477' title='bbox 3425 5656 3585 5713; x_wconf 98' lang='ita' dir='ltr'>della</span> <span class='ocrx_word' id='word_1_478' title='bbox 3619 5655 3966 5723; x_wconf 91' lang='ita' dir='ltr'>Pinelliana,</span> <span class='ocrx_word' id='word_1_479' title='bbox 4006 5674 4105 5713; x_wconf 98' lang='ita' dir='ltr'>ma</span> <span class='ocrx_word' id='word_1_480' title='bbox 4140 5656 4200 5713; x_wconf 99' lang='ita' dir='ltr'>lo</span> <span class='ocrx_word' id='word_1_481' title='bbox 4239 5655 4520 5713; x_wconf 98' lang='ita' dir='ltr'>abbiamo</span> 
     </span>
     <span class='ocr_line' id='line_1_41' title="bbox 699 5751 2656 5826; baseline -0.001 -17"><span class='ocrx_word' id='word_1_482' title='bbox 699 5752 897 5826; x_wconf 98' lang='ita' dir='ltr'>legato</span> <span class='ocrx_word' id='word_1_483' title='bbox 925 5760 1412 5826; x_wconf 97' lang='ita' dir='ltr'>separatamente.</span> <span class='ocrx_word' id='word_1_484' title='bbox 1440 5752 1790 5826; x_wconf 94' lang='ita' dir='ltr'>Esemplare</span> <span class='ocrx_word' id='word_1_485' title='bbox 1815 5751 1876 5809; x_wconf 99' lang='ita' dir='ltr'>di</span> <span class='ocrx_word' id='word_1_486' title='bbox 1899 5751 2092 5826; x_wconf 97' lang='ita' dir='ltr'>prima</span> <span class='ocrx_word' id='word_1_487' title='bbox 2113 5751 2289 5809; x_wconf 82' lang='ita' dir='ltr'>rarità</span> <span class='ocrx_word' id='word_1_488' title='bbox 2312 5770 2345 5809; x_wconf 99' lang='ita' dir='ltr'>e</span> <span class='ocrx_word' id='word_1_489' title='bbox 2368 5752 2656 5809; x_wconf 97' lang='ita' dir='ltr'>bellezza.</span> 
     </span>
    </p>
   </div>
   <div class='ocr_carea' id='block_1_15' title="bbox 476 5943 4522 6288">
    <p class='ocr_par' dir='ltr' id='par_1_15' title="bbox 476 5943 4522 6288">
     <span class='ocr_line' id='line_1_42' title="bbox 476 5943 4519 6018; baseline -0 -17"><span class='ocrx_word' id='word_1_490' title='bbox 476 5943 655 6001; x_wconf 99' lang='ita'>3627.</span> <span class='ocrx_word' id='word_1_491' title='bbox 687 5945 1022 6001; x_wconf 93' lang='ita' dir='ltr'>BOLDETTI</span> <span class='ocrx_word' id='word_1_492' title='bbox 1049 5943 1542 6011; x_wconf 85' lang='ita' dir='ltr'>Marc’Antonio,</span> <span class='ocrx_word' id='word_1_493' title='bbox 1576 5943 2005 6001; x_wconf 92' lang='ita' dir='ltr'>Osservazioni</span> <span class='ocrx_word' id='word_1_494' title='bbox 2037 5962 2214 6018; x_wconf 99' lang='ita' dir='ltr'>sopra</span> <span class='ocrx_word' id='word_1_495' title='bbox 2241 5943 2261 6000; x_wconf 99' lang='ita' dir='ltr'>i</span> <span class='ocrx_word' id='word_1_496' title='bbox 2291 5943 2542 6018; x_wconf 88' lang='ita' dir='ltr'>cimiterj</span> <span class='ocrx_word' id='word_1_497' title='bbox 2578 5944 2673 6001; x_wconf 99' lang='ita' dir='ltr'>de’</span> <span class='ocrx_word' id='word_1_498' title='bbox 2712 5943 2876 6001; x_wconf 90' lang='ita' dir='ltr'>Santi</span> <span class='ocrx_word' id='word_1_499' title='bbox 2905 5943 3156 6011; x_wconf 98' lang='ita' dir='ltr'>Martiri,</span> <span class='ocrx_word' id='word_1_500' title='bbox 3189 5944 3265 6001; x_wconf 99' lang='ita' dir='ltr'>ed</span> <span class='ocrx_word' id='word_1_501' title='bbox 3295 5943 3516 6001; x_wconf 99' lang='ita' dir='ltr'>antichi</span> <span class='ocrx_word' id='word_1_502' title='bbox 3547 5943 3829 6011; x_wconf 99' lang='ita' dir='ltr'>cristiani,</span> <span class='ocrx_word' id='word_1_503' title='bbox 3861 5945 4058 6001; x_wconf 93' lang='ita' dir='ltr'>Roma</span> <span class='ocrx_word' id='word_1_504' title='bbox 4094 5944 4269 6011; x_wconf 99' lang='ita'>1702,</span> <span class='ocrx_word' id='word_1_505' title='bbox 4301 5943 4363 6000; x_wconf 99' lang='ita' dir='ltr'>in</span> <span class='ocrx_word' id='word_1_506' title='bbox 4392 5943 4519 6011; x_wconf 99' lang='ita' dir='ltr'>fol.,</span> 
     </span>
     <span class='ocr_line' id='line_1_43' title="bbox 699 6039 1057 6114; baseline 0.003 -18"><span class='ocrx_word' id='word_1_507' title='bbox 699 6039 826 6114; x_wconf 99' lang='ita' dir='ltr'>fig.,</span> <span class='ocrx_word' id='word_1_508' title='bbox 854 6040 973 6097; x_wconf 98' lang='ita' dir='ltr'>vol.</span> <span class='ocrx_word' id='word_1_509' title='bbox 1002 6040 1057 6097; x_wconf 99' lang='ita'>2.</span> 
     </span>
     <span class='ocr_line' id='line_1_44' title="bbox 700 6134 4522 6209; baseline 0 -17"><span class='ocrx_word' id='word_1_510' title='bbox 700 6135 901 6209; x_wconf 92' lang='ita' dir='ltr'>Opera</span> <span class='ocrx_word' id='word_1_511' title='bbox 927 6134 1107 6209; x_wconf 98' lang='ita' dir='ltr'>piena</span> <span class='ocrx_word' id='word_1_512' title='bbox 1135 6134 1196 6192; x_wconf 99' lang='ita' dir='ltr'>di</span> <span class='ocrx_word' id='word_1_513' title='bbox 1226 6134 1573 6209; x_wconf 98' lang='ita' dir='ltr'>cognizioni</span> <span class='ocrx_word' id='word_1_514' title='bbox 1603 6134 1852 6202; x_wconf 90' lang='ita' dir='ltr'>erudite;</span> <span class='ocrx_word' id='word_1_515' title='bbox 1884 6135 1982 6192; x_wconf 99' lang='ita' dir='ltr'>nel</span> <span class='ocrx_word' id='word_1_516' title='bbox 2011 6136 2036 6191; x_wconf 99' lang='ita' dir='ltr'>I</span> <span class='ocrx_word' id='word_1_517' title='bbox 2067 6135 2312 6192; x_wconf 99' lang='ita' dir='ltr'>volume</span> <span class='ocrx_word' id='word_1_518' title='bbox 2345 6143 2555 6192; x_wconf 98' lang='ita' dir='ltr'>stanno</span> <span class='ocrx_word' id='word_1_519' title='bbox 2586 6135 2773 6192; x_wconf 99' lang='ita' dir='ltr'>molte</span> <span class='ocrx_word' id='word_1_520' title='bbox 2802 6135 3002 6192; x_wconf 98' lang='ita' dir='ltr'>tavole</span> <span class='ocrx_word' id='word_1_521' title='bbox 3032 6153 3149 6192; x_wconf 99' lang='ita' dir='ltr'>con</span> <span class='ocrx_word' id='word_1_522' title='bbox 3178 6134 3572 6202; x_wconf 99' lang='ita' dir='ltr'>monumenti,</span> <span class='ocrx_word' id='word_1_523' title='bbox 3605 6153 3638 6192; x_wconf 99' lang='ita' dir='ltr'>e</span> <span class='ocrx_word' id='word_1_524' title='bbox 3668 6135 3767 6192; x_wconf 99' lang='ita' dir='ltr'>nel</span> <span class='ocrx_word' id='word_1_525' title='bbox 3799 6135 4065 6192; x_wconf 99' lang='ita' dir='ltr'>secondo</span> <span class='ocrx_word' id='word_1_526' title='bbox 4096 6134 4522 6209; x_wconf 99' lang='ita' dir='ltr'>copiosissime</span> 
     </span>
     <span class='ocr_line' id='line_1_45' title="bbox 698 6230 1334 6288; baseline 0.002 -1"><span class='ocrx_word' id='word_1_527' title='bbox 698 6230 1004 6288; x_wconf 98' lang='ita' dir='ltr'>iscrizioni</span> <span class='ocrx_word' id='word_1_528' title='bbox 1028 6230 1334 6288; x_wconf 97' lang='ita' dir='ltr'>illustrate.</span> 
     </span>
    </p>
   </div>
   <div class='ocr_carea' id='block_1_16' title="bbox 476 6422 2984 6497">
    <p class='ocr_par' dir='ltr' id='par_1_16' title="bbox 476 6422 2984 6497">
     <span class='ocr_line' id='line_1_46' title="bbox 476 6422 2984 6497; baseline 0 -18"><span class='ocrx_word' id='word_1_529' title='bbox 476 6422 655 6480; x_wconf 99' lang='ita'>3628.</span> <span class='ocrx_word' id='word_1_530' title='bbox 682 6424 998 6480; x_wconf 84' lang='ita' dir='ltr'>BONANNI</span> <span class='ocrx_word' id='word_1_531' title='bbox 1016 6424 1077 6480; x_wconf 91' lang='ita' dir='ltr'>P.</span> <span class='ocrx_word' id='word_1_532' title='bbox 1105 6422 1403 6497; x_wconf 91' lang='ita' dir='ltr'>Philippo,</span> <span class='ocrx_word' id='word_1_533' title='bbox 1429 6422 1666 6497; x_wconf 96' lang='ita' dir='ltr'>Templi</span> <span class='ocrx_word' id='word_1_534' title='bbox 1690 6422 1969 6480; x_wconf 98' lang='ita' dir='ltr'>Vaticani</span> <span class='ocrx_word' id='word_1_535' title='bbox 1993 6422 2294 6480; x_wconf 98' lang='ita' dir='ltr'>historiae.</span> <span class='ocrx_word' id='word_1_536' title='bbox 2322 6422 2481 6480; x_wconf 98' lang='ita' dir='ltr'>Vedi</span> <span class='ocrx_word' id='word_1_537' title='bbox 2505 6422 2567 6479; x_wconf 98' lang='ita' dir='ltr'>in</span> <span class='ocrx_word' id='word_1_538' title='bbox 2587 6425 2984 6480; x_wconf 78' lang='ita' dir='ltr'>Numismata.</span> 
     </span>
    </p>
   </div>
   <div class='ocr_carea' id='block_1_17' title="bbox 521 6604 4439 6608">
    <p class='ocr_par' dir='ltr' id='par_1_17' title="bbox 521 6604 4439 6608">
     <span class='ocr_line' id='line_1_47' title="bbox 521 6604 4439 6608; baseline 0 0"><span class='ocrx_word' id='word_1_539' title='bbox 521 6604 4439 6608; x_wconf 95' lang='ita' dir='ltr'> </span> 
     </span>
    </p>
   </div>
   <div class='ocr_carea' id='block_1_18' title="bbox 2171 6637 2791 6710">
    <p class='ocr_par' dir='ltr' id='par_1_18' title="bbox 2171 6637 2791 6710">
     <span class='ocr_line' id='line_1_48' title="bbox 2171 6637 2791 6710; baseline 0 -16"><span class='ocrx_word' id='word_1_540' title='bbox 2171 6657 2347 6694; x_wconf 88' lang='ita' dir='ltr'>WWW.</span> <span class='ocrx_word' id='word_1_541' title='bbox 2358 6637 2734 6710; x_wconf 78' lang='ita' dir='ltr'>memofonte.</span> <span class='ocrx_word' id='word_1_542' title='bbox 2748 6639 2791 6694; x_wconf 77' lang='ita' dir='ltr'>il</span> 
     </span>
    </p>
   </div>
  </div>
 </body>
</html>
