4958 7017
1981 864 2366 922 Fondazione
2390 864 2775 922 Memofonte
2800 865 2976 922 onlus

1390 960 1600 1018 Studio
1624 979 1731 1035 per
1754 960 2226 1018 l’elaborazione
2250 960 2632 1018 informatica
2655 961 2813 1018 delle
2838 960 2991 1018 fonti
3018 960 3571 1018 storico—artistiche

487 1251 694 1320 1868.
749 1252 1203 1320 CAMERARII
1243 1251 1515 1333 loach,
1570 1251 2086 1341 Symbolorum
2135 1251 2654 1320 emblematum
2703 1273 2792 1320 ex
2840 1273 2914 1320 re
2962 1251 3287 1320 herbaria
3335 1251 3902 1341 desumptorum,
3956 1251 4274 1320 centuria
4320 1273 4482 1333 una,

711 1366 1039 1435 Norimb.
1082 1366 1290 1448 1590,
1323 1366 1397 1434 in
1425 1367 1493 1448 4,
1526 1366 1652 1456 fig.

710 1524 809 1529 —
850 1481 1366 1571 Symbolorum
1406 1492 1475 1550 et
1514 1481 2033 1550 emblematum
2073 1503 2162 1550 ex
2205 1481 2636 1550 animalibus
2678 1481 3259 1571 quadrupedibus
3302 1481 3869 1571 desumptorum,
3914 1481 4232 1550 centuria
4272 1481 4489 1550 altera

721 1596 929 1678 1595,
962 1596 1036 1664 in
1064 1597 1132 1678 4,
1165 1596 1291 1686 fig.
1325 1596 1399 1664 in
1427 1618 1524 1665 un
1553 1596 1697 1665 vol.

711 1709 795 1765 Le
820 1708 1116 1765 duecento
1141 1708 1341 1765 tavole
1365 1707 1450 1764 ini
1475 1716 1688 1782 questo
1714 1708 1959 1765 volume
1983 1726 2106 1765 non
2132 1726 2282 1765 sono
2310 1707 2691 1782 spregievoli.

483 1903 690 1973 1869.
749 1904 1203 1972 CAMERARII
1247 1903 1519 1985 loach,
1578 1903 2094 1993 Symbolorum
2147 1914 2216 1972 et
2268 1903 2787 1972 emblematum
2840 1903 3200 1972 centuriae
3252 1914 3414 1985 tres,
3481 1903 3689 1985 1605,
3746 1903 3820 1971 in
3872 1904 3940 1985 4,
3997 1903 4123 1993 fig.
4180 1903 4489 1972 Accedit

712 2018 993 2087 noviter
1021 2018 1339 2087 centuria
1365 2019 1411 2086 4
1443 2040 1532 2087 ex
1564 2018 1995 2108 aquatilibus
2027 2029 2096 2087 et
2122 2018 2517 2108 reptilibus.

713 2130 914 2204 Opera
935 2129 1097 2187 ricca
1120 2148 1153 2187 e
1178 2129 1239 2187 di
1261 2130 1423 2187 bella
1446 2129 1806 2187 esecuzione
1831 2148 1948 2187 con
1971 2130 2093 2187 400
2118 2130 2335 2187 tavole.
2363 2130 2711 2204 Esemplare
2736 2130 2896 2187 della
2918 2129 3076 2187 Bibl.
3105 2129 3166 2187 di
3190 2129 3614 2204 Malborough.

487 2326 694 2394 1870.
746 2326 1085 2394 CAMILLI
1126 2325 1465 2407 Camillo,
1517 2327 1834 2415 Imprese
1880 2325 2137 2394 illustri
2185 2325 2257 2394 di
2305 2325 2572 2394 diversi
2620 2325 2736 2394 coi
2784 2325 3089 2394 discorsi
3138 2347 3177 2394 e
3223 2325 3292 2394 le
3338 2325 3573 2415 figure
3619 2325 3693 2393 in
3739 2347 3935 2394 rame
3982 2325 4350 2415 intagliate
4397 2325 4489 2394 da

712 2442 951 2522 Porro,
984 2440 1328 2522 Venezia,
1360 2462 1487 2530 per
1513 2442 1914 2509 Francesco
1944 2440 2206 2522 Zitelli,
2248 2440 2456 2522 1585,
2489 2440 2563 2508 in
2591 2441 2658 2509 4.

714 2552 878 2609 Sono
913 2552 1025 2609 108
1053 2551 1374 2609 bellissimi
1401 2551 1689 2609 emblemi
1716 2551 2008 2626 intagliati
2036 2570 2153 2609 con
2182 2570 2420 2609 sommo
2448 2551 2773 2626 magistero
2801 2570 2834 2609 e
2861 2551 3023 2609 forse
3049 2551 3092 2608 il
3119 2553 3302 2609 Porro
3329 2570 3451 2609 non
3477 2552 3685 2626 eseguì
3713 2570 3897 2626 opera
3920 2551 4025 2626 più
4049 2552 4211 2609 bella
4236 2570 4269 2609 e
4294 2551 4399 2626 più
4426 2551 4487 2609 di

712 2655 922 2721 questa
945 2647 1235 2721 elegante.
1264 2647 1677 2721 L’esemplare
1702 2647 1735 2704 e
1760 2646 1821 2704 di
1844 2646 2037 2721 prima
2060 2646 2424 2704 freschezza.

483 2843 690 2911 1871.
725 2843 1132 2911 CAPACCIO
1158 2842 1408 2911 Giulio
1440 2843 1727 2924 Cesare,
1760 2842 1973 2911 Delle
2002 2842 2335 2932 imprese,
2367 2853 2647 2911 trattato
2677 2842 2751 2910 in
2779 2853 2881 2911 tre
2910 2842 3072 2911 libri
3103 2842 3364 2924 diviso,
3396 2842 3664 2932 Napoli
3703 2842 3911 2924 1592,
3944 2842 4096 2932 fig.,
4129 2842 4203 2910 in
4231 2843 4298 2911 4.

714 2954 878 3011 Sono
905 2953 967 3010 in
993 2962 1206 3028 questo
1234 2954 1479 3011 volume
1508 2954 1627 3011 300
1653 2953 1891 3028 piccole
1917 2954 2117 3011 tavole
2143 2953 2449 3028 intagliate
2475 2953 2538 3010 in
2564 2954 2745 3028 legno
2773 2972 2890 3011 con
2915 2954 3104 3011 molto
3130 2954 3295 3011 buon
3322 2954 3507 3028 garbo
3535 2972 3568 3011 e
3595 2954 3651 3011 le
3677 2953 4071 3011 illustrazioni
4098 2953 4486 3011 esauriscono

712 3050 770 3107 la
793 3049 1040 3107 materia
1063 3068 1180 3107 con
1204 3049 1413 3107 ordine
1438 3068 1471 3107 e
1496 3049 1824 3107 chiarezza.

483 3246 690 3314 1872.
739 3246 1142 3314 CAUSSINO
1180 3245 1515 3327 Nicolao,
1564 3245 1987 3335 Symbolica
2027 3245 2558 3335 Aegyptioriun
2604 3245 2954 3335 sapientia
2996 3245 3176 3314 olim
3220 3245 3307 3314 ab
3352 3267 3440 3314 eo
3487 3245 3767 3335 scripta,
3814 3267 4003 3314 nunc
4046 3256 4212 3335 post
4253 3245 4485 3314 varias

713 3359 1067 3428 editiones
1099 3359 1337 3428 denuo
1368 3359 1578 3441 edita,
1611 3359 1901 3428 Parisiis
1941 3359 2149 3441 1647,
2181 3361 2287 3428 M.
2322 3359 2437 3428 65.

711 3472 778 3527 In
803 3479 1015 3545 questo
1042 3470 1195 3528 libro
1224 3489 1374 3528 sono
1399 3471 1675 3545 prodotte
1701 3471 1756 3528 le
1782 3489 1964 3545 opere
1989 3470 2050 3528 di
2076 3472 2274 3528 Horus
2300 3471 2546 3545 Apollo,
2575 3470 2636 3528 di
2662 3471 2976 3528 Clemente
3002 3470 3455 3538 Alessandrino,
3484 3470 3545 3528 di
3573 3471 3630 3528 S.
3659 3470 3961 3545 Epifanio,
3990 3489 4107 3528 con
4132 3471 4317 3528 molte
4344 3471 4487 3528 altre

711 3566 1105 3624 illustrazioni
1129 3566 1366 3624 intorno
1393 3567 1448 3624 al
1475 3575 1751 3641 soggetto
1777 3566 1875 3624 dei
1900 3566 2258 3641 geroglifici.

483 3667 690 3735 1873.
733 3667 1136 3735 CAUSSINO
1168 3666 1503 3748 Nicolao,
1544 3668 1646 3735 La
1684 3677 1931 3748 stessa,
1973 3666 2164 3735 colla
2200 3666 2757 3735 continuazione
2794 3666 3148 3735 intitolata
3181 3666 3571 3754 Polysthor
3604 3666 4054 3754 Symbolicus
4093 3666 4487 3735 electorum

712 3781 1213 3869 Symbolorum
1253 3795 1323 3850 et
1350 3781 1883 3869 parabolamm
1922 3781 2435 3850 historicurum
2474 3795 2824 3850 stronzata
2859 3784 2994 3849 XII
3028 3781 3233 3850 libris
3274 3781 3783 3869 complectens,
3826 3781 4115 3850 Parisiis
4165 3781 4373 3863 1646,
4415 3781 4488 3849 in

711 3897 778 3965 4.

483 4127 690 4195 1874.
754 4127 1101 4195 CONTILE
1158 4128 1375 4208 Luca,
1437 4126 2014 4216 Ragionamento
2076 4148 2288 4216 sopra
2344 4126 2414 4195 la
2469 4126 2828 4216 proprietà
2885 4126 3074 4195 delle
3132 4126 3444 4216 imprese
3503 4148 3642 4195 con
3700 4126 3768 4195 le
3825 4126 4231 4216 particolari
4291 4126 4485 4216 degli

714 4241 1156 4310 accademici
1194 4243 1287 4331 [p.
1324 4242 1494 4324 320]
1534 4241 1814 4310 affidati
1846 4263 1885 4310 e
1916 4252 2105 4310 cotte
2135 4241 2713 4331 interpretazioni
2745 4263 2784 4310 e
2815 4241 3191 4323 cronache,
3225 4241 3464 4323 Pavia,
3497 4263 3749 4331 presso
3781 4241 4158 4310 Girolamo
4189 4241 4483 4323 Bartoli,

721 4356 929 4438 1574,
962 4356 1036 4424 in
1065 4356 1192 4425 fol.
1226 4356 1352 4446 fig.

711 4467 1061 4525 Bellissima
1084 4467 1362 4525 edizione
1387 4486 1504 4525 con
1535 4468 1648 4526 109
1674 4468 1874 4525 tavole
1899 4467 1960 4525 di
1983 4468 2148 4525 buon
2171 4467 2439 4542 intaglio.

483 4682 690 4751 1875.
739 4683 1109 4751 COSTALII
1146 4682 1352 4764 Petri,
1399 4684 1642 4772 Pegna
1684 4704 1852 4751 cum
1895 4682 2417 4751 narrationibus
2461 4682 3013 4772 philosophicis,
3060 4682 3415 4772 Lugduni,
3465 4704 3573 4772 ap.
3620 4682 3957 4751 Mattiam
3999 4682 4483 4764 Bonhomme,

721 4797 929 4879 1555,
962 4797 1036 4865 in
1069 4798 1132 4879 8,
1165 4797 1291 4887 fig.

713 4908 814 4966 Gli
843 4908 1053 4983 intagli
1082 4908 1145 4965 in
1174 4909 1354 4983 legno
1385 4908 1798 4983 copiosissimi
1831 4927 1981 4966 sono
2012 4908 2073 4966 di
2101 4909 2263 4966 bella
2291 4908 2652 4966 esecuzione
2682 4927 2715 4966 e
2748 4927 2898 4966 sono
2928 4908 3207 4983 impressi
3237 4927 3355 4966 con
3384 4908 3643 4983 eleganti
3674 4908 3948 4966 contorni
3978 4908 4039 4966 di
4067 4908 4289 4983 pagina
4316 4908 4379 4965 in
4408 4909 4481 4967 91

711 5005 928 5062 tavole.

483 5199 690 5268 1876.
725 5199 1623 5281 CRAMERII,Emb1emata
1651 5199 1849 5268 deac.
1883 5201 1972 5281 V,
2004 5199 2237 5268 Franf.
2280 5199 2489 5281 1624,
2522 5199 2596 5267 in
2629 5200 2691 5268 8.

712 5311 905 5368 Cento
933 5329 1084 5368 sono
1110 5310 1193 5385 gli
1218 5310 1506 5368 emblemi
1530 5310 1823 5385 intagliati
1847 5310 1909 5367 in
1931 5329 2096 5368 rame
2121 5310 2292 5368 diviti
2316 5310 2379 5367 in
2403 5311 2519 5368 due
2542 5310 2710 5385 parti.

487 5507 694 5575 1877.
729 5507 1121 5575 CUSTODIS
1148 5506 1560 5596 Raphaelis,
1592 5506 2046 5575 Emblemata
2072 5506 2390 5588 Amoris,
2422 5507 2660 5596 Augu.
2703 5506 2911 5588 1626,
2944 5506 3018 5574 in
3046 5507 3114 5588 4,
3147 5506 3274 5596 fig.

711 5619 797 5675 La
827 5617 1021 5692 prima
1051 5626 1216 5692 parte
1250 5617 1312 5675 fa
1343 5617 1637 5692 impressa
1669 5618 1768 5675 nel
1809 5617 1983 5685 1696,
2020 5618 2078 5675 la
2112 5618 2376 5675 seconda
2407 5618 2505 5675 nel
2546 5617 2720 5675 1631:
2758 5618 2959 5692 quella
2991 5617 3268 5675 contiene
3303 5617 3381 5675 50
3415 5618 3633 5685 tavole,
3670 5626 3880 5692 questa
3912 5618 4010 5675 24:
4051 5636 4201 5675 sono
4236 5617 4297 5675 di
4329 5618 4490 5675 bella

712 5713 1073 5771 esecuzione
1100 5714 1255 5771 sullo
1283 5713 1415 5771 stile
1440 5713 1501 5771 di
1527 5714 1725 5771 Otone
1750 5715 1972 5771 Verno.
2000 5714 2263 5788 Esempl.
2292 5714 2452 5771 della
2474 5713 2609 5771 Bib.
2638 5714 2736 5771 del
2759 5715 2833 5771 D.
2862 5713 2923 5771 di
2947 5713 3371 5788 Malborough.

487 5909 694 5977 1878.
728 5910 992 5977 DAVID
1017 5908 1423 5990 Virtuosus,
1456 5909 1525 5976 A
1554 5908 1825 5977 Theod.
1860 5908 1949 5977 de
1979 5910 2145 5998 Bry,
2187 5908 2395 5990 1644,
2430 5930 2599 5977 cum
2626 5908 2765 5977 tab.
2798 5909 2916 5990 40,
2949 5908 3023 5976 in
3056 5909 3119 5990 8,
3153 5908 3445 5998 oblong.

713 6020 940 6091 Questa
963 6020 996 6077 e
1021 6020 1079 6077 la
1104 6019 1286 6077 storia
1309 6019 1370 6077 di
1394 6019 1631 6077 Davide
1655 6028 1825 6077 tratta
1848 6020 1946 6077 dal
1971 6019 2197 6094 genesi,
2225 6020 2383 6077 colle
2410 6019 2783 6094 spiegazioni
2808 6019 2869 6077 di
2894 6028 3102 6077 contro
3129 6020 3244 6077 alle
3268 6020 3468 6077 tavole
3492 6019 3554 6076 in
3578 6019 3764 6077 latino
3790 6038 3823 6077 e
3847 6019 3909 6076 in
3932 6020 4196 6077 tedesco.

487 6216 694 6285 1879.
728 6217 992 6284 DAVID
1016 6215 1335 6297 Joannis,
1369 6215 1818 6284 Christianus
1849 6215 2232 6297 veridicus,
2264 6215 2725 6305 Antuerpiae,
2760 6237 2849 6284 ex
2880 6215 3187 6284 officina
3214 6215 3681 6297 Plantiniana,
3723 6215 3931 6297 1608,
3964 6215 4038 6283 in
4066 6216 4134 6297 4,
4167 6215 4293 6305 fig.

711 6326 1068 6384 L’edizione
1106 6326 1167 6384 di
1205 6335 1417 6401 questo
1456 6345 1668 6401 grosso
1707 6327 1952 6384 volume
1990 6327 2023 6384 e
2060 6326 2248 6384 nitida
2284 6345 2460 6384 come
2497 6335 2642 6384 tutte
2680 6327 2737 6384 le
2774 6326 3163 6394 Plantiniane,
3205 6326 3516 6384 arricchita
3552 6326 3613 6384 di
3658 6327 3771 6384 100
3809 6327 4009 6384 tavole
4048 6326 4412 6401 allegoriche
4450 6345 4487 6384 o

712 6422 1192 6490 emblematiche,
1220 6441 1342 6480 non
1366 6441 1685 6497 compreso
1710 6422 1754 6479 il
1779 6422 2190 6497 frontespizio,
2217 6422 2524 6497 intagliate
2548 6423 2709 6480 nella
2731 6422 2998 6480 maniera
3021 6422 3082 6480 di
3106 6422 3334 6480 Theod.
3363 6423 3555 6480 Galle.

2171 6657 2347 6694 WWW.
2358 6637 2734 6710 memofonte.
2748 6639 2791 6694 il
