4958 7017
1981 864 2366 922 Fondazione
2390 864 2775 922 Memofonte
2800 865 2976 922 onlus

1390 960 1600 1018 Studio
1624 979 1731 1035 per
1754 960 2226 1018 l’elaborazione
2250 960 2632 1018 informatica
2655 961 2813 1018 delle
2838 960 2991 1018 fonti
3018 960 3571 1018 storico—artistiche

706 1249 877 1305 Laur.
905 1249 1142 1322 Begero
1168 1248 1588 1315 demonstrata,
1616 1248 1836 1305 eodem
1858 1248 1997 1305 loco
2023 1256 2081 1305 et
2105 1266 2279 1305 anno.

704 1343 916 1415 Questi
947 1343 1209 1418 preziosi
1242 1362 1275 1401 e
1307 1362 1430 1401 non
1462 1343 1708 1401 comuni
1742 1343 2020 1418 opuscoli
2055 1362 2205 1401 sono
2239 1343 2430 1401 ornati
2463 1343 2524 1401 di
2557 1343 2808 1418 copiose
2840 1344 3040 1401 tavole
3072 1343 3379 1418 intagliate
3411 1343 3474 1400 in
3504 1362 3669 1401 rame
3703 1362 3736 1401 e
3768 1343 4009 1401 inserite
4043 1343 4133 1401 fra
4163 1343 4206 1400 il
4239 1352 4392 1401 testo
4427 1344 4480 1401 a’

709 1439 841 1497 suoi
866 1439 1092 1514 luoghi.

474 1631 655 1690 2759.
687 1633 958 1689 BEGERII
986 1631 1305 1699 Laurentii,
1337 1633 1570 1689 Paenae
1599 1631 1923 1689 infernales
1953 1631 2199 1699 Ixionis,
2234 1631 2496 1706 Sisyphi,
2530 1631 2704 1699 Ocni,
2737 1640 2795 1689 et
2822 1631 3167 1689 Danaidum
3194 1650 3270 1689 ex
3299 1631 3702 1689 delineatoine
3731 1631 4021 1706 Pighiana
4049 1632 4401 1706 desumptae
4431 1640 4489 1689 et

707 1726 952 1801 dialogo
977 1726 1320 1794 illustratae,
1348 1726 1644 1784 Coloniae
1669 1726 2017 1784 Marcichae
2049 1727 2224 1794 1703,
2252 1726 2356 1801 fig.

705 1858 788 1862 —
810 1822 1056 1880 Addito:
1086 1822 1349 1880 Alcestis
1373 1841 1482 1897 pro
1508 1822 1720 1880 marito
1746 1822 2027 1890 moriens,
2055 1831 2113 1880 et
2137 1822 2294 1880 vitae
2320 1823 2393 1880 ab
2419 1823 2678 1880 Hercule
2701 1822 2986 1890 restituta,
3014 1822 3310 1880 Coloniae
3334 1822 3860 1897 Brandeburgicae
3892 1823 4065 1880 1703.

705 1954 788 1958 —
810 1919 1127 1976 Accedunt
1150 1919 1225 1976 de
1249 1918 1513 1976 nummis
1540 1918 1922 1976 Cretensium
1947 1918 2384 1993 Serpentiferis,
2413 1918 2709 1976 Coloniae
2734 1918 3082 1976 Marcichae
3114 1919 3288 1976 1702.

705 2050 788 2054 —
810 2014 1065 2082 Ulisses,
1095 2014 1319 2072 sirenes
1343 2023 1803 2089 praetervectus,
1831 2014 2128 2072 Coloniae
2152 2014 2634 2089 Brandeurgicae
2666 2015 2841 2072 1703.

705 2146 788 2150 —
810 2112 1080 2168 Examen
1104 2110 1426 2168 dubiorum
1449 2111 1828 2185 quorundam
1850 2119 1960 2168 etc.
1988 2110 2281 2168 Berolimi
2313 2111 2487 2168 1704.

708 2207 935 2278 Questa
975 2225 1008 2264 e
1050 2225 1168 2264 una
1206 2206 1465 2281 risposta
1505 2207 1782 2264 modesta
1822 2225 1855 2264 e
1896 2206 2232 2281 ingegnosa
2273 2207 2388 2264 alle
2430 2206 2675 2264 critiche
2722 2208 2801 2281 [p.
2846 2206 2948 2276 45]
2996 2207 3094 2264 del
3137 2206 3467 2264 Gronovio.
3514 2206 3592 2264 50
3634 2207 3833 2264 tavole
3874 2206 4180 2281 intagliate
4221 2206 4283 2263 in
4322 2225 4486 2264 rame

708 2301 1359 2359 accuratissimamente
1386 2320 1537 2359 sono
1565 2320 1767 2376 sparse
1792 2301 1882 2359 fra
1904 2301 1947 2358 il
1971 2310 2124 2359 testo
2150 2301 2211 2359 di
2235 2301 2366 2359 tutti
2391 2301 2586 2376 questi
2611 2301 2889 2376 opuscoli
2914 2301 3239 2359 dottissimi
3264 2301 3445 2376 legati
3469 2301 3531 2358 in
3555 2320 3635 2359 un
3660 2302 3922 2359 volume.

474 2493 655 2551 2760.
695 2495 983 2561 BEGERII,
1024 2494 1315 2551 Hercules
1353 2493 1746 2551 Ethnicorum
1782 2512 1858 2551 ex
1896 2493 2075 2551 variis
2115 2493 2534 2568 antiquitatum
2568 2493 2838 2568 reliquiis
2877 2493 3228 2551 delineatus.
3270 2493 3511 2551 Additis
3549 2493 3611 2550 in
3649 2493 3774 2551 fine
3813 2493 4086 2551 moderni
4125 2493 4489 2568 quibusdam

707 2590 983 2664 ejusdem
1006 2589 1338 2664 argumenti
1361 2589 1627 2664 picturis,
1662 2589 1838 2657 1705,
1865 2589 1927 2646 in
1951 2589 1991 2647 f.

714 2686 878 2743 Sono
909 2686 984 2743 38
1014 2686 1214 2743 tavole
1242 2704 1561 2760 compreso
1589 2685 1632 2742 il
1661 2685 2054 2760 frontespizio
2082 2685 2389 2760 intagliate
2417 2686 2494 2743 da
2519 2694 2664 2743 tutte
2692 2686 2749 2743 le
2777 2704 2959 2760 opere
2987 2685 3386 2760 d’antiquaria
3412 2704 3528 2743 ove
3559 2685 3608 2743 si
3634 2685 3896 2743 riunisce
3924 2694 4147 2760 quanto
4176 2686 4209 2743 e
4235 2685 4486 2743 relativo

708 2782 783 2839 ad
806 2782 1021 2839 Ercole
1046 2800 1079 2839 e
1106 2790 1194 2839 sta
1219 2800 1425 2856 sparso
1450 2781 1512 2838 in
1535 2781 1767 2849 marmi,
1793 2781 2022 2849 bronzi,
2049 2790 2290 2839 monete
2315 2800 2348 2839 e
2371 2781 2603 2856 pitture.

474 2972 655 3030 2761.
682 2974 946 3029 BELLEY
968 2974 1056 3030 M.
1085 2973 1308 3040 l’abbé,
1335 2974 1705 3047 Remarques
1733 2991 1830 3030 sur
1853 2973 1941 3030 les
1965 2972 2189 3047 pierres
2215 2973 2464 3047 gravées
2490 2973 2570 3030 du
2594 2972 2832 3030 cabinet
2855 2973 2930 3030 de
2954 2974 3042 3030 M.
3071 2973 3127 3030 le
3151 2974 3285 3030 Duc
3311 2973 3653 3040 d’Orleans,
3688 2972 3863 3040 1758,
3890 2972 3952 3029 in
3975 2973 4032 3040 4,
4060 2972 4186 3047 fig.,
4213 2974 4301 3030 M.
4330 2974 4427 3030 77.

707 3069 842 3126 Con
865 3087 984 3126 una
1006 3069 1209 3126 tavola
1231 3069 1329 3126 nel
1352 3068 1668 3143 principio.

474 3260 655 3318 2762.
684 3262 951 3318 BELLINI
975 3260 1300 3328 Vincentii,
1329 3262 1423 3318 De
1449 3260 1708 3318 monetis
1735 3260 1940 3318 Italiae
1967 3260 2152 3318 medii
2180 3260 2314 3318 aevi
2340 3260 2627 3318 hactenus
2654 3279 2777 3318 non
2803 3260 3117 3335 evulgatis,
3147 3279 3300 3335 quae
3326 3260 3388 3317 in
3412 3260 3605 3335 patrio
3632 3279 3844 3318 museo
3874 3269 4180 3318 servantur
4204 3279 4323 3318 una
4348 3279 4489 3318 cum

707 3356 1056 3413 earumdem
1078 3355 1375 3423 iconibus,
1402 3355 1700 3413 Ferrariae
1732 3355 1907 3423 1767,
1933 3355 1995 3412 in
2018 3356 2075 3423 4,
2103 3355 2207 3430 fig.

474 3547 655 3605 2763.
705 3549 973 3605 BELLINI
1018 3547 1343 3615 Vincentii,
1393 3547 1762 3605 Dell’antica
1808 3547 1917 3605 lira
1964 3547 2251 3605 ferrarese
2299 3547 2360 3605 di
2407 3547 2797 3615 Marchesini,
2848 3548 3008 3605 detta
3054 3556 3518 3605 comunemente
3565 3547 3982 3605 Marchesana:
4035 3547 4484 3615 dissertazione,

706 3645 946 3701 Ferrara
976 3643 1150 3711 1754,
1177 3643 1239 3700 in
1262 3644 1318 3701 4.

708 3740 907 3814 Opere
932 3739 1287 3807 dottissime,
1315 3740 1371 3797 le
1396 3739 1494 3797 cui
1518 3740 1718 3797 tavole
1743 3739 2049 3814 intagliate
2073 3739 2136 3796 in
2160 3740 2340 3814 legno
2368 3758 2518 3797 sono
2543 3739 2786 3797 inserite
2811 3739 2901 3797 fra
2923 3739 2966 3796 il
2990 3748 3161 3797 testo.

474 3930 655 3988 2764.
685 3932 1182 3988 BELLOPHORON
1207 3930 1269 3987 in
1296 3930 1568 3988 corniola
1593 3932 1667 3988 D.
1698 3931 1813 3988 Ab.
1846 3949 1880 3988 a
1904 3932 2087 3988 Turre
2114 3949 2296 4005 quam
2323 3931 2599 3988 Socrates
2630 3930 2880 4005 sculpsit
2907 3931 2980 3988 ab
3008 3931 3145 3988 Ant.
3176 3932 3297 3988 Jos.
3328 3931 3637 3988 Barbazza
3663 3930 4013 3998 delineatus,
4051 3930 4207 3988 1746
4235 3932 4484 3998 Romae,

707 4045 851 4101 gran
876 4026 1021 4101 fog,
1048 4028 1136 4084 M.
1168 4027 1263 4094 84,
1290 4045 1370 4084 un
1396 4027 1528 4084 solo
1554 4026 1767 4101 foglio.

474 4218 655 4276 2765.
683 4220 995 4276 BELLORII
1018 4218 1264 4276 Joannis
1290 4218 1463 4286 Petri,
1491 4220 1781 4276 Veterum
1804 4218 2127 4276 illustrium
2148 4218 2669 4293 philosophorum,
2696 4227 3026 4293 poetarum,
3053 4218 3374 4286 rhetorum,
3403 4227 3461 4276 et
3486 4227 3789 4276 oratorum
3811 4218 4108 4293 imagines
4135 4237 4211 4276 ex
4236 4218 4485 4276 vetustis

706 4314 989 4382 nummis,
1017 4314 1294 4389 gemmis,
1321 4314 1563 4382 hermis,
1591 4314 2007 4382 marmoribus,
2036 4314 2290 4389 aliisque
2316 4314 2574 4389 antiquis
2600 4314 3007 4372 monumentis
3033 4315 3403 4389 desumptae,
3430 4316 3663 4372 Romae
3695 4314 3870 4382 1685,
3897 4314 3959 4371 in
3983 4314 4110 4382 fol.,
4138 4314 4242 4389 fig.

706 4411 1017 4468 Lodevole
1049 4411 1082 4468 e
1114 4411 1172 4468 la
1205 4411 1390 4468 scelta
1421 4410 1567 4468 fatta
1597 4411 1674 4468 da
1705 4419 1917 4485 questo
1950 4410 2292 4468 dottissimo
2326 4410 2678 4485 antiquario,
2711 4410 2949 4485 poiché,
2984 4410 3354 4468 eliminando
3387 4411 3464 4468 da
3494 4419 3704 4485 questa
3737 4410 3888 4468 serie
3920 4410 4004 4485 gli
4035 4410 4268 4468 uomini
4300 4410 4486 4468 chiari

705 4524 812 4580 per
836 4506 894 4563 la
918 4505 1110 4563 cecità
1134 4506 1294 4563 della
1318 4505 1555 4563 fortuna
1579 4524 1612 4563 e
1638 4506 1735 4563 del
1761 4524 1904 4563 caso
1931 4524 1964 4563 e
1990 4505 2175 4580 quelli
2201 4505 2423 4563 famosi
2447 4524 2554 4580 per
2578 4505 2855 4580 l’impeto
2882 4506 3042 4563 della
3066 4505 3345 4563 violenza
3369 4505 3641 4573 militare,
3670 4506 3833 4563 volle
3857 4505 4076 4563 riunire
4104 4506 4361 4563 soltanto
4387 4506 4486 4563 nel

707 4620 850 4659 vero
880 4601 1178 4659 santuario
1206 4601 1554 4659 dell’antica
1579 4602 1915 4659 letteratura
1940 4601 2125 4676 quelli
2152 4601 2263 4659 che
2290 4620 2470 4659 erano
2498 4601 2683 4659 chiari
2709 4620 2816 4676 per
2841 4601 3172 4676 l’ingegno.
3202 4603 3366 4659 Poco
3394 4601 3531 4659 avvi
3558 4601 3619 4659 di
3645 4620 3849 4659 nuovo
3876 4601 3938 4658 in
3964 4602 4351 4676 quest’opera
4376 4601 4487 4659 che

706 4716 828 4755 non
863 4697 912 4755 si
944 4697 1200 4755 incontri
1233 4698 1391 4755 nelle
1423 4697 1768 4772 precedenti
1801 4697 1862 4755 di
1894 4697 2108 4755 Fulvio
2141 4697 2364 4765 Ursini,
2400 4716 2437 4755 o
2471 4697 2532 4755 di
2565 4698 2881 4755 Leonardo
2914 4697 3215 4772 Agostini:
3253 4716 3353 4755 ma
3384 4697 3644 4755 l’ordine
3677 4716 3710 4755 e
3744 4697 4188 4755 l’illustrazioni
4220 4706 4485 4772 tengono

707 4794 891 4868 luogo
917 4794 1015 4851 del
1040 4793 1252 4851 merito
1278 4794 1438 4851 della
1460 4793 1683 4851 novità:
1714 4794 1793 4852 92
1821 4812 1971 4851 sono
1997 4794 2053 4851 le
2077 4794 2277 4851 tavole
2302 4793 2404 4868 qui
2428 4793 2734 4851 illustrate.

474 4985 655 5043 2766.
688 4987 1000 5043 BELLORII
1028 4985 1275 5043 Joannis
1306 4985 1479 5053 Petri,
1515 4985 1735 5043 Selecti
1766 4985 1998 5043 nummi
2029 4986 2150 5043 duo
2182 4985 2594 5053 Antoniniani,
2628 5004 2885 5060 quorum
2914 5004 3067 5043 unus
3099 4986 3174 5043 de
3206 4985 3344 5043 anni
3375 4985 3520 5043 novi
3552 4985 3837 5060 auspiciis
3869 4985 4221 5060 explicatus,
4255 4994 4313 5043 et
4343 4986 4489 5043 alter

707 5081 970 5138 Commo
1001 5082 1079 5155 [p.
1107 5080 1210 5150 46]
1240 5081 1401 5148 dum,
1429 5089 1487 5138 et
1509 5080 1781 5138 Annium
1804 5099 2015 5138 verum
2038 5081 2329 5138 Caesares
2355 5080 2614 5148 exhibet,
2641 5082 2874 5138 Romae
2906 5080 3081 5148 1676,
3108 5080 3170 5137 in
3197 5081 3250 5148 8,
3278 5080 3382 5155 fig.

702 5176 1059 5234 L’edizione
1093 5177 1126 5234 è
1158 5195 1288 5234 rara
1320 5177 1396 5234 ed
1429 5176 1879 5251 elegantissima
1909 5195 2016 5251 per
2047 5195 2128 5234 un
2163 5177 2430 5234 secondo
2465 5176 2877 5251 frontespizio,
2914 5176 3025 5234 che
3057 5185 3334 5251 presenta
3366 5195 3446 5234 un
3480 5176 3678 5234 Giano
3711 5176 3973 5234 bifronte
4007 5195 4040 5234 e
4072 5195 4179 5251 per
4211 5177 4269 5234 la
4300 5176 4489 5234 nitida

706 5272 1003 5330 incisione
1028 5273 1186 5330 delle
1211 5272 1529 5347 medaglie.

474 5464 655 5522 2767.
682 5466 1010 5532 BELLORII,
1037 5466 1233 5522 Notae
1257 5464 1319 5521 in
1343 5464 1707 5522 numismata
1729 5473 1857 5522 tum
1879 5464 2142 5539 Ephesia
2164 5473 2292 5522 tum
2316 5464 2568 5522 aliarum
2590 5464 2830 5522 urbium
2853 5464 3065 5539 apibus
3090 5464 3392 5539 insignita,
3419 5466 3652 5522 Romae
3684 5464 3859 5532 1658,
3886 5464 3948 5521 in
3971 5465 4028 5532 4,
4056 5464 4182 5539 fig.,
4209 5466 4297 5522 M.
4333 5465 4423 5522 10.

474 5655 655 5713 2768.
689 5657 1017 5723 BELLORII,
1051 5655 1490 5713 Adnotationes
1522 5674 1679 5713 nunc
1710 5655 1974 5730 primum
2003 5656 2318 5730 evulgatae
2349 5655 2412 5712 in
2442 5655 2770 5713 duodecim
2796 5655 3065 5730 priorum
3095 5656 3426 5713 Caesarum
3455 5655 3819 5713 numismata
3849 5656 3922 5713 ab
3954 5657 4119 5713 Enea
4148 5655 4306 5713 Vico
4338 5655 4489 5713 olim

707 5751 883 5819 edita,
910 5753 1142 5809 Romae
1174 5752 1349 5819 1730,
1376 5751 1438 5808 in
1462 5751 1589 5819 fol.,
1617 5751 1721 5826 fig.
1750 5751 1909 5809 Vedi
1935 5751 2123 5809 anche
2149 5751 2509 5809 all’articolo
2532 5752 2895 5809 Monterchi.

707 5848 842 5905 Con
869 5848 945 5905 84
970 5848 1170 5905 tavole
1194 5847 1500 5922 intagliate
1524 5847 1587 5904 in
1609 5866 1774 5905 rame
1799 5866 1916 5905 con
1940 5847 2258 5922 diligenza.

474 6039 655 6098 2769.
686 6041 1046 6097 BENEDICTI
1073 6039 1342 6107 Antonii,
1373 6039 1755 6097 Numismata
1783 6058 1998 6114 graeca
2024 6058 2146 6097 non
2175 6048 2309 6097 ante
2338 6040 2582 6114 vulgata
2609 6058 2750 6097 cum
2777 6039 3401 6097 animadversionibus
3432 6039 3718 6114 Gasparis
3749 6039 4012 6107 Oderici,
4043 6041 4275 6097 Romae
4311 6040 4485 6107 1777,

706 6134 768 6191 in
795 6135 848 6202 8,
876 6134 1003 6209 fig.,
1030 6136 1118 6192 M.
1146 6135 1244 6192 47.

720 6231 855 6288 Con
879 6231 1065 6288 molte
1090 6239 1331 6288 monete
1355 6230 1662 6305 intagliate
1687 6249 1720 6288 e
1743 6230 2024 6305 riportate
2049 6230 2139 6288 fra
2161 6230 2204 6287 il
2228 6239 2399 6288 testo.

474 6423 655 6480 2770.
701 6424 903 6479 BERTI
943 6423 1314 6480 Alessandro
1358 6424 1645 6497 Pompeo,
1691 6424 1777 6480 La
1821 6422 2062 6480 scienza
2104 6423 2262 6480 delle
2306 6422 2607 6497 medaglie
2652 6422 2887 6480 antiche
2931 6441 2964 6480 e
3008 6423 3312 6480 moderne.
3359 6424 3580 6480 Nuova
3622 6422 3900 6480 edizione
3944 6441 4061 6480 con
4105 6422 4488 6480 annotazioni

2171 6657 2347 6694 WWW.
2358 6637 2734 6710 memofonte.
2748 6639 2791 6694 il
