4958 7017
1981 864 2366 922 Fondazione
2390 864 2775 922 Memofonte
2800 865 2976 922 onlus

1390 960 1600 1018 Studio
1624 979 1731 1035 per
1754 960 2226 1018 l’elaborazione
2250 960 2632 1018 informatica
2655 961 2813 1018 delle
2838 960 2991 1018 fonti
3018 960 3571 1018 storico—artistiche

476 1344 655 1402 3090.
689 1344 1035 1401 AMADUTII
1063 1345 1152 1401 Jo.
1187 1343 1550 1418 Christoph,
1583 1343 1850 1401 Donaria
1879 1344 1999 1401 duo
2032 1362 2245 1418 graece
2276 1343 2600 1418 loquentia,
2634 1362 2891 1418 quorum
2920 1362 3108 1401 unum
3137 1343 3199 1400 in
3229 1344 3431 1401 tabula
3462 1352 3740 1418 argentea
3770 1344 3929 1418 apud
3958 1343 4264 1401 Moniales
4298 1344 4486 1401 Saxo—

706 1441 1081 1497 Ferratenses
1124 1440 1181 1497 S.
1226 1440 1457 1507 Clarae,
1501 1440 1753 1497 alterum
1790 1439 1853 1496 in
1893 1439 2119 1497 vexillo
2162 1439 2354 1497 serico
2395 1458 2577 1514 opere
2616 1439 3020 1514 Phrygionico
3062 1440 3220 1514 apud
3259 1439 3592 1497 monachos
3634 1440 4049 1497 avellanenses
4092 1448 4485 1507 asservantur,

706 1537 938 1593 Romae
970 1536 1145 1603 1774,
1172 1535 1234 1592 in
1261 1536 1314 1603 8,
1341 1537 1429 1593 M.
1459 1535 1554 1593 60.

716 1632 851 1689 Con
875 1632 991 1689 due
1017 1631 1225 1706 grandi
1249 1632 1449 1689 tavole
1474 1650 1590 1689 ove
1618 1650 1769 1689 sono
1793 1631 2074 1706 riportate
2099 1632 2155 1689 le
2179 1631 2485 1689 iscrizioni
2510 1631 2608 1689 dei
2633 1632 2749 1689 due
2774 1631 3165 1689 monumenti.

476 1823 655 1881 3091.
686 1823 1031 1880 AMADUTII
1056 1824 1145 1880 Jo.
1178 1822 1541 1897 Christoph,
1574 1823 1822 1897 Sylloge
1849 1822 2311 1897 inscriptionum
2338 1831 2609 1880 veterum
2635 1823 3079 1890 anecdotarum,
3115 1824 3193 1897 [p.
3225 1823 3327 1892 98]
3360 1824 3592 1880 Romae
3627 1822 3802 1890 1776,
3832 1824 3920 1880 M.
3953 1822 4050 1890 61,
4080 1822 4142 1879 in
4172 1823 4225 1890 8,
4257 1822 4489 1880 accedit

706 1919 908 1976 tabula
930 1918 1218 1976 honestae
1243 1918 1553 1976 missionis
1578 1918 1940 1993 Vespasiani
1965 1918 2225 1993 Augusti
2250 1937 2391 1976 cum
2412 1927 2577 1993 parte
2603 1919 2870 1976 adversa.

476 2111 655 2169 3092.
691 2111 1053 2178 AMADUTII,
1090 2111 1189 2168 Ad
1223 2110 1419 2168 virum
1451 2110 1856 2168 clarissimum
1887 2112 2104 2168 Janum
2135 2111 2426 2168 Plancum
2457 2110 2731 2185 epistola,
2768 2129 2886 2185 qua
2917 2110 3338 2185 inscriptiones
3373 2111 3656 2168 nonullae
3690 2110 4106 2168 Ariminenses
4142 2129 4176 2168 a
4209 2110 4485 2168 falsitatis

706 2215 864 2274 nota,
892 2225 1010 2281 qua
1033 2225 1134 2264 eas
1162 2206 1368 2281 Scipio
1393 2206 1689 2281 Maffejus
1715 2206 2025 2274 inusserat,
2054 2206 2447 2274 vindicantur,
2474 2208 2674 2264 Lucae
2707 2206 2882 2274 1767,
2908 2206 2970 2263 in
3001 2207 3092 2274 12,
3119 2208 3207 2264 M.
3236 2206 3332 2264 67.

699 2302 834 2359 Con
858 2310 1089 2376 quattro
1115 2301 1375 2376 foglietti
1400 2301 1461 2359 di
1487 2301 1769 2376 aggiunte
1795 2301 2104 2376 autografe
2129 2301 2530 2359 manoscritte.

476 2494 655 2552 3093.
682 2494 1044 2561 AMADUTII,
1071 2495 1165 2551 De
1191 2493 1376 2551 veteri
1400 2493 1790 2568 inscriptione
1814 2493 1954 2551 Ursi
1978 2493 2193 2568 Togati
2218 2493 2343 2551 ludi
2366 2493 2527 2568 pilae
2552 2493 2774 2551 vitreae
2798 2493 3127 2551 inventoris
3153 2493 3426 2568 epistola,
3453 2495 3685 2551 Romae
3717 2493 3892 2561 1775,
3919 2493 3981 2550 in
4012 2494 4103 2561 12,
4130 2495 4218 2551 M.
4247 2493 4343 2551 67.

476 2686 655 2744 3094.
689 2686 1051 2753 AMADUTII,
1085 2687 1320 2743 Lettera
1352 2704 1528 2760 sopra
1557 2704 1637 2743 un
1669 2685 1866 2743 antico
1899 2704 2130 2743 marmo
2163 2694 2520 2743 contenente
2551 2685 2594 2742 il
2626 2686 2903 2760 catalogo
2936 2686 3094 2743 delle
3125 2685 3390 2760 tragedie
3421 2685 3482 2743 di
3512 2685 3814 2760 Euripide,
3848 2687 4049 2743 Lucca
4086 2685 4260 2753 1767,
4294 2685 4356 2742 in
4394 2686 4484 2753 12,

706 2783 794 2839 M.
824 2781 920 2839 67.

476 2972 655 3031 3095.
683 2973 971 3040 APPIANI,
1000 2981 1058 3030 et
1082 2972 1369 3040 Amantii,
1397 2972 1824 3047 Inscriptiones
1853 2981 2268 3030 sacrosanctae
2295 2972 2623 3040 vetustatis,
2651 2991 2774 3030 non
2798 2972 2938 3030 illae
2964 2972 3212 3047 quidem
3234 2991 3520 3030 romanae
3548 2973 3654 3030 sed
3678 2972 3858 3030 totius
3886 2972 4011 3030 fere
4037 2972 4218 3040 orbis,
4249 2991 4486 3030 summo

709 3068 905 3126 studio
931 3068 1324 3143 conquisitae,
1351 3068 1704 3143 Ingolstadii
1731 3087 1821 3126 an.
1857 3068 2032 3136 1534,
2059 3068 2121 3125 in
2145 3068 2250 3126 fol.
2277 3068 2416 3143 pic.,
2444 3068 2548 3143 fig.

712 3164 1068 3222 Collezione
1110 3164 1468 3222 accreditata
1507 3183 1540 3222 e
1581 3173 1899 3239 composta
1938 3165 2015 3222 da
2053 3183 2133 3222 un
2172 3183 2422 3222 numero
2465 3164 2622 3222 assai
2661 3165 3135 3239 ragguardevole
3176 3164 3237 3222 di
3278 3164 3653 3222 monumenti
3693 3164 3986 3239 intagliati
4026 3164 4089 3221 in
4129 3165 4328 3239 legno,
4372 3183 4489 3222 con

707 3260 1099 3335 frontespizio
1126 3260 1403 3335 figurato.
1432 3262 1517 3318 Fu
1542 3260 1820 3318 dedicato
1846 3260 1889 3317 il
1915 3260 2068 3318 libro
2095 3279 2129 3318 a
2153 3261 2333 3318 Carlo
2359 3262 2416 3318 V
2441 3279 2474 3318 e
2499 3261 2686 3318 molta
2710 3279 2851 3318 cura
2873 3279 3093 3335 posero
3120 3260 3203 3335 gli
3229 3260 3443 3318 editori
3469 3260 3657 3318 anche
3682 3260 3781 3318 nei
3806 3260 3932 3335 tipi,
3962 3260 4132 3318 acciò
4159 3260 4487 3318 l’edizione

705 3355 984 3413 riescisse
1007 3355 1113 3430 più
1139 3355 1469 3430 splendida.

476 3547 655 3606 3096.
692 3548 1134 3605 ARAGONENSI
1169 3547 1524 3605 Sebastiano
1557 3547 1787 3622 pictore
1820 3547 2126 3615 Brixiano,
2162 3549 2564 3605 Monumenta
2597 3547 2839 3622 antiqua
2870 3547 3032 3605 urbis
3068 3556 3126 3605 et
3159 3547 3284 3622 agri
3317 3547 3587 3605 Brixiani
3623 3566 3860 3605 summa
3892 3566 4050 3615 cura,
4087 3556 4145 3605 et
4177 3547 4489 3622 diligentia

707 3644 980 3711 collecta,
1015 3643 1189 3711 1564,
1216 3643 1278 3700 in
1302 3643 1429 3711 fol.,
1456 3645 1544 3701 M.
1576 3644 1670 3701 83.

708 3740 935 3811 Questa
965 3740 998 3797 e
1029 3758 1147 3797 una
1177 3739 1515 3797 collezione
1546 3739 1607 3797 di
1638 3740 1760 3796 214
1792 3739 1978 3814 lapidi
2008 3739 2070 3796 in
2102 3740 2179 3797 34
2210 3740 2411 3797 tavole
2444 3739 2910 3814 singolarmente
2940 3739 3247 3814 intagliate
3277 3739 3340 3796 in
3370 3740 3570 3814 legno,
3602 3739 3822 3814 poiché
3852 3748 4001 3797 tutto
4032 3739 4075 3796 il
4107 3739 4297 3797 fondo
4329 3740 4489 3797 della

707 3835 907 3910 lapide
933 3835 1243 3910 apparisce
1267 3835 1329 3892 in
1352 3854 1496 3893 nero
1522 3854 1555 3893 e
1580 3836 1636 3893 le
1660 3835 1966 3893 iscrizioni
1990 3835 2052 3892 in
2074 3835 2312 3893 bianco.
2342 3836 2571 3907 Questo
2597 3835 2751 3893 libro
2776 3854 2898 3893 non
2922 3836 2955 3893 e
2980 3835 3160 3893 facile
3186 3854 3220 3893 a
3242 3835 3510 3893 trovarsi.

476 4027 655 4085 3097.
712 4027 1357 4084 ARUNDELIANORUM
1414 4027 1839 4097 (Marmorum)
1898 4026 2399 4084 Seldenianorum
2453 4026 2827 4101 aliorumque
2881 4026 3252 4084 Academiae
3308 4026 3645 4084 Oxoniensi
3700 4027 4059 4084 donatorum
4111 4045 4253 4084 cum
4306 4026 4486 4084 variis

707 4122 1155 4180 commentariis
1181 4131 1239 4180 et
1261 4122 1479 4190 indice,
1509 4123 1774 4180 secunda
1797 4122 2001 4190 editio,
2028 4122 2305 4190 Londini,
2332 4122 2490 4197 typis
2517 4122 2808 4180 Gulielmi
2832 4124 3111 4197 Bowyer,
3146 4123 3321 4190 1732,
3349 4122 3389 4180 f.
3418 4122 3458 4180 f.

706 4218 1013 4276 L’editore
1059 4218 1125 4276 fu
1169 4218 1463 4276 Michiele
1508 4218 1793 4286 Mittaire,
1842 4218 1953 4276 che
1997 4218 2152 4276 riunì
2199 4219 2255 4276 le
2301 4219 2487 4276 molte
2535 4218 2706 4276 altrui
2752 4227 2892 4276 note
2938 4237 2971 4276 e
3018 4219 3430 4293 commentarj.
3479 4220 3565 4276 La
3607 4218 3802 4293 prima
3846 4218 4125 4276 edizione
4171 4218 4232 4276 di
4278 4227 4489 4293 questa

707 4315 1108 4389 grand’opera
1145 4333 1404 4389 apparve
1441 4315 1539 4372 nel
1584 4314 1759 4382 1676,
1800 4333 1899 4372 ma
1935 4333 2057 4372 non
2094 4315 2127 4372 e
2166 4314 2574 4389 comparabile
2613 4315 2731 4372 alla
2765 4314 3089 4389 preziosità
3125 4314 3186 4372 di
3224 4323 3435 4389 questa
3473 4315 3754 4382 seconda,
3793 4333 3927 4372 resa
3964 4314 4153 4372 anche
4189 4314 4483 4389 preziosa,

705 4410 925 4485 poiché
949 4429 1071 4468 non
1095 4429 1170 4468 ne
1196 4410 1413 4468 furono
1438 4410 1717 4485 impressi
1745 4429 1808 4468 se
1832 4429 1955 4468 non
1981 4411 2100 4468 300
2126 4410 2462 4485 esemplari.
2492 4411 2659 4468 Cede
2682 4411 2828 4485 però
2854 4419 3064 4485 questa
3088 4411 3205 4468 alla
3228 4411 3418 4468 molto
3442 4410 3547 4485 più
3572 4410 3825 4485 copiosa
3848 4429 3881 4468 e
3904 4410 4009 4485 più
4036 4410 4351 4485 splendida
4374 4410 4486 4468 che

707 4505 772 4563 fu
794 4505 1142 4580 pubblicata
1164 4505 1226 4562 in
1251 4505 1488 4563 Oxford
1512 4524 1545 4563 e
1570 4505 1846 4563 dedicata
1870 4524 1904 4563 a
1928 4505 2181 4580 Giorgio
2206 4507 2287 4562 III
2311 4506 2409 4563 nel
2441 4505 2614 4563 1763.
2642 4505 2800 4563 Vedi
2825 4505 3068 4563 Seldeni
3075 4554 3084 4563 .

476 4698 655 4756 3098.
684 4699 982 4755 BARTOLI
1008 4697 1337 4772 Giuseppe,
1366 4699 1502 4755 Due
1529 4697 1964 4765 dissertazioni,
1993 4698 2154 4755 nella
2177 4697 2371 4772 prima
2397 4698 2555 4755 delle
2582 4697 2744 4772 quali
2774 4697 2823 4755 si
2851 4698 2928 4755 dà
2952 4697 3177 4755 notizia
3203 4698 3301 4755 del
3326 4697 3615 4772 pubblico
3642 4699 3864 4755 Museo
3892 4697 4273 4755 d’Iscrizioni
4300 4706 4485 4755 eretto

706 4802 1109 4851 nuovamente
1135 4793 1198 4850 in
1222 4795 1482 4861 Verona,
1511 4794 1672 4851 nella
1701 4795 1780 4868 [p.
1810 4794 1912 4863 99]
1946 4794 2210 4851 seconda
2236 4793 2285 4851 si
2311 4793 2601 4851 dimostra
2626 4794 2684 4851 la
2707 4794 2980 4851 bellezza
3004 4794 3191 4851 d’una
3216 4812 3394 4868 greca
3418 4793 3643 4851 inedita
3667 4793 4006 4861 iscrizione,
4034 4795 4278 4851 Verona
4309 4793 4484 4861 1745,

706 4889 768 4946 in
791 4890 848 4957 4,
876 4889 981 4964 fig.

706 4987 790 5043 Le
814 4985 1060 5053 iniziali,
1088 4986 1144 5043 le
1169 4985 1433 5060 vignette
1458 5004 1491 5043 e
1515 4985 1558 5042 il
1584 4985 1977 5060 frontespizio
2001 5004 2220 5043 recano
2247 4985 2468 5043 antichi
2493 4985 2868 5043 monumenti
2893 4985 3188 5043 veronesi.

476 5177 655 5235 3099.
692 5178 1119 5234 BARUFFALDI
1153 5176 1485 5244 Girolamo,
1525 5176 1954 5234 Osservazioni
1991 5195 2168 5251 sopra
2200 5176 2508 5234 un’antica
2541 5176 2861 5234 iscrizione
2896 5177 2994 5234 del
3028 5176 3186 5234 Vico
3221 5176 3526 5234 Aventino
3563 5176 3771 5251 oggidì
3805 5176 4157 5251 Voghenza,
4195 5176 4486 5251 villaggio

706 5273 804 5330 nel
828 5272 1121 5330 territorio
1147 5272 1452 5340 ferrarese,
1479 5281 1709 5330 trovata
1731 5273 1889 5330 nelle
1912 5272 2289 5347 possessioni
2315 5272 2671 5347 Cicognara,
2698 5274 2938 5330 Ferrara
2968 5273 3142 5340 1810,
3169 5272 3231 5329 in
3254 5273 3310 5330 4.

476 5465 655 5522 3100.
682 5466 968 5522 BIANCHI
990 5466 1064 5522 D.
1094 5464 1417 5532 Giovanni,
1445 5466 1680 5522 Lettera
1705 5483 1882 5539 sopra
1906 5465 2117 5522 alcune
2143 5464 2378 5522 antiche
2402 5464 2728 5532 iscrizioni,
2755 5464 3001 5522 Rimino
3034 5464 3209 5532 1765,
3235 5464 3297 5521 in
3328 5465 3418 5522 12.

476 5656 655 5713 3101.
682 5657 968 5713 BIANCHI
990 5657 1064 5713 D.
1094 5655 1417 5723 Giovanni,
1444 5657 1655 5713 Parere
1682 5674 1859 5730 sopra
1881 5655 1924 5712 il
1946 5664 2120 5730 porto
2145 5655 2206 5713 di
2230 5655 2494 5723 Rimino,
2529 5655 2703 5723 1765,
2730 5655 2792 5712 in
2823 5656 2914 5723 12,
2941 5657 3029 5713 M.
3058 5655 3154 5713 67.

476 5848 655 5905 3102.
692 5849 964 5905 BISCARI
999 5847 1112 5918 (di)
1147 5847 1436 5922 principe,
1474 5847 1766 5905 Discorso
1803 5847 2190 5905 accademico
2229 5866 2406 5922 sopra
2438 5847 2746 5905 un’antica
2779 5847 3100 5905 iscrizione
3134 5856 3364 5905 trovata
3397 5848 3495 5905 nel
3530 5856 3716 5905 teatro
3752 5848 3912 5905 della
3945 5847 4086 5905 città
4119 5847 4180 5905 di
4216 5847 4484 5915 Catania,

707 5943 959 6001 Catania
989 5944 1164 6011 1771,
1191 5943 1253 6000 in
1276 5944 1333 6011 4,
1361 5943 1487 6018 fig.,
1514 5945 1602 6001 M.
1634 5944 1686 6001 8.

703 6040 838 6097 Con
862 6040 978 6097 due
1002 6040 1203 6097 tavole
1227 6039 1289 6096 in
1311 6058 1493 6097 rame.

476 6231 655 6288 3103.
688 6232 905 6288 BOARI
934 6230 1211 6298 Octavio,
1244 6232 1338 6288 De
1368 6230 1545 6287 Plinii
1576 6230 1831 6288 Caecilii
1864 6230 2127 6288 Secundi
2157 6230 2648 6288 Novocomensis
2679 6230 3122 6288 testamentaria
3150 6230 3541 6305 inscriptione
3571 6230 4136 6288 Mediolanensibus
4169 6231 4402 6288 adserta
4431 6239 4489 6288 et

706 6326 1012 6394 illustrata,
1040 6326 1396 6394 dissertatio,
1423 6328 1711 6384 Mantuae
1744 6327 1918 6394 1773,
1945 6326 2007 6383 in
2030 6327 2087 6394 4,
2114 6328 2202 6384 M.
2234 6327 2285 6384 8.

707 6423 842 6480 Con
865 6441 984 6480 una
1008 6422 1408 6497 grandissima
1430 6423 1647 6480 tavola.

2171 6657 2347 6694 WWW.
2358 6637 2734 6710 memofonte.
2748 6639 2791 6694 il
