4958 7017
1981 864 2366 922 Fondazione
2390 864 2775 922 Memofonte
2800 865 2976 922 onlus

1390 960 1600 1018 Studio
1624 979 1731 1035 per
1754 960 2226 1018 l’elaborazione
2250 960 2632 1018 informatica
2655 961 2813 1018 delle
2838 960 2991 1018 fonti
3018 960 3571 1018 storico—artistiche

719 1247 872 1306 1695
901 1247 966 1305 fu
988 1247 1334 1322 ristampata
1357 1266 1474 1305 con
1499 1248 1644 1305 altra
1667 1266 1851 1322 opera
1874 1248 1972 1305 del
1996 1247 2332 1305 medesimo
2359 1256 2580 1305 autore.

479 1443 686 1512 1806.
729 1445 1090 1512 TEMPEST
1120 1443 1239 1512 the
1278 1443 1497 1533 Cryel
1536 1443 1621 1512 of
1652 1443 1979 1525 London,
2030 1444 2208 1512 1711
2255 1443 2329 1511 in
2367 1443 2495 1512 fol.
2537 1465 2604 1533 p.
2648 1443 2845 1512 ossia
2881 1443 2949 1512 le
2989 1443 3115 1512 arti
3155 1443 3527 1512 communi
3567 1443 3700 1512 che
3738 1465 3977 1512 vanno
4015 1465 4141 1533 per
4177 1443 4484 1525 Londra,

712 1558 885 1627 fatte
940 1558 1057 1627 dal
1111 1558 1450 1640 naturale,
1510 1558 1883 1648 disegnate
1938 1558 2029 1627 da
2080 1560 2415 1640 Mauron,
2473 1558 2702 1627 incise
2758 1558 2849 1627 da
2901 1560 2973 1627 P.
3032 1560 3437 1648 Tempesta,
3495 1558 3737 1627 tavole
3791 1559 3908 1627 73:
3969 1558 4043 1626 in
4097 1558 4248 1627 fine
4305 1580 4486 1627 sono

714 1673 1051 1763 aggiunte
1079 1684 1182 1742 tre
1210 1673 1451 1742 tavole
1481 1673 1553 1742 di
1583 1673 1956 1742 maschere
1985 1673 2381 1742 veneziane
2410 1673 2779 1763 intagliate
2809 1673 2900 1742 da
2928 1673 3188 1742 Callot.

711 1784 892 1842 Libro
918 1785 1107 1842 molto
1131 1803 1281 1842 raro.

479 1981 686 2049 1807.
720 1980 932 2049 Delle
961 1982 1239 2048 TERME
1261 1991 1684 2070 porrettane,
1717 1982 1954 2049 Roma
1990 1980 2198 2062 1768,
2231 1980 2305 2048 in
2333 1981 2401 2062 4,
2434 1980 2560 2070 fig.

711 2093 875 2149 Poco
901 2091 1201 2149 estendesi
1226 2092 1460 2166 l’opera
1485 2092 1637 2149 sulla
1658 2100 1824 2166 parte
1851 2091 2069 2149 storica
2092 2110 2125 2149 e
2149 2092 2338 2149 molto
2366 2092 2519 2149 sulla
2542 2092 2807 2149 naturale
2832 2110 2949 2149 con
2973 2091 3313 2166 giudiziosa
3336 2091 3542 2149 critica
3565 2110 3598 2149 e
3624 2091 3853 2149 analisi.

479 2287 686 2355 1808.
730 2288 1126 2355 TOMASINI
1162 2288 1307 2355 Jac.
1351 2286 1686 2376 Philippi,
1729 2288 1841 2355 De
1879 2286 2168 2355 tesseris
2208 2286 2737 2376 hospitalitatis:
2782 2286 2995 2355 Liber
3035 2286 3438 2376 singularis,
3481 2286 4038 2368 Amstelodami,
4084 2286 4486 2376 sumptibus

711 2401 1046 2470 Andreae
1074 2401 1304 2483 Frisii,
1346 2401 1554 2483 1670,
1587 2401 1661 2469 in
1699 2402 1807 2483 12,
1840 2401 1966 2491 fig.

713 2513 1200 2587 Quest’operetta
1223 2513 1256 2570 e
1283 2521 1574 2587 stampata
1597 2531 1715 2570 con
1740 2513 2028 2587 eleganza
2051 2512 2112 2570 di
2136 2512 2244 2587 tipi
2269 2531 2302 2570 e
2327 2513 2485 2570 colle
2509 2513 2709 2570 tavole
2735 2512 3225 2587 diligentemente
3249 2512 3556 2587 intagliate
3581 2531 3614 2570 e
3641 2521 3931 2587 stampate
3956 2512 4046 2570 fra
4068 2512 4111 2569 il
4135 2521 4307 2570 testo.

483 2728 690 2797 1809.
726 2729 1123 2796 TOMASINI
1152 2729 1297 2796 Jac.
1333 2727 1668 2817 Philippi,
1703 2729 1815 2796 De
1847 2727 2163 2796 donariis
2197 2738 2266 2796 et
2294 2727 2580 2796 tabellis
2613 2727 2880 2796 votivis
2913 2727 3094 2796 liber
3126 2727 3529 2817 singularis,
3564 2727 3837 2796 Patavii
3878 2727 4086 2809 1654,
4122 2727 4274 2817 fig.,
4310 2727 4384 2795 in
4414 2728 4482 2809 4,

711 2844 817 2911 M.
852 2842 967 2911 64.

711 2955 795 3011 Le
819 2954 1020 3011 tavole
1047 2962 1257 3011 stanno
1284 2953 1339 3011 ai
1364 2953 1586 3011 diversi
1611 2953 1820 3028 luoghi
1846 2953 2036 3011 voluti
2061 2954 2159 3011 dal
2183 2962 2355 3011 testo:
2385 2972 2569 3028 opera
2590 2953 2770 3028 piena
2793 2953 2854 3011 di
2879 2953 3136 3011 dottrina
3159 2972 3192 3011 e
3217 2953 3278 3011 di
3302 2953 3694 3011 monumenti.

487 3150 694 3218 1810.
730 3151 1065 3218 TORACA
1091 3150 1439 3231 Gaetano,
1475 3149 1687 3218 Delle
1720 3149 2002 3218 antiche
2033 3151 2290 3218 Terme
2321 3149 2628 3218 Taurine
2660 3149 2982 3218 esistenti
3014 3149 3132 3218 nel
3162 3149 3514 3218 territorio
3547 3149 3619 3218 di
3652 3149 4217 3231 Civitavecchia,
4252 3151 4489 3218 Roma

721 3264 929 3346 1761,
962 3264 1036 3332 in
1064 3265 1132 3346 4,
1164 3266 1270 3333 M.
1306 3265 1420 3334 39.

477 3496 570 3584 [p.
606 3495 776 3577 310]

487 3705 694 3773 1811.
728 3706 922 3773 TORI
945 3704 1339 3794 Giuseppe,
1372 3705 1510 3773 De’
1547 3704 1660 3773 riti
1690 3704 1958 3773 nuziali
1989 3704 2182 3794 degli
2214 3704 2479 3773 antichi
2510 3704 2848 3786 cristiani,
2881 3704 3184 3794 Perugia
3220 3705 3428 3786 1793,
3461 3704 3535 3772 in
3568 3705 3630 3773 8.

714 3815 777 3873 Si
801 3815 1031 3873 illustra
1053 3815 1115 3872 in
1139 3824 1352 3890 questo
1378 3816 1545 3873 dotto
1571 3816 1950 3890 opuscoletto
1975 3834 2055 3873 un
2080 3816 2278 3873 anello
2303 3815 2540 3873 nuziale
2565 3816 2832 3890 d’Agata
2854 3815 3148 3873 Zaffirina
3170 3815 3481 3890 intagliato
3506 3816 3604 3873 nel
3630 3815 4040 3890 frontespizio.

487 4012 694 4080 1812.
728 4009 1018 4079 TRAITÉ
1042 4011 1168 4080 des
1199 4011 1539 4080 voitures.
1573 4011 1762 4080 Vedi
1795 4011 1904 4080 sui
1933 4011 2190 4080 trattati
2221 4011 2293 4080 di
2324 4011 2780 4101 equitazione
2810 4033 2849 4080 e
2879 4011 3160 4080 cavalli.

487 4223 694 4291 1813.
728 4220 1018 4290 TRAITÉ
1042 4233 1287 4291 contre
1316 4222 1384 4291 le
1413 4222 1583 4291 luxe
1613 4222 1739 4291 des
1771 4222 2164 4304 Coiffures,
2197 4222 2391 4291 Paris
2431 4222 2639 4304 1694,
2672 4222 2746 4290 in
2784 4223 2891 4291 12.

713 4334 942 4405 Questo
966 4352 1098 4391 raro
1124 4352 1157 4391 e
1184 4333 1611 4408 singolassimo
1637 4333 1791 4391 libro
1817 4334 1850 4391 e
1877 4333 2078 4391 scritto
2104 4334 2348 4391 dall’ab.
2376 4335 2596 4391 Vasset
2619 4334 2695 4391 ed
2719 4334 2752 4391 e
2777 4333 2867 4391 fra
2890 4333 3025 4391 libri
3049 4333 3069 4390 i
3092 4333 3197 4408 più
3221 4333 3443 4391 curiosi
3468 4333 3529 4391 di
3554 4342 3767 4408 questo
3793 4352 4027 4408 genere.

483 4530 690 4598 1814.
726 4531 1201 4598 TURRETTINI
1224 4531 1331 4598 Jo.
1366 4529 1751 4619 Alphonsi,
1786 4531 1898 4598 De
1929 4529 2118 4598 ludis
2154 4529 2639 4598 saecularibus
2674 4529 3133 4598 academicae
3164 4529 3648 4619 quaestiones,
3684 4530 4028 4598 Genevae
4068 4530 4276 4611 1701,
4311 4529 4385 4597 in
4415 4530 4483 4611 4,

711 4646 817 4713 M.
852 4645 967 4714 94.

479 4854 686 4923 1815.
719 4856 934 4923 ULMI
955 4854 1190 4923 Marci
1219 4854 1522 4923 Antonii
1551 4854 1891 4944 patavini,
1924 4854 2268 4944 Physiolo
2275 4854 2393 4944 gia
2418 4854 2682 4923 barbae
2710 4854 3089 4936 humanae,
3123 4854 3485 4923 Bonomie
3524 4854 3732 4936 1603,
3765 4854 3839 4922 in
3868 4854 3995 4923 fol.
4028 4854 4167 4944 pic.

711 4965 1004 5023 Edizione
1030 4974 1368 5023 aumentata
1391 4965 1906 5040 d’un’appendice
1933 4965 2151 5023 storica
2174 4984 2207 5023 e
2234 4965 2553 5023 simbolica
2576 4984 2609 5023 e
2634 4966 2692 5023 la
2714 4965 2819 5040 più
2843 4966 3146 5040 completa
3169 4965 3230 5023 di
3255 4966 3642 5040 quest’opera
3665 4965 4085 5023 eruditissima.

487 5161 694 5230 1816.
728 5163 1131 5230 VREEDMA
1153 5161 1327 5230 Johs
1357 5161 1635 5243 Uriese,
1668 5161 2016 5251 Panoplia
2046 5183 2172 5230 seu
2204 5161 2832 5230 armamentarium
2862 5183 2943 5230 ac
2975 5172 3394 5230 ornamenta
3422 5183 3591 5230 cum
3621 5161 3877 5230 artium
3907 5183 3988 5230 ac
4019 5161 4488 5251 opificiorum

711 5287 865 5345 tum
900 5276 1118 5345 etiam
1153 5276 1577 5345 exuviarum
1610 5276 2078 5358 Martialium,
2117 5298 2301 5366 quae
2339 5276 2573 5366 spolia
2607 5298 2898 5366 quoque
2935 5276 3022 5345 ab
3061 5276 3220 5345 aliis
3259 5276 3601 5366 appellari
3639 5298 4104 5358 consuevere,
4145 5298 4414 5345 excusa
4449 5298 4489 5345 a

713 5391 986 5460 Gerard
1015 5391 1104 5460 de
1132 5393 1168 5460 ]
1174 5391 1334 5473 ode,
1369 5413 1556 5460 anno
1595 5391 1804 5473 1577,
1837 5391 1911 5459 in
1940 5391 1989 5460 f.
2024 5392 2327 5460 Constat
2353 5391 2492 5460 tab.
2535 5392 2642 5460 18.

713 5503 938 5574 Queste
979 5503 1179 5560 tavole
1220 5511 1365 5560 tutte
1406 5502 1467 5560 di
1507 5502 1684 5560 trofei
1725 5502 1966 5560 militari
2010 5521 2160 5560 sono
2203 5502 2360 5560 assai
2399 5503 2519 5560 ben
2558 5502 2866 5577 intagliate
2907 5521 2940 5560 e
2981 5502 3244 5560 l’ultimo
3287 5502 3348 5560 di
3389 5502 3615 5577 doppia
3654 5503 3989 5577 grandezza
4029 5521 4063 5560 a
4101 5511 4250 5560 tutto
4292 5502 4486 5577 foglio

710 5607 987 5673 presenta
1009 5617 1090 5656 un
1112 5598 1451 5656 bellissimo
1478 5617 1709 5673 gruppo
1735 5598 1796 5656 di
1821 5598 2029 5673 grandi
2052 5598 2226 5673 pezzi
2251 5598 2656 5673 d’artiglieria.
2685 5598 2867 5656 Libro
2891 5598 3179 5673 piuttosto
3203 5617 3353 5656 raro.

487 5794 694 5862 1817.
736 5795 848 5862 De
885 5795 1280 5862 VASCULIS
1315 5793 1604 5862 libellus
1645 5793 2350 5862 adolescentulorum
2387 5815 2606 5862 causa
2642 5815 2731 5862 ex
2769 5793 3035 5883 Bayfio
3074 5793 3473 5883 decerptus,
3517 5793 3757 5862 addita
3792 5793 4070 5883 vulgari
4108 5793 4488 5862 latinarum

712 5930 981 5977 vocum
1009 5908 1608 5998 interpretatione,
1641 5908 1975 5998 Lugduni
2014 5908 2222 5990 1536,
2255 5908 2329 5976 in
2362 5909 2424 5977 8.

479 6120 686 6188 1818.
737 6121 1223 6188 VAVASSORE
1264 6119 1458 6188 detto
1507 6119 1989 6209 Guadagnino
2037 6119 2403 6188 Giovanni
2450 6119 2761 6201 Andrea,
2810 6119 3262 6209 Esemplario
3309 6141 3505 6188 novo
3553 6119 3625 6188 di
3671 6119 3796 6209 più
3843 6119 3915 6188 di
3963 6130 4173 6188 cento
4220 6119 4488 6188 variate

712 6245 980 6303 mostre
1017 6234 1089 6303 di
1126 6234 1538 6324 qualunque
1577 6245 1765 6303 sorte
1799 6234 2203 6303 bellissime
2238 6256 2364 6324 per
2399 6234 2638 6303 cucire
2674 6234 3032 6303 intitulato
3068 6236 3388 6303 Fontana
3421 6234 3511 6303 de
3547 6234 3650 6322 gli
3688 6234 4009 6322 esempli,
4058 6234 4266 6316 1550,
4306 6234 4380 6302 in
4415 6235 4483 6316 4,

713 6349 856 6418 obl.

2171 6657 2347 6694 WWW.
2358 6637 2734 6710 memofonte.
2748 6639 2791 6694 il
