4958 7017
1981 864 2366 922 Fondazione
2390 864 2775 922 Memofonte
2800 865 2976 922 onlus

1390 960 1600 1018 Studio
1624 979 1731 1035 per
1754 960 2226 1018 l’elaborazione
2250 960 2632 1018 informatica
2655 961 2813 1018 delle
2838 960 2991 1018 fonti
3018 960 3571 1018 storico—artistiche

479 1252 686 1321 1389.
721 1253 823 1320 La
850 1253 1199 1320 JOYEUSE
1224 1262 1293 1320 et
1321 1251 1772 1341 magnifique
1803 1252 2042 1320 entrée
2073 1251 2163 1320 de
2192 1251 2674 1341 Monsigneur
2701 1251 3040 1340 Francois
3072 1251 3194 1320 fils
3227 1251 3316 1320 de
3345 1253 3613 1320 France
3644 1262 3713 1320 et
3741 1251 3926 1320 frère
3955 1251 4224 1341 unique
4255 1251 4350 1320 du
4379 1251 4486 1320 roi

708 1388 811 1435 ec.
846 1388 935 1435 en
964 1366 1034 1435 la
1060 1367 1200 1435 très
1230 1367 1649 1435 renommée
1679 1366 1875 1435 Ville
1905 1366 2292 1448 d’Auvers,
2324 1388 2451 1456 par
2479 1366 2712 1435 Chris.
2746 1366 3047 1448 Plantin,
3079 1368 3151 1435 F.
3194 1366 3401 1435 1582.

706 1477 786 1535 Vi
813 1496 963 1535 sono
990 1477 1045 1535 ai
1068 1478 1228 1535 belle
1252 1478 1452 1535 tavole
1476 1477 1802 1552 intagliate,
1830 1496 2148 1552 compreso
2173 1477 2216 1534 il
2242 1477 2652 1552 frontespizio.

2266 1689 2693 1742 MDLXXXIV

483 1789 690 1858 1390.
732 1790 1197 1857 DOMENICHI
1229 1789 1316 1857 G.
1359 1790 1467 1870 B.,
1508 1788 1821 1878 Esequie
1860 1788 2215 1857 celebrate
2252 1810 2379 1878 per
2414 1788 2484 1857 la
2520 1788 2569 1857 f.
2611 1788 2965 1857 memoria
3001 1788 3073 1857 di
3112 1790 3304 1878 Papa
3341 1788 3536 1857 Sisto
3575 1790 3674 1857 IV
3714 1788 4036 1857 ordinate
4075 1810 4114 1857 e
4153 1788 4487 1857 descritte

708 1903 825 1972 dal
869 1905 1046 1972 Rev.
1095 1905 1183 1972 D.
1233 1903 1398 1972 Gio.
1447 1905 1529 1972 B.
1578 1903 2018 1972 Domenichi
2064 1903 2136 1972 di
2180 1905 2466 1972 Ferrara
2508 1903 2794 1972 Abbate
2839 1903 2955 1972 dei
3001 1903 3356 1972 Canonici
3402 1903 3474 1972 di
3521 1904 3591 1972 S.
3642 1903 4055 1972 Salvadore:
4106 1903 4180 1971 in
4224 1905 4485 1972 Pesaro

716 2018 924 2100 1584,
957 2018 1031 2086 in
1059 2019 1126 2087 4.

709 2130 1016 2204 Stampato
1041 2129 1103 2186 in
1125 2129 1424 2187 belissimi
1449 2129 1736 2187 caratteri.

2266 2360 2693 2413 MDLXXXIV

483 2460 690 2529 1391.
728 2461 1258 2528 DESCRIZIONE
1285 2459 1475 2528 delle
1508 2481 1777 2549 pompe
1811 2481 1850 2528 e
1884 2459 2073 2528 delle
2106 2459 2290 2528 feste
2323 2459 2496 2528 fatte
2530 2459 2722 2528 nella
2753 2470 3017 2528 venuta
3050 2459 3190 2528 alla
3222 2459 3391 2528 città
3423 2459 3495 2528 di
3528 2459 3824 2528 Firenze
3858 2459 3975 2528 del
4010 2459 4357 2528 Sereniss.
4395 2461 4483 2528 D.

707 2574 1085 2643 Vincenzo
1119 2575 1470 2664 Gonzaga
1500 2574 1830 2664 Principe
1863 2574 1935 2643 di
1967 2576 2321 2643 Mantova
2350 2596 2476 2664 per
2506 2574 2576 2643 la
2608 2575 2780 2643 Sere
2819 2576 2912 2664 [p.
2950 2575 3121 2657 237]
3161 2574 3333 2643 niss.
3370 2576 3634 2643 Donna
3663 2574 4021 2643 Eleonora
4052 2574 4165 2643 de’
4205 2574 4485 2643 Medici

707 2689 934 2758 Princ.
969 2689 1041 2758 di
1071 2691 1401 2758 Toscana
1431 2711 1559 2758 sua
1588 2700 1943 2771 consorte,
1975 2689 2293 2771 Firenze,
2325 2711 2451 2779 per
2479 2689 2946 2758 Bartolomeo
2978 2689 3437 2771 Sermartelli,
3479 2689 3687 2771 1584,
3720 2689 3794 2757 in
3822 2690 3889 2758 4.

2308 2916 2652 2968 MDLXXX

483 3016 690 3085 1392.
748 3017 1178 3084 VANNOCCI
1225 3016 1503 3097 Oreste,
1559 3016 1949 3105 Apparato,
2007 3037 2046 3084 e
2097 3015 2408 3084 barriera
2461 3015 2578 3084 del
2630 3015 2904 3105 tempio
2959 3015 3031 3084 di
3084 3016 3316 3084 Atnor
3367 3015 3679 3084 Feretrio
3733 3015 3909 3084 fatta
3961 3015 4078 3084 dal
4133 3015 4481 3084 Sereniss.

707 3130 1036 3220 Principe
1066 3130 1138 3199 di
1167 3132 1540 3212 Mantova,
1573 3130 1745 3199 l’an.
1788 3130 1996 3212 1585,
2028 3132 2401 3212 Mantova,
2433 3152 2559 3220 per
2586 3132 2987 3199 Francesco
3018 3131 3334 3212 Osanna,
3367 3130 3441 3198 in
3474 3131 3536 3199 8.

706 3243 792 3299 La
823 3241 1198 3299 descrizione
1231 3242 1264 3299 e
1297 3241 1358 3299 di
1392 3242 1605 3299 Oreste
1637 3241 1953 3299 Vannocci
1985 3241 2334 3316 Biringucci
2369 3260 2580 3299 senese
2611 3241 2868 3316 prefetto
2902 3242 3060 3299 delle
3093 3241 3403 3299 fabbriche
3436 3242 3534 3299 del
3569 3242 3691 3299 Ser.
3731 3241 3838 3316 sig.
3874 3243 4049 3299 Duca
4080 3241 4141 3299 di
4173 3243 4483 3299 Mantova.

708 3337 937 3408 Questo
963 3355 996 3394 e
1021 3336 1193 3394 molti
1219 3336 1348 3394 altri
1375 3336 1558 3394 simili
1583 3336 1862 3411 opuscoli
1889 3355 2039 3394 sono
2067 3336 2250 3394 scritti
2278 3337 2433 3394 sullo
2461 3336 2593 3394 stile
2618 3337 2779 3394 della
2802 3336 3123 3394 cavalleria
3146 3336 3207 3394 di
3232 3336 3371 3411 quei
3395 3336 3598 3411 tempi.

2279 3548 2680 3601 MDLXXXV

479 3648 686 3717 1393.
723 3649 1253 3716 DESCRIZIONE
1285 3647 1477 3716 della
1512 3647 1698 3716 festa
1734 3647 1909 3716 fatta
1944 3647 2018 3715 in
2056 3647 2392 3737 Bologna
2427 3647 2618 3716 nelle
2655 3669 2885 3716 nozze
2923 3647 3040 3716 del
3079 3647 3226 3737 Sig.
3268 3647 3531 3716 Piriteo
3568 3647 3937 3716 Malvezzi
3976 3647 4167 3716 colla
4204 3647 4351 3737 Sig.
4393 3649 4481 3716 D.

707 3762 1035 3831 Beatrice
1065 3762 1348 3844 Orsina,
1381 3762 1432 3830 li
1471 3763 1499 3830 1
1541 3763 1603 3831 8.
1637 3762 2032 3831 novembre
2070 3762 2278 3844 1584,
2312 3762 2648 3852 Bologna
2685 3762 2767 3831 15
2780 3762 2867 3831 85
2880 3820 2893 3844 ,
2926 3762 3000 3830 in
3033 3763 3096 3844 8,
3128 3784 3254 3852 per
3280 3762 3726 3831 Alessandro
3756 3762 4049 3831 Benaci.

2279 3989 2680 4042 MDLXXXV

479 4089 686 4158 1394.
721 4089 857 4157 De’
896 4088 1114 4157 Rossi
1145 4088 1512 4170 Bastiano,
1546 4088 2019 4157 Descrizione
2050 4088 2167 4157 del
2197 4088 2931 4178 magnificentissimo
2964 4099 3300 4178 apparato
3332 4110 3371 4157 e
3402 4088 3516 4157 de’
3555 4088 4050 4178 maravigliosi
4081 4088 4487 4157 intermedii

707 4203 863 4272 fatti
896 4225 1022 4293 per
1053 4203 1123 4272 la
1155 4203 1568 4272 commedia
1598 4214 2129 4293 rappresentata
2160 4203 2234 4271 in
2266 4203 2563 4272 Firenze
2596 4203 2786 4272 nelle
2819 4225 3049 4272 nozze
3083 4203 3200 4272 del
3234 4203 3381 4293 Sig.
3419 4205 3507 4272 D.
3546 4204 3812 4272 Cesare
3846 4203 3915 4272 d’
3956 4205 4125 4272 Este
4159 4225 4198 4272 e
4231 4203 4301 4272 la
4334 4203 4481 4293 Sig.

707 4320 971 4387 Donna
998 4318 1329 4408 Virginia
1355 4318 1656 4400 Medici,
1689 4318 2006 4400 Firenze,
2048 4318 2256 4400 1585,
2289 4318 2363 4386 in
2391 4319 2458 4387 4.

706 4429 1169 4504 L’esposizione
1194 4448 1227 4487 e
1252 4429 1313 4487 di
1337 4429 1625 4487 Bastiano
1651 4430 1746 4487 de’
1777 4429 1959 4487 Rossi
1984 4429 2195 4487 diretta
2219 4430 2294 4487 ad
2317 4429 2581 4487 Alfonso
2607 4429 2668 4487 di
2692 4431 2849 4487 Este.

2270 4640 2689 4692 MDLXXXTI

487 4739 694 4809 1395.
746 4740 1178 4808 GUALTIERI
1218 4739 1484 4821 Guido,
1535 4739 1914 4808 Relazioni
1961 4739 2152 4808 della
2196 4750 2460 4808 venuta
2504 4739 2697 4829 degli
2746 4739 3250 4808 ambasciatori
3298 4739 3725 4829 giapponesi
3774 4761 3814 4808 a
3858 4741 4095 4808 Roma
4142 4739 4301 4808 sino
4349 4739 4489 4808 alla

706 4854 960 4944 partita
990 4854 1062 4923 di
1094 4854 1413 4923 Lisbona
1443 4854 1632 4923 colle
1665 4854 2131 4944 accoglienze
2162 4854 2335 4923 fatte
2366 4854 2522 4923 loro
2555 4854 2646 4923 da
2674 4854 2832 4923 tutti
2864 4854 2887 4922 i
2917 4854 3224 4944 principi
3257 4854 3573 4923 cristiani
3604 4876 3729 4944 per
3759 4854 3948 4923 dove
3982 4876 4163 4923 sono
4194 4854 4484 4944 passati,

707 4971 944 5038 Roma
980 4969 1188 5051 1586,
1221 4969 1295 5037 in
1328 4970 1391 5051 8,
1425 4991 1554 5051 ec.,
1586 4991 1712 5059 per
1739 4971 2139 5038 Francesco
2169 4969 2470 5051 Zanetti,
2502 4969 2816 5038 raccolte
2846 4969 2937 5038 da
2965 4969 3209 5038 Guido
3240 4969 3610 5038 Gualtieri.

706 5080 970 5138 Libretto
996 5089 1352 5138 contenente
1377 5080 1614 5138 curiose
1638 5080 1862 5138 notizie
1885 5099 1992 5155 per
2015 5080 2357 5138 ceremonie
2382 5099 2415 5138 e
2440 5089 2846 5138 costumanze.

2266 5292 2694 5344 MDLXXXIX

487 5391 694 5461 1396.
771 5393 883 5460 De
955 5391 1173 5460 Rossi
1246 5393 1465 5473 Bast.,
1541 5391 2014 5460 Descrizione
2087 5391 2608 5481 dell’apparato
2682 5413 2721 5460 e
2794 5391 2987 5481 degli
3060 5391 3438 5460 intermedi
3511 5391 3667 5460 fatti
3739 5413 3865 5481 per
3935 5391 4005 5460 la
4076 5391 4489 5460 commedia

706 5517 1237 5596 rappresentata
1282 5506 1356 5574 in
1402 5506 1698 5575 Firenze
1746 5506 1936 5575 nelle
1982 5508 2234 5575 Nozze
2282 5506 2354 5575 di
2401 5506 2851 5575 Ferdinando
2898 5506 3177 5575 Medici
3226 5528 3265 5575 e
3311 5506 3659 5575 Madama
3705 5506 4019 5575 Cristina
4065 5506 4137 5575 di
4184 5508 4483 5588 Lorena,

708 5622 902 5690 Gran
931 5621 1171 5690 Duchi
1202 5621 1274 5690 di
1304 5623 1653 5703 Toscana,
1686 5621 2003 5703 Firenze,
2035 5643 2162 5711 per
2188 5621 2512 5690 Antonio
2542 5621 2931 5703 Padovani,
2973 5621 3181 5703 1589,
3214 5621 3288 5689 in
3316 5622 3384 5703 4,
3418 5643 3521 5690 ec.

707 5736 1051 5805 Bastiano
1112 5736 1226 5805 de’
1294 5736 1512 5805 Rossi
1572 5758 1662 5805 ne
1723 5736 1983 5805 dedicò
2043 5736 2113 5805 la
2171 5736 2622 5805 descrizione
2683 5736 2773 5805 ad
2830 5736 3148 5805 Alfonso
3209 5738 3271 5804 II
3331 5736 3403 5805 di
3470 5738 3563 5826 [p.
3628 5737 3799 5819 238]
3865 5738 4054 5805 Este.
4118 5736 4485 5805 Bernardo

707 5851 1168 5920 Buontalenti
1208 5851 1481 5920 diresse
1519 5851 1920 5941 l’apparato
1961 5873 2000 5920 e
2037 5851 2317 5920 uomini
2359 5851 2624 5920 sommi
2663 5851 2737 5919 in
2775 5851 3020 5920 lettere
3060 5873 3099 5920 e
3137 5851 3211 5919 in
3252 5851 3378 5920 arti
3417 5851 3490 5920 vi
3531 5873 3984 5920 concorsero.
4029 5851 4084 5919 Il
4123 5851 4407 5920 libretto
4447 5852 4486 5920 e

710 5977 1063 6056 stampato
1094 5988 1233 6035 con
1263 5966 1530 6056 grande
1560 5966 1925 6056 eleganza.

2266 6193 2694 6245 MDLXXXIX

483 6293 690 6362 1397.
736 6293 1296 6361 GUALTEROTTI
1335 6292 1719 6374 Raffaelle,
1769 6292 2243 6361 Descrizione
2290 6292 2407 6361 del
2452 6292 2692 6382 regale
2740 6303 3077 6382 apparato
3124 6292 3302 6361 fatto
3349 6292 3423 6360 in
3468 6292 3764 6361 Firenze
3809 6314 3935 6382 per
3979 6292 4047 6361 le
4093 6314 4323 6361 nozze
4370 6292 4487 6361 del

708 6408 902 6476 Gran
937 6409 1146 6476 Duca
1180 6407 1252 6476 di
1288 6409 1618 6476 Toscana
1652 6429 1691 6476 e
1728 6407 1800 6476 di
1835 6407 2183 6476 Madama
2217 6407 2531 6476 Cristina
2565 6407 2637 6476 di
2672 6409 2952 6476 Lorena
2988 6429 3116 6476 sua
3149 6407 3444 6497 moglie,
3483 6407 3675 6476 nella
3708 6407 3920 6497 quale
3958 6407 4017 6476 si
4054 6407 4486 6476 descrivono

2171 6657 2347 6694 WWW.
2358 6637 2734 6710 memofonte.
2748 6639 2791 6694 il
