4958 7017
1981 864 2366 922 Fondazione
2390 838 2775 922 Memofonte
2800 865 2976 922 onlus

1390 960 1600 1018 Studio
1624 979 1731 1035 per
1754 960 2226 1018 l’elaborazione
2250 960 2632 1018 informatica
2655 961 2813 1018 delle
2838 960 2991 1018 fonti
3018 960 3571 1018 storico—artistiche

476 1343 655 1401 3375.
694 1344 998 1401 CARACCI
1031 1343 1350 1411 Annibale,
1389 1343 1655 1401 Galleria
1687 1344 1785 1401 nel
1820 1344 2076 1401 Palazzo
2111 1345 2366 1401 Farnese
2406 1345 2484 1418 [p.
2531 1344 2668 1413 133]
2708 1343 2770 1400 in
2803 1345 3016 1411 Roma,
3055 1343 3284 1418 dipinta
3317 1344 3394 1401 da
3427 1343 3728 1401 Annibale
3764 1343 4032 1411 Caracci,
4069 1343 4378 1418 intagliata
4411 1344 4488 1401 da

707 1440 887 1497 Carlo
917 1439 1121 1507 Cesio,
1152 1441 1402 1507 Romae,
1434 1439 1737 1497 Francisci
1766 1439 2073 1514 Colignon
2102 1439 2332 1507 formis,
2365 1439 2492 1507 fol.,
2524 1440 2644 1497 obl.
2676 1439 2739 1496 in
2766 1448 2882 1497 tav.
2917 1440 3015 1507 30;
3046 1458 3168 1497 non
3197 1458 3516 1514 compreso
3545 1439 3588 1496 il
3618 1439 4010 1514 frontespizio
4040 1458 4073 1497 e
4102 1440 4160 1497 la
4188 1439 4404 1497 dedica
4432 1440 4487 1497 al

707 1535 1008 1593 cardinale
1034 1535 1342 1593 Ottoboni.
1370 1535 1630 1593 Antiche
1654 1535 2040 1610 impressioni
2067 1536 2416 1593 senz’anno.

476 1726 655 1784 3376.
702 1727 1053 1784 CARACCIO
1096 1726 1416 1794 Annibale,
1462 1726 1729 1784 Aedium
1770 1726 2185 1784 Farnesiarum
2226 1727 2464 1784 tabulae
2508 1726 2782 1801 depictae
2827 1745 2861 1784 a
2903 1727 3125 1784 Carolo
3170 1726 3391 1784 Caesio
3437 1726 3557 1784 aeri
3600 1726 3952 1801 insculptae,
4000 1735 4175 1801 atque
4220 1745 4254 1784 a
4296 1726 4485 1784 Lucio

706 1822 1095 1880 Philarchaeo
1121 1822 1624 1897 explicationibus
1649 1822 1993 1890 illustratae,
2020 1824 2253 1880 Romae
2285 1822 2460 1890 1753,
2487 1822 2549 1879 in
2573 1822 2700 1890 fol.,
2728 1822 2833 1897 fig.

698 1919 981 1976 L’autore
1006 1919 1104 1976 del
1128 1927 1282 1976 testo
1306 1937 1457 1993 pose
1482 1918 1883 1993 grandissima
1906 1937 2048 1976 cura
2072 1937 2106 1976 a
2128 1918 2532 1993 impinguarlo
2558 1918 2619 1976 di
2644 1918 2991 1976 erudizione
3016 1937 3049 1976 e
3075 1918 3353 1976 l’editore
3379 1918 3741 1993 v’aggiunse
3766 1918 4032 1993 quantità
4055 1918 4255 1976 d’altri
4278 1918 4428 1976 rami
4454 1937 4487 1976 e

707 2014 970 2089 vignette
997 2033 1171 2089 prese
1199 2015 1276 2072 da
1303 2015 1446 2072 altre
1475 2033 1675 2089 opere,
1705 2033 1805 2072 ma
1831 2015 1887 2072 le
1918 2015 1992 2072 33
2023 2015 2223 2072 tavole
2251 2014 2312 2072 di
2341 2015 2521 2072 Carlo
2551 2014 2736 2072 Cesio
2767 2033 2917 2072 sono
2945 2014 3008 2071 in
3035 2023 3246 2089 questa
3270 2014 3557 2089 ristampa
3585 2015 3866 2089 alquanto
3896 2015 4105 2089 logore
4131 2033 4238 2089 per
4264 2023 4486 2089 quanto

709 2110 797 2168 sia
820 2110 1018 2168 fresco
1044 2129 1077 2168 e
1101 2110 1292 2168 nitido
1318 2111 1719 2185 l’esemplare.

707 2245 1012 2302 CARACCI
1034 2244 1367 2302 Lodovico.
1395 2244 1554 2302 Vedi
1577 2247 1817 2302 Zanotti
1841 2263 1874 2302 e
1896 2244 2222 2302 Malvasia.

476 2437 655 2494 3377.
692 2437 980 2494 CIGNANI
1012 2436 1216 2494 Caroli
1247 2436 1661 2504 bononiensis,
1696 2436 2204 2494 Monochromata
2236 2455 2370 2494 aere
2403 2455 2688 2511 expressa
2720 2437 2793 2494 ab
2826 2438 2915 2494 Jo.
2951 2436 3140 2494 Mich.
3176 2436 3419 2494 Liotard
3451 2436 3798 2511 genevensi,
3833 2436 4125 2504 Venetiis,
4162 2455 4253 2511 ap.
4289 2438 4378 2494 Jo.
4414 2438 4484 2494 B.

706 2531 1003 2606 Pasquali,
1038 2532 1213 2599 1743,
1239 2531 1301 2588 in
1325 2531 1430 2589 fol.
1459 2550 1615 2589 max.

709 2628 873 2685 Sono
901 2636 1047 2685 sette
1072 2627 1281 2702 grandi
1305 2628 1523 2695 tavole,
1552 2628 1667 2685 alle
1693 2627 1855 2702 quali
1880 2646 1956 2685 va
1980 2627 2266 2702 aggiunto
2291 2627 2334 2684 il
2357 2627 2581 2685 ritratto
2607 2628 2981 2685 dell’autore.

699 2743 990 2810 CROZAT,
1019 2742 1359 2800 Gabinetto.
1387 2742 1546 2800 Vedi
1568 2742 1835 2800 Recueil.

476 2935 655 2992 3378.
694 2936 969 2992 DAULLE
1004 2936 1167 3002 Jean,
1208 2935 1464 2992 Oeuvre.
1505 2934 1755 2992 Recueil
1792 2935 1867 2992 de
1907 2935 1983 2992 84
2021 2943 2320 3009 estampes
2358 2935 2607 3009 gravées
2645 2935 2885 3009 d’aprés
2923 2935 3010 2992 les
3047 2935 3327 2992 tableaux
3363 2935 3469 2992 des
3506 2935 3641 3009 plus
3679 2935 3895 3009 grands
3931 2934 4192 3009 peintres
4229 2934 4484 3002 italiens,

707 3030 1025 3098 flamands,
1053 3039 1111 3088 et
1135 3030 1393 3105 francais
1418 3030 1557 3088 tires
1583 3031 1689 3088 des
1714 3031 1849 3105 plus
1875 3031 2143 3088 célebres
2169 3030 2437 3088 cabinets
2463 3031 2538 3088 de
2562 3030 2744 3088 Paris:
2776 3049 2912 3088 sans
2938 3031 3091 3098 date,
3119 3030 3267 3088 chez
3292 3031 3350 3088 la
3372 3032 3586 3088 Veuve
3610 3031 3829 3088 Daullé
3855 3049 3889 3088 a
3911 3030 4093 3098 Paris,
4120 3030 4182 3087 in
4206 3030 4333 3098 fol.,
4362 3031 4457 3088 atl.

721 3127 950 3198 Questo
989 3135 1193 3184 nostro
1232 3127 1565 3201 esemplare
1601 3126 1766 3184 ricco
1805 3126 1866 3184 di
1904 3135 2135 3201 quattro
2173 3127 2391 3194 tavole,
2432 3127 2581 3184 oltre
2618 3126 2661 3183 il
2698 3145 2947 3184 numero
2987 3126 3347 3184 annunciato
3385 3127 3483 3184 nel
3522 3126 3934 3201 frontespizio,
3975 3126 4252 3184 contiene
4290 3127 4346 3184 le
4382 3126 4487 3201 più

709 3222 892 3279 scelte
919 3240 1107 3296 prove
1136 3240 1169 3279 e
1196 3222 1379 3279 rende
1407 3221 1654 3279 un’idea
1681 3222 1779 3279 del
1808 3221 2020 3279 merito
2050 3222 2425 3289 dell’autore,
2457 3221 2568 3279 che
2597 3221 2759 3279 forse
2787 3240 2909 3279 non
2937 3222 2970 3279 e
2997 3221 3267 3296 pregiato
3298 3222 3353 3279 al
3382 3222 3567 3296 grado
3597 3221 3708 3279 che
3735 3221 3946 3279 merita
3973 3222 4269 3279 d’esserlo
4297 3240 4404 3296 per
4431 3222 4489 3279 la

705 3318 978 3375 bellezza
1001 3336 1034 3375 e
1059 3318 1117 3375 la
1140 3317 1364 3375 varietà
1387 3318 1485 3375 del
1512 3336 1620 3375 suo
1645 3317 1849 3392 taglio.

476 3510 655 3568 3379.
682 3511 1125 3567 DESCRIPTION
1148 3510 1254 3567 des
1279 3510 1575 3577 tableaux,
1603 3518 1661 3567 et
1684 3510 1790 3567 des
1814 3509 2019 3584 pieces
2045 3510 2120 3567 de
2147 3510 2446 3584 sculpture
2472 3510 2547 3567 de
2572 3510 2630 3567 la
2654 3509 2894 3567 Galerie
2919 3510 2999 3567 du
3022 3509 3232 3567 Prince
3256 3509 3718 3577 Liechtenstein,
3745 3509 3982 3567 Vienne
4014 3510 4189 3577 1780,
4217 3528 4292 3567 en
4323 3510 4413 3567 12.

717 3606 944 3677 Questa
967 3606 1000 3663 e
1025 3624 1143 3663 una
1165 3605 1514 3663 traduzione
1539 3605 1711 3680 quasi
1735 3624 1842 3680 per
1864 3605 2077 3663 intiero
2103 3606 2201 3663 del
2226 3606 2522 3680 catalogo,
2550 3605 2661 3663 che
2685 3605 2728 3662 il
2752 3605 2919 3663 Fanti
2942 3605 3231 3680 pubblicò
3256 3606 3354 3663 nel
3386 3605 3560 3663 1767.

476 3797 655 3854 3380.
682 3798 1128 3854 DESCRIZIONE
1151 3796 1395 3854 italiana
1418 3815 1451 3854 e
1476 3796 1767 3864 francese,
1795 3796 1856 3854 di
1880 3805 2028 3854 tutto
2054 3796 2151 3854 ciò
2177 3796 2288 3854 che
2315 3796 2364 3854 si
2389 3796 2668 3854 contiene
2692 3797 2852 3854 nella
2876 3796 3142 3854 Galleria
3167 3796 3479 3871 Sampieri,
3507 3797 3788 3871 Bologna
3818 3796 3993 3864 1785,
4019 3796 4081 3853 in
4108 3797 4160 3854 8.

717 3892 917 3950 Giova
946 3892 1007 3950 di
1039 3911 1214 3950 avere
1245 3901 1457 3967 questo
1489 3892 1642 3950 libro
1672 3911 1778 3967 per
1807 3911 2163 3950 conservare
2194 3893 2252 3950 la
2280 3892 2501 3950 traccia
2530 3892 2591 3950 di
2622 3892 2719 3950 ciò
2750 3892 2861 3950 che
2892 3911 2997 3950 ora
3025 3911 3147 3950 non
3177 3892 3357 3950 esiste
3386 3892 3624 3950 riunito.
3658 3893 3706 3949 Il
3734 3892 3839 3967 più
3869 3892 3931 3950 fa
3958 3901 4123 3967 parte
4152 3893 4298 3967 però
4330 3893 4490 3950 della

708 3988 973 4046 Galleria
996 3988 1057 4046 di
1081 3988 1317 4046 Milano
1344 3988 1826 4046 all’Accademia
1849 3988 1910 4046 di
1934 3989 2107 4046 Belle
2131 3988 2278 4046 Arti.

479 4182 557 4255 [p.
593 4181 729 4250 134]

476 4372 655 4429 3381.
682 4373 1128 4429 DESCRIZIONE
1152 4372 1312 4429 della
1336 4371 1602 4429 Galleria
1625 4372 1783 4429 delle
1807 4371 2026 4429 Pitture
2050 4371 2241 4429 Melzi
2266 4371 2549 4429 esistente
2573 4371 2635 4428 in
2658 4371 2914 4439 Milano,
2941 4371 3003 4428 in
3026 4372 3083 4439 4,
3110 4373 3198 4429 M.
3227 4372 3324 4430 92.

476 4564 655 4621 3382.
682 4563 1145 4621 Dichiarazione
1170 4564 1328 4621 delle
1351 4563 1566 4638 pitture
1591 4564 1751 4621 della
1776 4564 1901 4621 sala
1924 4564 2019 4621 de’
2053 4563 2279 4638 signori
2303 4563 2632 4631 Barberini,
2659 4565 2856 4621 Roma
2886 4563 3061 4631 1640,
3088 4563 3150 4620 in
3173 4564 3230 4631 4,
3257 4565 3345 4621 M.
3381 4563 3471 4621 15.

704 4660 931 4731 Questa
956 4660 989 4717 e
1017 4668 1175 4717 stesa
1199 4660 1276 4717 da
1301 4660 1518 4717 alcuno
1545 4659 1656 4717 che
1683 4678 1784 4717 era
1808 4659 1869 4717 di
1895 4660 2054 4717 mala
2079 4659 2285 4734 voglia
2309 4678 2426 4717 con
2451 4659 2647 4717 Pietro
2674 4660 2751 4717 da
2775 4660 3057 4727 Cortona,
3086 4678 3262 4717 come
3291 4659 3340 4717 si
3367 4660 3520 4717 vede
3546 4660 3623 4717 da
3647 4678 3766 4717 una
3788 4660 3971 4717 breve
3995 4659 4344 4734 prefazione
4372 4660 4487 4717 alle

708 4755 870 4813 aride
895 4755 1325 4813 dichiarazioni
1350 4774 1383 4813 e
1408 4755 1667 4813 divenne
1691 4755 1754 4812 in
1776 4756 1959 4813 breve
1982 4755 2302 4813 rarissima.

476 4947 655 5004 3383.
691 4948 1008 5004 DORIGNY
1039 4946 1308 5014 Nicolas,
1346 4947 1586 5004 Oeuvre
1620 4955 1976 5004 contenante
2010 4946 2208 5004 divers
2246 4947 2428 5021 sujets
2465 4947 2681 5014 sacrés,
2718 4955 2776 5004 et
2806 4946 3071 5021 profans,
3108 4947 3348 5021 d’après
3382 4946 3669 5021 Raphael,
3707 4946 4029 5014 Guerchin,
4065 4946 4483 5021 Dominiquin,

706 5042 1021 5110 Lanfranc,
1049 5043 1105 5100 le
1131 5042 1347 5110 Guide,
1375 5042 1597 5117 Cigoli,
1625 5051 1683 5100 et
1706 5043 1965 5100 Albano.
1993 5044 2060 5099 In
2083 5051 2231 5100 tutto
2257 5043 2336 5100 20
2362 5042 2570 5117 grandi
2594 5043 2796 5100 tavole
2820 5042 2882 5099 in
2904 5061 3085 5100 rame.
3113 5042 3309 5117 Parigi
3341 5043 3516 5110 1770,
3543 5042 3605 5099 in
3629 5042 3734 5100 fol.
3764 5043 3960 5100 atlant.

476 5235 655 5292 3384.
691 5236 979 5292 EARLOM
1012 5234 1290 5302 Richard,
1326 5234 1506 5292 Lìber
1538 5234 1800 5292 veritatis
1835 5253 1903 5292 or
1936 5253 1970 5292 a
2002 5234 2327 5292 collection
2360 5234 2432 5292 of
2457 5234 2643 5309 prints
2679 5234 2829 5292 after
2860 5234 2958 5292 the
2992 5234 3247 5309 original
3281 5234 3526 5309 designs
3561 5234 3633 5292 of
3660 5235 3892 5292 Claude
3926 5235 3982 5292 le
4015 5234 4262 5292 Lorrain
4294 5234 4356 5291 in
4388 5234 4487 5292 the

707 5329 1032 5387 collection
1056 5329 1128 5387 of
1146 5329 1256 5387 His
1283 5330 1477 5387 Grace
1501 5329 1600 5387 the
1624 5329 1802 5387 Duke
1827 5329 1899 5387 of
1916 5329 2315 5397 Devonskire,
2343 5330 2599 5387 London
2630 5330 2805 5397 1777,
2833 5330 2952 5387 vol.
2983 5330 3037 5397 3,
3064 5329 3126 5386 in
3150 5329 3277 5397 fol.,
3305 5329 3409 5404 fig.

704 5426 931 5497 Questa
960 5426 993 5483 e
1024 5426 1082 5483 la
1111 5425 1449 5483 collezione
1480 5426 1784 5500 completa
1813 5444 1846 5483 e
1875 5425 2153 5500 preziosa
2182 5425 2280 5483 dei
2312 5426 2431 5483 300
2462 5425 2697 5500 disegni
2729 5425 3006 5500 originali
3037 5425 3098 5483 di
3129 5425 3388 5483 Claudio
3419 5427 3721 5483 Lorenese
3752 5425 4044 5500 intagliati
4076 5426 4193 5483 alla
4222 5425 4488 5483 maniera

705 5521 941 5596 precisa
964 5521 1075 5579 che
1102 5540 1252 5579 sono
1280 5521 1412 5579 stati
1437 5521 1693 5596 eseguiti
1718 5522 1816 5579 dal
1839 5521 2072 5596 pittore.

476 5713 655 5771 3385.
688 5715 955 5770 EFFETTI
985 5713 1200 5788 (degli)
1234 5714 1325 5771 ab.
1359 5713 1646 5781 Antonio,
1682 5713 1957 5771 Studiolo
1989 5713 2050 5771 di
2079 5713 2296 5788 pittura
2324 5714 2484 5771 nella
2515 5713 2780 5771 Galleria
2809 5714 2969 5771 della
2997 5713 3337 5771 Ricchezza
3365 5713 3427 5770 in
3457 5732 3599 5771 casa
3628 5714 3994 5771 dell’abbate
4024 5713 4292 5771 Antonio
4324 5713 4486 5788 degli

706 5809 915 5901 Effetti
940 5828 973 5867 e
998 5809 1271 5867 discorso
1297 5810 1395 5867 del
1420 5809 1777 5877 medesimo,
1804 5811 2016 5877 Roma,
2042 5828 2149 5884 per
2173 5809 2414 5867 Giovan
2437 5809 2690 5867 Battista
2713 5810 2890 5867 Molo
2917 5810 3034 5867 alla
3056 5810 3441 5877 Maddalena,
3471 5810 3820 5877 senz’anno,
3847 5811 3935 5867 M.
3964 5809 4061 5867 75.

706 5906 754 5961 E
780 5904 942 5962 forse
971 5913 1264 5979 stampato
1292 5923 1467 5962 verso
1494 5905 1552 5962 la
1577 5905 1738 5962 metà
1762 5905 1860 5962 del
1885 5906 2058 5962 XVII
2086 5905 2292 5962 secolo
2319 5905 2395 5962 ed
2420 5905 2453 5962 e
2477 5904 2660 5979 pieno
2688 5904 2749 5962 di
2774 5904 2997 5962 notizie
3021 5904 3297 5979 preziose
3321 5923 3428 5979 per
3452 5905 3510 5962 la
3533 5904 3947 5979 ricognizione
3974 5904 4035 5962 di
4061 5904 4233 5962 molti
4259 5904 4487 5979 oggetti

707 6000 768 6058 di
794 6009 931 6058 arte.

476 6192 655 6250 3386.
684 6194 989 6250 ERRORES
1017 6192 1257 6267 Ulyssis
1286 6192 1620 6250 adumbrati
1648 6211 1682 6250 a
1709 6193 1766 6250 S.
1796 6192 2060 6250 Martino
2087 6201 2150 6250 ut
2174 6192 2236 6249 in
2261 6192 2454 6267 Regìa
2479 6192 2682 6250 Fontis
2709 6193 3002 6267 Bellaque
3032 6201 3370 6267 spectantur
3396 6211 3430 6250 a
3454 6192 3714 6250 Nicolao
3742 6192 3983 6267 depicti,
4013 6201 4071 6250 et
4095 6192 4157 6249 in
4184 6211 4284 6250 aes
4311 6192 4488 6250 incisi

708 6307 742 6346 a
784 6288 1012 6346 Theod.
1060 6289 1459 6346 Van—Tulden
1503 6307 1622 6346 una
1665 6307 1807 6346 cum
1851 6297 2202 6363 argumento
2248 6297 2306 6346 et
2348 6288 2832 6363 interpretatione
2877 6288 3090 6346 morali
3136 6288 3458 6363 cujuslibet
3502 6288 3761 6356 fabulae,
3808 6288 4068 6356 Parisiis,
4117 6307 4208 6363 ap.
4256 6288 4482 6346 Melch.

706 6384 1045 6452 Tavernier,
1080 6384 1254 6452 1633,
1281 6384 1343 6441 in
1367 6384 1472 6442 fol.
1501 6385 1621 6442 obl.

2171 6657 2347 6694 WWW.
2358 6637 2734 6710 memofonte.
2748 6639 2791 6694 il
