4958 7017
1981 864 2366 922 Fondazione
2390 841 2775 922 Memofonte
2800 865 2976 922 onlus

1390 960 1600 1018 Studio
1624 979 1731 1035 per
1754 960 2226 1018 l’elaborazione
2250 960 2632 1018 informatica
2655 961 2813 1018 delle
2838 960 2991 1018 fonti
3018 960 3571 1018 storico—artistiche

711 1247 892 1305 Libro
917 1247 1241 1305 utilissimo
1265 1266 1372 1322 per
1395 1248 1453 1305 la
1474 1247 1888 1322 ricognizione
1913 1247 1974 1305 di
1999 1248 2184 1305 molte
2209 1266 2391 1322 opere
2416 1266 2449 1305 e
2474 1247 2535 1305 di
2559 1247 2730 1305 molti
2757 1247 2963 1305 autori.

477 1463 594 1531 44.
627 1464 956 1531 MORENI
983 1462 1416 1544 Domenico,
1449 1462 1814 1531 Memoria
1841 1462 2125 1531 intorno
2157 1462 2223 1531 al
2251 1462 2758 1552 risorgimento
2789 1462 2978 1531 delle
3005 1462 3198 1531 belle
3229 1462 3355 1531 arti
3385 1462 3460 1530 in
3489 1464 3838 1544 Toscana,
3871 1462 4167 1531 Firenze
4205 1463 4412 1531 1812.

477 1692 594 1761 45.
628 1694 957 1761 MORENI
986 1692 1419 1774 Domenico,
1454 1692 1899 1782 Aggiuntavi
1930 1692 2001 1761 la
2029 1692 2177 1761 vita
2207 1692 2279 1761 di
2309 1692 2595 1782 Filippo
2629 1714 2740 1761 ser
2769 1692 3241 1761 Brunellesco
3275 1692 3647 1761 architetto
3678 1692 4067 1761 fiorentino
4101 1692 4340 1761 scritta
4370 1692 4488 1761 dal

712 1807 1139 1876 Baldinucci
1188 1829 1327 1876 con
1376 1807 1549 1876 altra
1594 1807 1668 1875 in
1715 1807 1866 1876 fine
1914 1807 1986 1876 di
2036 1807 2379 1876 anonimo
2428 1818 3058 1897 contemporaneo,
3108 1807 3521 1897 pubblicate
3567 1829 3693 1897 per
3739 1807 3809 1876 la
3853 1807 4085 1897 prima
4130 1807 4347 1889 volta,
4399 1807 4489 1876 ed

712 1922 1058 1991 illustrate
1088 1922 1205 1991 dal
1235 1922 1589 1991 canonico
1618 1922 1931 2004 Moreni,
1963 1922 2260 1991 Firenze
2298 1923 2506 2004 1812,
2539 1922 2613 1990 in
2646 1923 2709 2004 8,
2742 1922 2981 2012 legato
3011 1922 3085 1990 in
3113 1944 3210 1991 un
3242 1922 3401 1991 solo
3431 1922 3747 1991 volume.

477 2152 594 2221 46.
629 2153 956 2221 ORIMINI
983 2152 1329 2234 Antonio,
1362 2152 1575 2221 Delle
1606 2152 1732 2221 arti
1763 2174 1802 2221 e
1834 2152 2121 2221 scienze
2149 2163 2324 2221 tutte
2354 2152 2660 2221 divisate
2689 2152 2881 2221 nella
2909 2152 3542 2242 Giurisprudenza,
3574 2152 3842 2242 Napoli
3881 2153 4089 2234 1747,
4122 2152 4196 2220 in
4224 2153 4291 2221 4.

713 2264 914 2338 Opera
939 2263 1135 2321 divisa
1159 2263 1222 2320 in
1247 2272 1332 2321 tre
1357 2263 1508 2338 parti
1535 2264 1731 2338 legata
1756 2263 1818 2320 in
1844 2264 1881 2320 2
1909 2263 2158 2321 volumi.
2190 2264 2324 2321 Ove
2353 2263 2402 2321 si
2428 2272 2599 2321 tratta
2624 2263 2685 2321 di
2710 2263 2943 2338 pittura,
2975 2264 3251 2331 scultura,
3282 2263 3674 2331 architettura,
3704 2263 3997 2331 mosaico,
4027 2263 4360 2331 oreﬁceria,
4390 2282 4489 2321 ma

711 2359 773 2416 in
796 2378 877 2417 un
901 2360 1086 2417 modo
1114 2359 1513 2434 superﬁciale.

469 2575 586 2643 47.
621 2576 870 2642 PETITI
903 2574 1053 2659 (de)
1087 2574 1600 2664 Bibliotheque
1631 2574 1757 2643 des
1791 2574 2066 2643 artistes
2099 2585 2168 2643 et
2197 2574 2323 2643 des
2358 2585 2733 2656 amateurs,
2768 2596 2863 2643 ou
2892 2574 3220 2643 tablettes
3254 2574 3702 2664 analytiques
3735 2585 3804 2643 et
3832 2574 4337 2664 methodiques
4372 2596 4489 2643 sur

712 2689 817 2758 les
851 2689 1174 2758 sciences
1207 2700 1276 2758 et
1303 2689 1408 2758 les
1437 2689 1673 2758 beaux
1705 2700 1841 2758 arts
1873 2689 2128 2758 dediée
2160 2711 2248 2758 au
2276 2689 2405 2771 roi,
2438 2689 2582 2758 vol.
2618 2690 2657 2758 3
2691 2689 2765 2757 in
2793 2690 2861 2771 4,
2894 2689 3088 2758 Paris
3128 2689 3336 2771 1766,
3369 2689 3495 2779 fig.

715 2800 795 2858 Vi
822 2800 871 2858 si
895 2809 1146 2858 trovano
1170 2809 1612 2875 rappresentate
1636 2800 1698 2857 in
1724 2801 1935 2858 alcune
1959 2801 2160 2858 tavole
2186 2800 2551 2875 allegoriche
2576 2801 2632 2858 le
2657 2800 2894 2858 diverse
2920 2800 3026 2858 arti
3051 2819 3084 2858 e
3111 2800 3350 2858 scienze

473 3016 590 3084 48.
630 3013 1181 3101 QUATRÈMERE
1215 3015 1304 3084 de
1340 3015 1629 3101 Quinci,
1668 3015 2261 3084 Considerations
2297 3015 2608 3084 morales
2647 3037 2764 3084 sur
2796 3015 2866 3084 la
2899 3015 3333 3084 destination
3368 3015 3494 3084 des
3532 3037 3885 3105 ouvrages
3922 3015 4011 3084 de
4045 3015 4229 3097 l’art,
4268 3037 4363 3084 ou
4398 3015 4487 3084 de

707 3130 1135 3199 l’influence
1165 3130 1255 3199 de
1284 3130 1437 3199 leur
1465 3130 1738 3220 emploi
1771 3152 1888 3199 sur
1915 3130 1983 3199 le
2013 3130 2224 3220 genie
2254 3141 2323 3199 et
2350 3130 2418 3199 le
2449 3131 2642 3220 goùt,
2675 3130 2870 3199 Paris
2910 3130 3118 3212 1815,
3151 3130 3225 3198 in
3258 3131 3321 3212 8,
3353 3132 3459 3199 M.
3502 3131 3659 3199 102.

708 3242 909 3316 Opera
934 3241 1301 3299 suscettibile
1326 3241 1387 3299 di
1412 3241 1688 3316 maggior
1711 3241 2071 3309 estensione,
2097 3241 2277 3316 piena
2300 3241 2361 3299 di
2384 3242 2544 3299 belle
2568 3241 2704 3299 idee
2729 3260 2762 3299 e
2787 3241 2915 3299 fino
2941 3241 3177 3299 criterio

473 3456 590 3525 49.
633 3457 978 3524 RECUEIL
1015 3455 1104 3524 de
1142 3455 1493 3545 quelques
1532 3455 1776 3545 pieces
1817 3466 2331 3524 concernantes
2371 3455 2476 3524 les
2519 3466 2678 3537 arts,
2721 3455 3053 3524 extraites
3094 3455 3220 3524 des
3259 3455 3615 3545 plusieurs
3654 3457 4026 3524 Mercures
4067 3455 4156 3524 de
4193 3457 4482 3524 France.

707 3570 901 3639 Paris
941 3570 1149 3652 1757,
1182 3570 1256 3638 in
1294 3571 1401 3639 12.

708 3682 935 3753 Questa
958 3682 991 3739 e
1016 3700 1134 3739 una
1160 3682 1345 3739 scelta
1368 3681 1669 3739 d’articoli
1693 3681 2087 3749 interessanti,
2115 3700 2148 3739 e
2173 3681 2465 3739 memorie
2488 3681 2736 3739 relative
2763 3682 2838 3739 ad
2863 3681 3171 3749 architetti,
3197 3681 3417 3756 pittori,
3445 3700 3478 3739 e
3505 3681 3748 3739 scultori
3773 3700 3860 3739 ec.

481 3898 574 3986 [p.
612 3897 680 3979 81

475 4126 590 4195 50.
626 4128 1116 4195 REFLEXIONS
1151 4126 1329 4195 d’un
1359 4126 1662 4216 patriote
1696 4148 1813 4195 sur
1842 4126 2145 4216 l’Opera
2174 4126 2490 4215 francois
2525 4137 2594 4195 et
2626 4148 2743 4195 sur
2772 4126 3075 4216 l’Opera
3104 4126 3371 4208 italien,
3406 4126 3529 4216 qui
3560 4137 3889 4216 presente
3920 4126 3988 4195 le
4018 4126 4359 4216 parallele
4391 4126 4486 4195 du

708 4242 882 4331 goùt
910 4241 999 4310 de
1029 4241 1219 4310 deux
1249 4241 1532 4310 nations
1564 4241 1740 4310 dans
1771 4241 1876 4310 les
1905 4241 2141 4310 beaux
2173 4252 2332 4323 arts,
2367 4242 2407 4310 à
2434 4243 2813 4310 Lausanne
2851 4241 3059 4323 1754,
3092 4241 3166 4309 in
3199 4242 3261 4310 8.

706 4356 1179 4446 Aggiuntovi:
1213 4359 1428 4425 Essai
1457 4380 1585 4425 sur
1612 4356 1683 4425 la
1704 4359 2057 4444 peinture,
2098 4356 2169 4425 la
2199 4356 2566 4444 sculpture
2597 4370 2667 4425 et
2695 4356 3253 4437 l’architecture,
3295 4357 3331 4424 ]
3348 4357 3481 4425 751
3497 4414 3508 4425 .

475 4586 590 4655 51.
624 4588 1032 4668 ROUQUET,
1060 4587 1297 4655 L’état
1325 4586 1451 4655 des
1485 4597 1621 4655 arts
1653 4608 1742 4655 en
1770 4586 2215 4676 Angleterre,
2248 4586 2466 4668 Paris,
2500 4586 2676 4655 chez
2706 4586 3047 4668 Jombert,
3089 4586 3297 4668 1755,
3330 4586 3404 4654 in
3442 4587 3548 4655 12.

708 4698 909 4772 Opera
934 4706 1091 4755 stesa
1114 4716 1231 4755 con
1255 4697 1461 4755 critica
1486 4706 1738 4755 sensata.

471 4912 586 4981 52.
638 4913 856 4981 SABA
901 4912 992 4981 da
1036 4912 1486 5002 Castiglione
1531 4912 2019 5002 monsignore,
2068 4912 2385 4994 Ricordi,
2435 4934 2706 4981 ovvero
2754 4912 3430 4994 ammaestramenti,
3479 4913 3593 4981 ne’
3647 4912 3842 5002 quali
3889 4934 4028 4981 con
4072 4912 4401 5002 prudenti
4448 4934 4487 4981 e

708 5027 1024 5096 cristiani
1060 5027 1365 5096 discorsi
1403 5027 1462 5096 si
1496 5027 1795 5117 ragiona
1828 5027 1900 5096 di
1934 5038 2109 5096 tutte
2143 5027 2211 5096 le
2245 5027 2540 5096 materie
2576 5038 2892 5109 onorate,
2931 5027 3065 5096 che
3102 5027 3161 5096 si
3195 5027 3563 5096 ricercano
3600 5049 3640 5096 a
3671 5049 3769 5096 un
3803 5049 3975 5096 vero
4012 5027 4483 5117 gentiluomo,

707 5142 1051 5224 Venezia,
1083 5164 1209 5232 per
1236 5142 1459 5211 Paolo
1490 5142 1884 5224 Gherardo,
1926 5142 2134 5224 1555,
2167 5142 2241 5210 in
2269 5143 2336 5211 4.

706 5254 823 5311 Nel
855 5253 1234 5328 frontispizio
1267 5254 1300 5311 e
1332 5253 1375 5310 il
1405 5253 1629 5311 ritratto
1663 5254 2020 5311 dell’autore
2051 5253 2362 5328 intagliato
2394 5253 2457 5310 in
2488 5254 2668 5328 legno
2703 5272 2820 5311 con
2851 5254 3155 5328 eleganza.
3191 5255 3279 5311 Lo
3315 5262 3675 5328 stampatore
3706 5253 3942 5311 intitolò
3975 5254 4210 5328 l’opera
4241 5254 4296 5311 al
4328 5254 4486 5328 doge

706 5351 1039 5407 Francesco
1070 5349 1353 5407 Veniero.
1387 5351 1454 5406 In
1484 5349 1680 5424 questi
1713 5349 1874 5407 aurei
1903 5349 2124 5407 ricordi
2157 5368 2307 5407 sono
2337 5349 2789 5424 preziosissime
2820 5368 2853 5407 e
2882 5349 3190 5407 recondite
3221 5349 3445 5407 notizie
3476 5349 3652 5407 d’arti
3685 5368 3718 5407 e
3749 5349 4022 5417 d’artisti,
4058 5349 4487 5424 specialmente

706 5445 804 5502 nel
827 5444 1066 5502 ricordo
1092 5444 1252 5502 circa
1275 5444 1358 5519 gli
1383 5444 1716 5502 ornamenti
1742 5445 1902 5502 della
1925 5463 2081 5502 casa.

475 5659 590 5728 53.
628 5660 968 5728 SALMON
997 5659 1344 5741 William,
1379 5659 1901 5749 Polygraphice
1933 5681 2013 5728 or
2041 5659 2160 5728 the
2193 5670 2330 5728 arts
2364 5659 2449 5728 of
2474 5659 2817 5749 drawing,
2853 5659 3268 5749 engraving,
3303 5659 3632 5749 limning,
3666 5659 4011 5749 painting,
4048 5670 4179 5728 etc.
4216 5661 4294 5727 In
4325 5659 4489 5728 four

705 5774 940 5843 books
970 5785 1044 5843 to
1074 5774 1248 5843 with
1277 5774 1338 5843 is
1371 5774 1604 5843 added
1634 5796 1674 5843 a
1702 5774 2074 5843 discourse
2104 5774 2189 5843 of
2210 5774 2683 5864 perspective,
2719 5774 2858 5843 and
2887 5774 3369 5856 chiromance,
3402 5774 3709 5843 London
3748 5774 3956 5856 1675,
3993 5775 4031 5843 8
4064 5774 4190 5864 fig.

708 5886 874 5943 Oltre
899 5886 955 5943 le
979 5886 1179 5943 tavole
1204 5885 1315 5943 che
1339 5885 1706 5943 incontransi
1731 5886 1829 5943 nel
1854 5886 2099 5943 volume
2124 5904 2157 5943 e
2182 5885 2483 5960 l’intaglio
2509 5886 2607 5943 del
2632 5885 3043 5960 frontespizio,
3072 5885 3210 5943 avvi
3236 5885 3425 5943 anche
3449 5885 3492 5942 il
3515 5885 3739 5943 ritratto
3766 5886 4139 5943 dell’autore.

479 6100 594 6169 54.
641 6101 1104 6169 SILBERMAN
1142 6100 1465 6182 Manuel,
1509 6100 2226 6190 Metallotechnique,
2271 6122 2366 6169 ou
2405 6100 2674 6169 recueil
2715 6100 2804 6169 de
2847 6111 3110 6169 secrets
3153 6111 3222 6169 et
3261 6100 3387 6169 des
3430 6100 3850 6169 curiositées
3895 6122 4012 6169 sur
4050 6100 4155 6169 les
4197 6101 4487 6169 métaux

709 6215 1084 6305 appliques
1117 6237 1255 6284 aux
1287 6226 1423 6284 arts
1455 6226 1524 6284 et
1553 6237 1691 6284 aux
1721 6215 2032 6297 métiers,
2064 6215 2324 6284 traduit
2352 6215 2441 6284 de
2470 6215 2915 6297 l’allemand,
2957 6216 3165 6297 1773,
3199 6237 3288 6284 en
3321 6216 3383 6284 8.

2171 6657 2347 6694 WWW.
2358 6637 2734 6710 memofonte.
2748 6639 2791 6694 il
