4958 7017
1981 864 2366 922 Fondazione
2390 838 2775 922 Memofonte
2800 865 2976 922 onlus

1390 960 1600 1018 Studio
1624 979 1731 1035 per
1754 960 2226 1018 l’elaborazione
2250 960 2632 1018 informatica
2655 961 2813 1018 delle
2838 960 2991 1018 fonti
3018 960 3571 1018 storico—artistiche

479 1345 557 1418 [p.
593 1344 729 1413 177]

476 1535 655 1594 3629.
690 1537 1028 1593 BONARDO
1059 1535 1374 1593 Vincenzo
1408 1537 1705 1603 Romano,
1740 1535 2033 1593 Discorso
2066 1535 2302 1593 intorno
2337 1535 2697 1610 all’origine,
2734 1535 3034 1603 antichità,
3071 1535 3241 1603 virtù,
3275 1535 3695 1603 benedizione,
3731 1554 3764 1593 e
3797 1535 4158 1603 ceremonie,
4194 1535 4305 1593 che
4338 1554 4448 1593 usa
4479 1535 4522 1592 il

701 1632 952 1689 Sommo
977 1631 1289 1689 Ponteﬁce
1313 1631 1376 1688 in
1398 1631 1683 1689 benedire
1708 1631 1791 1706 gli
1816 1631 2149 1706 Agnusdei,
2177 1633 2374 1689 Roma
2404 1631 2579 1699 1621,
2606 1631 2668 1688 in
2695 1632 2748 1699 8,
2775 1633 2863 1689 M.
2892 1631 2988 1689 75.

476 1822 655 1880 3630.
685 1824 923 1880 BORGII
948 1822 1305 1890 Hieronimi,
1334 1822 1516 1880 Urbis
1544 1824 1776 1880 Romae
1801 1822 2133 1890 renovatio,
2164 1823 2322 1897 apud
2348 1823 2486 1880 Ant.
2517 1823 2795 1890 Bladum,
2833 1822 3008 1890 1542,
3037 1822 3099 1879 in
3128 1823 3180 1880 8.
3213 1823 3318 1880 Sul
3346 1822 3740 1897 frontespizio
3768 1823 3801 1880 e
3828 1841 3946 1880 una
3971 1824 4169 1880 Roma
4197 1823 4458 1890 sedente,
4490 1841 4524 1880 a

698 1927 865 1993 tergo
907 1918 1105 1976 alcuni
1145 1918 1303 1976 versi
1344 1937 1378 1976 a
1415 1918 1549 1976 Pier
1586 1918 1763 1993 Luigi
1802 1920 2075 1976 Farnese.
2121 1919 2318 1993 Segue
2359 1919 2434 1976 ad
2472 1920 2553 1975 III
2594 1937 2662 1976 ac
2702 1920 2771 1976 R.
2815 1919 3229 1976 Alexandrum
3266 1918 3617 1976 Farnesium
3655 1919 3813 1976 card.
3856 1918 4215 1976 Ananeosis.
4259 1920 4518 1993 Hospes.

698 2014 924 2072 Jovius.

698 2111 961 2185 L’opera
984 2111 1017 2168 è
1044 2110 1243 2168 scritta
1267 2129 1301 2168 a
1324 2111 1509 2168 modo
1535 2110 1596 2168 di
1621 2110 1865 2185 dialogo
1890 2110 1952 2167 in
1976 2110 2151 2168 versi.
2181 2111 2494 2185 Opuscolo
2520 2110 2581 2168 di
2606 2111 2685 2167 22
2710 2119 2868 2168 carte
2891 2129 3023 2168 raro
3050 2129 3084 2168 a
3107 2110 3360 2168 vedersi.

476 2301 655 2359 3631.
699 2303 986 2359 BORIONI
1026 2301 1345 2369 Antonius,
1391 2302 1781 2359 Collectanea
1822 2301 2241 2376 antiquitatum
2279 2320 2663 2359 romanarum
2702 2320 2856 2376 quae
2898 2310 3141 2359 centum
3180 2301 3398 2359 tabulis
3442 2301 3644 2359 aeneis
3686 2301 3915 2359 incisae
3957 2310 4015 2359 et
4056 2320 4090 2359 a
4130 2301 4519 2376 Rudolphino

698 2397 921 2455 Venuti
945 2397 1103 2455 notis
1128 2397 1453 2455 illustratae
1478 2397 1848 2465 exhibentur,
1876 2399 2108 2455 Romae
2140 2397 2315 2465 1736,
2342 2397 2404 2454 in
2428 2397 2533 2455 fol.

700 2494 927 2565 Questa
950 2493 1288 2551 bellissima
1312 2512 1512 2568 opera,
1541 2512 1574 2551 e
1598 2512 1705 2568 per
1729 2494 1787 2551 la
1811 2493 2084 2561 dottrina,
2114 2512 2147 2551 e
2171 2512 2278 2568 per
2302 2493 2622 2568 l’intaglio,
2651 2512 2684 2551 e
2709 2512 2816 2568 per
2839 2493 2859 2550 i
2884 2493 3010 2568 tipi,
3039 2502 3245 2551 ornata
3270 2493 3331 2551 di
3364 2494 3478 2551 104
3504 2494 3704 2551 tavole
3730 2494 3920 2551 molto
3945 2494 4100 2551 bene
4126 2493 4433 2568 intagliate
4458 2493 4522 2550 in

697 2608 861 2647 rame
886 2590 963 2647 da
984 2589 1171 2647 buoni
1197 2589 1399 2657 artisti,
1427 2590 1460 2647 è
1484 2589 1775 2647 illustrata
1799 2589 1955 2647 assai
1978 2590 2133 2647 bene
2158 2590 2256 2647 nel
2280 2598 2512 2647 trattato
2538 2589 2599 2647 di
2623 2589 2902 2647 Mariette
2927 2590 3033 2647 des
3057 2589 3281 2664 pierres
3307 2590 3555 2664 gravées
3579 2608 3714 2664 pag.
3744 2590 3883 2648 293.

476 2781 655 2839 3632.
682 2783 1092 2849 BOSCOVICH,
1120 2781 1259 2839 vedi
1281 2781 1576 2839 Raccolta
1601 2782 1664 2839 di
1687 2784 1952 2839 scrittori
1975 2781 2133 2839 sulla
2162 2781 2400 2855 Cupola
2425 2782 2488 2839 di
2512 2783 2563 2839 S.
2594 2784 2817 2839 Pietro.

476 2972 655 3030 3633.
682 2974 965 3030 BOSELLI
988 2972 1362 3047 Hieronymi,
1389 2974 1483 3030 De
1508 2972 1836 3030 Aureliano
1862 2972 2062 3047 lapide
2089 2991 2216 3040 suo,
2243 2972 2560 3030 Bononiae
2592 2972 2766 3040 1692,
2793 2972 2855 3029 in
2882 2973 2935 3040 8,
2962 2974 3050 3030 M.
3078 2973 3175 3031 49.

476 3164 655 3222 3634.
689 3166 896 3222 BOSIO
927 3164 1215 3232 Antonio,
1249 3166 1446 3222 Roma
1479 3173 1840 3222 sotterranea
1869 3165 2029 3222 nella
2059 3165 2235 3239 quale
2270 3164 2319 3222 si
2350 3173 2521 3222 tratta
2551 3165 2646 3222 de’
2687 3164 2819 3222 suoi
2851 3164 3125 3239 cimiterj,
3160 3165 3258 3222 del
3292 3164 3424 3232 sito,
3459 3164 3670 3232 forma,
3705 3165 3781 3222 ed
3811 3183 3922 3222 uso
3956 3164 4154 3222 antico
4187 3164 4248 3222 di
4280 3164 4400 3222 essi
4432 3183 4519 3222 ec.

700 3261 901 3335 Opera
922 3269 1203 3335 postuma
1224 3260 1571 3335 pubblicata
1594 3261 1692 3318 dal
1717 3279 1872 3318 com.
1902 3261 2082 3318 Carlo
2107 3260 2584 3328 Aldobrandino,
2611 3262 2809 3318 Roma
2839 3260 3014 3328 1632,
3041 3260 3103 3317 in
3127 3260 3189 3328 f.,
3217 3260 3321 3335 fig.

700 3356 901 3430 Opera
943 3356 1165 3430 grande
1208 3355 1271 3412 in
1315 3355 1508 3430 foglio
1553 3355 1864 3423 massimo,
1911 3374 2028 3413 con
2071 3355 2567 3413 numerosissime
2611 3356 2812 3413 tavole
2855 3355 2917 3412 in
2958 3374 3141 3423 rame,
3188 3355 3299 3413 che
3341 3374 3448 3430 per
3490 3356 3546 3413 le
3591 3355 3697 3413 arti
3741 3355 3839 3413 nei
3881 3355 4046 3413 bassi
4089 3355 4294 3430 tempi,
4341 3374 4374 3413 e
4416 3374 4523 3430 per

699 3451 1163 3509 l’ecclesiastica
1204 3451 1552 3509 erudizione
1595 3452 1628 3509 e
1672 3470 1854 3509 ancor
1893 3452 2112 3519 buona,
2160 3452 2422 3509 sebbene
2464 3451 2484 3508 i
2525 3451 2874 3526 bibliografi
2917 3451 3339 3509 oltramontani
3381 3470 3456 3509 ne
3500 3451 3781 3509 abbiamo
3825 3451 3886 3509 di
3928 3460 4143 3526 troppo
4188 3451 4435 3509 avvilito
4478 3451 4521 3508 il

697 3566 935 3622 prezzo.

476 3739 655 3797 3635.
695 3741 980 3797 BRENNA
1010 3739 1325 3797 Vincenzo
1365 3739 1693 3807 architetto,
1733 3740 1850 3797 Del
1888 3739 2115 3814 tempio
2153 3739 2484 3807 Tiburtino,
2525 3740 2937 3814 volgarmente
2975 3740 3137 3797 detto
3176 3740 3336 3797 della
3375 3739 3604 3807 Sibilla,
3644 3741 3842 3797 Roma
3885 3739 4060 3807 1767,
4100 3739 4162 3796 in
4200 3739 4327 3807 fol.,
4370 3758 4521 3797 sono

698 3835 1078 3893 unicamente
1102 3836 1140 3892 4
1166 3835 1319 3910 fogli
1345 3835 1626 3903 atlantici,
1653 3854 1774 3893 uno
1800 3836 1898 3893 del
1922 3844 2094 3903 testo,
2122 3854 2155 3893 e
2179 3844 2264 3893 tre
2289 3836 2447 3893 delle
2471 3836 2689 3903 tavole,
2716 3837 2804 3893 M.
2840 3836 2972 3893 107.

698 3930 1004 4005 Aggiunte
1035 3930 1098 3987 in
1129 3939 1342 4005 questo
1375 3931 1620 3988 volume
1653 3930 1816 3988 varie
1848 3939 2024 3988 carte:
2061 3949 2236 3988 come
2267 3930 2310 3987 il
2340 3939 2615 4005 progetto
2648 3931 2746 3988 del
2780 3930 2887 4005 sig.
2924 3930 3243 3988 Cockerell
3276 3930 3585 3988 architetto
3617 3930 3849 4005 inglese
3879 3949 3986 4005 per
4016 3931 4074 3988 la
4104 3930 4521 3988 collocazione

699 4027 857 4084 delle
890 4035 1077 4084 statue
1108 4026 1169 4084 di
1199 4026 1421 4094 Niobe;
1454 4026 1497 4083 il
1526 4035 1801 4101 progetto
1833 4027 1931 4084 del
1964 4026 2071 4101 sig.
2107 4027 2359 4084 Canova
2386 4045 2493 4101 per
2522 4027 2580 4084 la
2611 4026 2943 4084 situazione
2974 4026 3072 4084 dei
3103 4027 3219 4084 due
3250 4026 3477 4084 colossi
3509 4045 3543 4084 a
3571 4028 3659 4084 M.
3695 4027 3970 4094 Cavallo;
4003 4026 4046 4083 il
4077 4027 4392 4084 mausoleo
4424 4027 4522 4084 del

698 4122 1077 4180 maresciallo
1117 4122 1178 4180 di
1219 4123 1374 4180 Saxe
1413 4122 1525 4180 che
1564 4122 1773 4180 vedesi
1813 4141 1847 4180 a
1886 4123 2258 4197 Strasburgo,
2300 4141 2484 4197 opera
2521 4122 2582 4180 di
2619 4122 2865 4197 Pigalle,
2905 4122 3254 4197 pubblicato
3294 4123 3371 4180 da
3407 4122 3671 4190 Mechel,
3713 4141 3746 4180 e
3783 4123 3968 4180 molte
4008 4123 4151 4180 altre
4192 4131 4422 4197 stampe
4461 4122 4522 4180 di

699 4218 1055 4293 genealogie
1080 4237 1167 4276 ec.

479 4412 557 4485 [p.
593 4411 729 4480 178]

476 4601 655 4659 3636.
684 4603 1092 4659 BULENGERII
1116 4601 1257 4659 Iulii
1284 4601 1581 4669 Caesaris,
1610 4603 1704 4659 De
1731 4601 1893 4659 circo
1919 4620 2188 4669 romano,
2218 4601 2496 4676 ludisque
2524 4601 2912 4669 circensibus,
2943 4620 3011 4659 ac
3039 4601 3201 4669 circi,
3231 4610 3289 4659 et
3315 4601 3689 4676 amphiteatri
3716 4601 4052 4659 venatione.
4082 4601 4282 4659 Editio
4308 4601 4518 4676 prima,

698 4697 967 4755 Lutetiae
991 4697 1356 4755 Parisiorum
1385 4697 1560 4765 1598,
1587 4697 1649 4754 in
1676 4698 1728 4755 8.

476 4889 655 4947 3637.
689 4891 1098 4947 BULENGERII
1127 4889 1267 4947 Iulii
1300 4889 1596 4957 Caesaris,
1630 4891 1724 4947 De
1755 4889 2113 4964 imperatore
2145 4898 2203 4947 et
2232 4889 2488 4964 imperio
2519 4908 2770 4947 romano
2803 4889 2938 4947 libri
2970 4889 3312 4957 duodecim,
3346 4889 3643 4964 Lugduni,
3679 4890 3837 4964 apud
3867 4889 4154 4947 haeredes
4188 4889 4521 4964 Guglielmi

698 4985 944 5053 Rovilii,
979 4985 1154 5053 1618,
1181 4985 1243 5042 in
1267 4985 1372 5043 fol.

700 5081 901 5155 Opera
924 5080 1120 5138 divisa
1142 5080 1204 5137 in
1227 5089 1312 5138 tre
1337 5080 1472 5138 libri
1497 5080 1720 5138 estratti
1745 5081 1903 5138 dalle
1929 5080 2163 5138 antiche
2191 5080 2388 5148 storie,
2416 5099 2449 5138 e
2472 5080 2703 5155 ripiena
2726 5080 2787 5138 di
2812 5080 3176 5138 erudizione.

476 5272 655 5330 3638.
708 5273 918 5330 CALVI
965 5272 1151 5340 Fabii,
1203 5272 1505 5347 Antiquae
1553 5272 1715 5330 urbis
1764 5274 1997 5330 Romae
2046 5291 2187 5330 cum
2232 5272 2581 5347 regionibus
2633 5272 3080 5340 simulachrum,
3131 5274 3382 5340 Romae,
3434 5291 3643 5330 mense
3693 5272 3882 5347 aprili,
3933 5272 4211 5330 Valerius
4260 5272 4520 5330 Doricus

698 5368 1031 5426 Brixiensis
1056 5368 1376 5443 impressit,
1411 5368 1586 5436 1532,
1613 5368 1675 5425 in
1699 5368 1826 5436 fol.,
1854 5368 1959 5443 fig.

698 5464 895 5522 Prima
918 5464 1196 5522 edizione
1221 5464 1282 5522 di
1307 5473 1520 5539 questo
1544 5483 1676 5522 raro
1701 5464 1873 5532 libro,
1901 5465 1957 5522 le
1982 5464 2079 5522 cui
2103 5465 2303 5522 tavole
2330 5483 2480 5522 sono
2505 5464 2812 5539 intagliate
2836 5464 2898 5521 in
2922 5465 3120 5539 legno.

476 5655 655 5714 3639.
696 5656 907 5713 CALVI
942 5655 1128 5723 Fabii,
1169 5655 1471 5730 Antiquae
1509 5655 1671 5713 urbis
1709 5657 1942 5713 Romae
1980 5674 2121 5713 cum
2155 5655 2504 5730 regionibus
2545 5655 2976 5713 simulachrum
3012 5655 3258 5713 authore
3295 5657 3383 5713 M.
3424 5655 3610 5713 Fabio
3647 5664 3985 5723 ravennate,
4025 5655 4322 5723 Basileae,
4364 5656 4523 5730 apud

699 5751 860 5809 Hier.
888 5751 1267 5819 Frobenium,
1295 5760 1353 5809 et
1375 5751 1509 5809 Nic.
1537 5751 1950 5826 Episcopium,
1985 5751 2160 5819 1556,
2187 5751 2249 5808 in
2273 5751 2400 5819 fol.,
2428 5751 2532 5826 fig.

700 5848 927 5919 Questa
953 5848 1217 5905 seconda
1240 5847 1518 5905 edizione
1544 5866 1725 5905 meno
1749 5866 1895 5915 rara,
1922 5866 2044 5905 non
2068 5848 2101 5905 e
2124 5848 2270 5922 però
2296 5866 2573 5915 comune,
2601 5848 2677 5905 ed
2701 5848 2734 5905 e
2758 5847 2820 5904 in
2845 5847 3039 5922 foglio
3065 5848 3254 5905 molto
3280 5847 3513 5905 minore
3538 5848 3698 5905 della
3719 5847 3927 5922 prima.
3956 5849 4040 5905 Le
4066 5847 4214 5905 armi
4239 5848 4337 5905 del
4361 5849 4523 5922 Papa

699 5944 1013 6001 Clemente
1039 5945 1170 6011 VII,
1199 5944 1297 6001 del
1323 5943 1587 6001 cardinal
1614 5944 1709 6001 de’
1742 5943 1993 6011 Medici,
2022 5962 2055 6001 e
2081 5944 2179 6001 del
2208 5944 2428 6001 Senato
2454 5945 2732 6001 Romano
2762 5952 2972 6001 stanno
2999 5944 3097 6001 nel
3124 5943 3517 6018 frontespizio
3544 5944 3704 6001 della
3728 5943 3921 6018 prima
3946 5943 4241 6001 edizione.
4271 5944 4328 6000 A
4353 5952 4521 6018 tergo

699 6040 732 6097 e
770 6040 828 6097 la
864 6039 1080 6097 dedica
1117 6040 1172 6097 al
1209 6041 1387 6114 Papa:
1432 6058 1702 6114 seguono
1742 6040 1815 6096 21
1859 6040 2077 6107 tavole,
2118 6039 2460 6097 d’incontro
2500 6040 2615 6097 alle
2653 6039 2816 6114 quali
2854 6039 3133 6114 leggonsi
3169 6039 3338 6097 brevi
3376 6039 3789 6107 illustrazioni,
3830 6058 3863 6097 e
3901 6040 4063 6097 nello
4104 6048 4296 6097 stesso
4335 6040 4521 6097 modo

697 6135 960 6209 procede
986 6134 1174 6192 anche
1199 6135 1257 6192 la
1282 6135 1546 6192 seconda
1569 6134 1847 6192 edizione
1872 6134 2131 6209 copiano
2157 6143 2545 6192 esattamente
2570 6135 2628 6192 la
2649 6134 2859 6209 prima.

476 6326 655 6384 3640.
690 6327 1032 6384 CAMERON
1061 6326 1329 6394 Charles,
1362 6326 1489 6384 The
1518 6326 1690 6384 baths
1723 6326 1795 6384 of
1819 6326 1918 6384 the
1947 6345 2189 6384 romans
2222 6326 2551 6401 explaines,
2586 6327 2702 6384 and
2732 6326 3052 6384 illustrates
3085 6326 3229 6384 with
3259 6326 3358 6384 the
3387 6326 3766 6384 restotration
3796 6326 3868 6384 of
3892 6326 4162 6384 Palladio
4194 6327 4519 6394 corrected,

700 6423 816 6480 and
839 6422 1173 6497 improved,
1200 6423 1473 6490 London,
1502 6423 1743 6497 George
1770 6423 1953 6490 Scott,
1988 6423 2162 6490 1772,
2189 6422 2251 6479 in
2275 6422 2402 6490 fol.,
2430 6422 2534 6497 fig.

2171 6657 2347 6694 WWW.
2358 6637 2734 6710 memofonte.
2748 6639 2791 6694 il
