4958 7017
1981 864 2366 922 Fondazione
2390 841 2775 922 Mernofonte
2800 865 2976 922 onlus

1390 960 1600 1018 Studio
1624 979 1731 1035 per
1754 960 2226 1018 l’elaborazione
2250 960 2632 1018 informatica
2655 961 2813 1018 delle
2838 960 2991 1018 fonti
3018 960 3571 1018 storico—artistiche

593 1294 692 1299 —
745 1251 1218 1341 Aggiuntovi:
1280 1251 1350 1320 la
1404 1251 1820 1320 Geometrie
1874 1251 2198 1341 pratique
2254 1251 2343 1320 de
2398 1251 2853 1341 l’ingenieur,
2913 1273 3008 1320 ou
3063 1251 3227 1320 l’art
3281 1251 3370 1320 de
3425 1252 3763 1320 mésurer:
3826 1251 4081 1320 dediée
4138 1273 4178 1320 a
4230 1253 4336 1320 M.
4397 1251 4486 1320 de

707 1366 1034 1448 Vauban,
1067 1366 1261 1435 Paris
1301 1367 1509 1448 1733,
1542 1366 1616 1434 in
1644 1367 1711 1435 4.

707 1478 842 1535 Con
866 1478 943 1535 27
970 1478 1199 1535 Tavole
1223 1477 1528 1552 intagliate
1552 1477 1615 1534 in
1637 1496 1818 1535 rame.

473 1693 640 1761 480.
686 1693 1168 1774 CORDEMOY,
1206 1694 1564 1761 Nouveau
1603 1692 1805 1761 traité
1846 1692 1935 1761 de
1974 1703 2208 1761 toutes
2252 1692 2754 1761 architectures
2795 1692 2970 1761 utile
3012 1714 3150 1761 aux
3192 1703 3751 1782 entrepreneurs,
3797 1714 3935 1761 aux
3977 1692 4297 1761 ouvriers
4340 1703 4409 1761 et
4449 1693 4489 1761 à

708 1829 891 1876 ceux
921 1807 1044 1897 qui
1074 1807 1230 1876 foni
1258 1807 1441 1876 bàtir
1469 1829 1598 1889 ec.,
1631 1807 1848 1889 Paris,
1882 1807 2058 1876 chez
2090 1807 2478 1897 Coignard,
2520 1807 2729 1889 1706,
2762 1807 2836 1875 in
2874 1808 2960 1875 12
2990 1807 3116 1897 fig.

716 1919 851 1976 Con
882 1927 1028 1976 sette
1059 1918 1267 1993 grandi
1296 1919 1496 1976 tavole
1525 1918 1833 1993 intagliate
1862 1918 1924 1975 in
1951 1937 2133 1976 rame:
2168 1937 2352 1993 opera
2379 1927 2549 1976 tratta
2577 1918 2748 1993 quasi
2776 1937 2883 1993 per
2910 1918 3100 1976 intero
3131 1919 3208 1976 da
3235 1919 3436 1993 quella
3464 1918 3525 1976 di
3553 1919 3815 1976 Perrault
3842 1919 3917 1976 de
3949 1918 4351 1976 l’ordonance
4381 1919 4488 1976 des

707 2017 847 2088 cinq
873 2016 1122 2088 espéces
1146 2015 1221 2072 de
1247 2014 1539 2072 colonnes
1563 2014 1734 2072 selon
1761 2014 1820 2072 la
1845 2015 2123 2072 méthode
2148 2015 2256 2072 des
2280 2017 2544 2072 anciens.

469 2211 636 2279 481.
715 2211 984 2279 COSTA
1050 2212 1157 2279 Jo.
1234 2212 1433 2279 Fran.
1512 2221 1795 2292 veneto,
1871 2210 2176 2300 Aliquot
2249 2210 2756 2279 aedificiorum
2830 2210 2919 2279 ad
2992 2211 3394 2279 Grecorum
3467 2210 4135 2300 Romanorumquie
4208 2232 4489 2279 morem

708 2336 1193 2394 extructorum
1224 2325 1590 2394 schemata
1617 2325 1929 2407 inventa,
1964 2347 2268 2415 aereque
2297 2325 2548 2407 incisa,
2581 2325 2655 2393 in
2684 2326 2751 2394 4.

708 2437 933 2508 Queste
958 2455 1080 2494 non
1107 2455 1257 2494 sono
1283 2436 1394 2494 che
1419 2436 1624 2494 dodici
1649 2436 1866 2494 cattive
1890 2437 2091 2494 tavole
2117 2437 2419 2511 all’acqua
2442 2436 2595 2494 forte
2620 2436 2731 2494 che
2756 2455 2878 2494 non
2902 2436 3379 2511 corrispondono
3404 2436 3466 2493 in
3491 2437 3667 2494 alcun
3691 2437 3878 2494 modo
3905 2437 3960 2494 al
3984 2436 4174 2494 titolo.

469 2632 636 2700 482.
672 2632 1132 2713 COURTONE,
1160 2631 1656 2700 Architecture
1686 2631 2053 2713 moderne,
2088 2653 2183 2700 ou
2213 2631 2377 2700 l’art
2406 2631 2496 2700 de
2524 2631 2694 2700 bien
2722 2631 2905 2700 bàtir
2932 2653 3114 2721 pour
3141 2642 3375 2700 toutes
3410 2642 3634 2700 sortes
3667 2631 3756 2700 de
3785 2653 4203 2721 personnes,
4237 2631 4381 2700 vol.
4417 2632 4483 2713 2,

707 2746 781 2814 in
809 2747 877 2828 4,
910 2746 1104 2815 Paris
1144 2747 1352 2828 1728,
1385 2746 1537 2836 fig.,
1571 2746 1749 2815 chez
1778 2746 2118 2815 Jombert.

708 2858 909 2932 Opera
933 2857 1129 2915 divisa
1152 2857 1215 2914 in
1240 2857 1458 2932 cinque
1482 2857 1651 2932 parti,
1679 2857 1722 2914 il
1749 2857 1846 2915 cui
1874 2858 2141 2915 secondo
2168 2858 2413 2915 volume
2439 2858 2472 2915 e
2497 2866 2646 2915 tutto
2673 2866 3025 2915 consecrato
3053 2876 3087 2915 a
3111 2866 3286 2915 cento
3313 2857 3635 2932 cinquanta
3658 2858 3859 2915 tavole
3884 2857 4191 2932 intagliate
4216 2857 4278 2914 in
4301 2876 4483 2915 rame.

706 2954 978 3028 L’epoca
1010 2953 1256 3011 infelice
1290 2954 1390 3028 pel
1426 2962 1601 3028 gusto
1635 2954 1819 3011 rende
1854 2954 2089 3028 l’opera
2122 2953 2183 3011 di
2218 2953 2524 3011 mediocre
2557 2953 2768 3028 pregio
2804 2972 2891 3011 ec.
2929 2954 2977 3010 Il
3011 2972 3193 3011 nome
3228 2953 3289 3011 di
3325 2954 3631 3011 Courtone
3666 2972 3789 3011 non
3823 2954 3856 3011 e
3891 2954 3989 3011 nel
4025 2953 4418 3028 frontespizio
4454 2972 4487 3011 e

707 3050 941 3124 l’opera
964 3050 997 3107 e
1023 3049 1380 3107 annunciata
1404 3049 1703 3117 anonima,
1732 3068 1831 3107 ma
1853 3049 2076 3107 trovasi
2104 3058 2351 3124 segnato
2379 3058 2534 3107 sotto
2561 3050 2773 3107 alcune
2798 3050 2956 3107 delle
2983 3058 3229 3124 stampe.

473 3265 640 3333 483.
676 3265 1077 3333 CRISTIANI
1101 3264 1249 3333 Gir.
1284 3266 1554 3346 Franc,
1588 3264 2025 3333 Dell’utilità
2054 3286 2093 3333 e
2124 3264 2315 3333 della
2344 3264 2806 3333 dilettazione
2837 3264 2950 3333 de’
2989 3264 3311 3333 modelli.
3346 3264 3907 3346 Dissertazione,
3941 3264 4238 3333 Brescia
4275 3264 4484 3346 1765,

707 3379 781 3447 in
809 3380 876 3448 4.

589 3537 688 3542 —
720 3494 1194 3584 Aggiuntovi:
1234 3494 1438 3563 Altra
1471 3494 1988 3563 dissertazione
2021 3516 2147 3584 per
2181 3494 2553 3563 confutare
2588 3494 2656 3563 le
2690 3494 2852 3563 idee
2886 3494 3148 3576 innate,
3186 3494 3356 3563 letta
3388 3494 3462 3562 in
3497 3494 3794 3563 Brescia
3826 3494 3900 3562 in
3933 3494 4488 3563 un’accademia

707 3609 1078 3691 letteraria,
1120 3609 1328 3691 1766,
1361 3609 1483 3678 ivi.

589 3767 688 3772 —
729 3724 1304 3793 Dell’armonica
1343 3724 1825 3814 proporzione
1868 3724 2333 3814 d’applicarsi
2378 3724 2963 3793 all’architettura
3004 3724 3241 3793 civile.
3288 3726 3450 3793 Due
3494 3724 3994 3793 dissertazioni
4038 3724 4404 3814 epistolari
4449 3746 4489 3793 a

706 3841 812 3908 M.
847 3840 934 3908 G.
968 3839 1262 3921 Bottari,
1304 3839 1512 3921 1767,
1545 3839 1667 3908 ivi.

589 3997 688 4002 —
732 3954 1212 4044 Allegazione
1258 3954 1492 4044 legale
1539 3954 1953 4023 idrostatica
1997 3954 2071 4022 in
2116 3976 2259 4023 una
2305 3976 2524 4023 causa
2569 3976 2694 4023 ver
2745 3956 2838 4044 [p.
2893 3954 3011 4037 86]
3064 3965 3255 4023 tente
3300 3965 3404 4023 tra
3448 3954 3499 4022 li
3549 3954 3745 4044 Sigg.
3797 3954 4020 4023 Parisi
4068 3976 4107 4023 e
4154 3954 4366 4023 Colle
4413 3954 4485 4023 di

707 4069 1112 4151 Roveredo,
1154 4070 1362 4151 1771,
1395 4069 1469 4137 in
1497 4070 1565 4151 4,
1598 4069 1720 4138 ivi.

706 4182 879 4238 Tutte
904 4181 1098 4255 legate
1122 4180 1184 4237 in
1208 4199 1288 4238 un
1313 4181 1575 4238 volume.

473 4395 640 4463 484.
679 4395 1099 4476 CRISTIANI,
1130 4396 1442 4463 Trattato
1477 4394 1666 4463 delle
1699 4394 1967 4463 misure
2001 4394 2255 4484 d’ogni
2290 4416 2572 4484 genere,
2611 4394 2893 4463 antiche
2927 4416 2966 4463 e
2999 4394 3365 4463 moderne:
3406 4416 3546 4463 con
3579 4405 3747 4463 note
3780 4394 4130 4463 letterarie
4164 4416 4203 4463 e
4236 4394 4484 4463 fisico-

707 4509 1234 4591 matematiche,
1269 4531 1309 4578 a
1338 4509 1805 4599 giovamento
1836 4509 1908 4578 di
1938 4509 2350 4599 qualunque
2381 4509 2774 4591 architetto,
2807 4511 3044 4578 Roma
3080 4509 3288 4591 1760,
3321 4509 3395 4577 in
3423 4510 3491 4591 4,
3524 4509 3650 4599 fig.

706 4622 879 4678 Tutte
904 4621 960 4678 le
985 4639 1167 4695 opere
1191 4620 1252 4678 di
1277 4629 1489 4695 questo
1517 4639 1755 4678 sommo
1780 4620 2164 4678 matematico
2190 4639 2223 4678 e
2247 4620 2572 4695 ingegnere
2599 4639 2750 4678 sono
2776 4621 2853 4678 da
2875 4620 3093 4678 tenersi
3117 4620 3179 4677 in
3201 4620 3411 4695 pregio
3437 4620 3527 4678 fra
3550 4621 3606 4678 le
3631 4620 3896 4695 migliori
3921 4620 3982 4678 di
4007 4629 4219 4695 questo
4245 4639 4480 4695 genere.

469 4835 636 4904 485.
682 4836 1013 4904 CUENOT
1045 4837 1143 4917 F.,
1188 4835 1400 4904 Livre
1441 4835 1991 4904 d’architectnre
2032 4857 2127 4904 ou
2167 4835 2219 4903 il
2260 4835 2604 4925 enseigne
2644 4835 2715 4904 la
2753 4835 3027 4904 facilité
3068 4835 3157 4904 de
3197 4835 3725 4904 l’architecture
3767 4846 3836 4904 et
3874 4835 3944 4904 la
3981 4835 4356 4904 reduction
4397 4835 4486 4904 de

708 4950 985 5040 chaque
1016 4972 1187 5040 corp
1219 4972 1307 5019 au
1335 4950 1513 5040 petit
1539 4950 1754 5040 pied,
1786 4950 2111 5040 Annissy
2148 4950 2356 5032 1659,
2389 4950 2463 5018 in
2492 4950 2619 5019 fol.
2653 4950 2780 5040 fig.

708 5062 909 5136 Opera
934 5062 989 5119 al
1015 5061 1076 5119 di
1104 5070 1259 5119 sotto
1285 5062 1445 5119 della
1468 5061 1838 5129 mediocrità,
1867 5080 1984 5119 con
2011 5062 2088 5119 30
2114 5062 2314 5119 tavole
2340 5080 2658 5136 compreso
2684 5061 2727 5118 il
2753 5061 3149 5136 frontispizio.
3178 5063 3231 5118 Il
3256 5070 3409 5119 testo
3436 5062 3469 5119 e
3494 5061 3804 5136 intagliato
3830 5061 3892 5118 in
3915 5080 4097 5129 rame,
4126 5080 4243 5119 con
4268 5061 4488 5119 cattiva

707 5157 1049 5232 ortografia,
1077 5157 1419 5215 d’incontro
1446 5158 1561 5215 alle
1585 5158 1803 5215 tavole.

473 5353 640 5422 486.
687 5355 1107 5422 DECHALES
1148 5353 1437 5422 Claudii
1479 5353 1863 5435 Francisci,
1910 5354 2181 5422 Cursus
2228 5375 2354 5422 seu
2396 5353 2707 5422 mundus
2751 5353 3323 5435 mathematicus,
3368 5353 3492 5422 ubi
3536 5353 3625 5422 de
3669 5353 4136 5422 architectura
4177 5353 4377 5422 civili
4421 5364 4490 5422 et

707 5468 1019 5550 militari,
1053 5468 1142 5537 de
1170 5468 1623 5558 perspectiva
1652 5479 1721 5537 et
1750 5468 1909 5550 alia,
1942 5468 2275 5558 Lugduni
2314 5468 2522 5550 1690,
2555 5468 2629 5536 in
2658 5468 2786 5537 fol.
2820 5468 2972 5558 fig.,
3005 5468 3149 5537 vol.
3182 5469 3249 5537 4.

706 5579 958 5637 Trattasi
1005 5579 1067 5636 in
1114 5580 1501 5654 quest’opera
1547 5579 1608 5637 di
1654 5579 2040 5654 prospettiva,
2091 5579 2152 5637 di
2201 5579 2593 5647 architettura,
2644 5580 2742 5637 del
2790 5579 2975 5654 taglio
3024 5580 3182 5637 delle
3228 5579 3434 5654 pietre,
3485 5598 3518 5637 e
3566 5579 3627 5637 di
3674 5588 3824 5637 tutto
3873 5579 3970 5637 ciò
4019 5579 4130 5637 che
4176 5580 4298 5654 può
4348 5598 4488 5637 aver

707 5674 1091 5732 derivazione
1119 5693 1156 5732 o
1187 5674 1449 5732 sussidio
1478 5674 1640 5749 dagli
1671 5674 1827 5732 studi
1855 5674 2238 5732 matematici.
2269 5676 2379 5732 Ma
2405 5675 2570 5732 nulla
2594 5675 2954 5749 potrebbero
2984 5674 3376 5749 apprendervi
3404 5674 3589 5749 quelli
3617 5674 3732 5732 clic
3761 5693 3883 5732 non
3911 5693 4193 5732 avessero
4220 5674 4486 5732 ricevute

705 5771 906 5828 buone
930 5770 1320 5838 instituzioni,
1346 5770 1566 5845 poiché
1591 5770 1688 5828 ciò
1714 5770 1825 5828 che
1848 5770 2126 5845 riguarda
2149 5771 2205 5828 le
2228 5771 2388 5828 belle
2414 5770 2520 5828 arti
2545 5771 2578 5828 e
2603 5789 2749 5828 cosa
2773 5770 3112 5828 accessoria
3135 5789 3168 5828 e
3193 5770 3254 5828 di
3279 5770 3500 5828 cattivo
3526 5779 3719 5845 gusto.

473 5967 640 6035 487.
675 5968 1003 6035 DECKER
1027 5968 1125 6048 P.,
1159 5966 1375 6035 Libro
1407 5966 1943 6035 d’architettura
1973 5966 2211 6048 civile,
2246 5988 2385 6035 ove
2415 5966 2640 6035 molte
2670 5966 3088 6035 invenzioni
3120 5966 3192 6035 di
3222 5966 3501 6056 palazzi
3530 5966 3725 6048 reali,
3761 5966 4087 6056 giardini,
4121 5966 4417 6035 fontane
4448 5988 4487 6035 e

709 6081 863 6150 altri
901 6081 1150 6150 edifici
1190 6103 1371 6150 sono
1409 6081 1832 6150 dimostrati:
1876 6081 2115 6150 diviso
2152 6081 2226 6149 in
2261 6092 2363 6150 tre
2398 6081 2598 6171 parti.
2641 6082 3012 6171 Stampato
3049 6081 3123 6149 in
3158 6082 3490 6171 Augusta
3525 6081 3642 6150 dal
3687 6082 3866 6150 1711
3913 6081 3979 6150 al
4024 6081 4232 6163 1716,
4272 6081 4346 6149 in
4384 6103 4481 6171 gr.

707 6196 834 6265 fol.
868 6196 994 6286 fig.

707 6308 1044 6382 Compreso
1081 6307 1124 6364 il
1162 6307 1554 6382 frontespizio
1593 6307 1871 6382 figurato,
1913 6326 2063 6365 sono
2108 6308 2222 6365 132
2259 6308 2477 6375 tavole,
2517 6308 2675 6365 delle
2711 6307 2873 6382 quali
2911 6308 3123 6365 alcune
3160 6307 3384 6382 doppie
3421 6326 3454 6365 e
3490 6307 3663 6382 triple
3699 6307 3761 6364 in
3797 6308 4148 6382 grandezza.
4190 6308 4391 6382 Opera
4426 6307 4487 6365 di

706 6404 896 6461 molto
922 6404 1130 6461 lavoro
1154 6404 1254 6478 pel
1277 6422 1440 6461 rame
1465 6422 1498 6461 e
1523 6403 1584 6461 di
1609 6412 1785 6478 gusto
1810 6403 2073 6461 infelice.
2101 6405 2187 6461 La
2212 6404 2342 6461 sola
2363 6403 2557 6478 prima
2578 6412 2743 6478 parte
2769 6404 2802 6461 e
2825 6404 3149 6478 preceduta
3172 6404 3249 6461 da
3271 6404 3309 6460 4
3334 6403 3486 6478 fogli
3511 6403 3572 6461 di
3596 6412 3749 6461 testo
3775 6403 3837 6460 in
3861 6403 4067 6478 lingua
4089 6404 4348 6461 tedesca.

2171 6657 2347 6694 WWW.
2358 6637 2734 6710 memofonte.
2748 6639 2791 6694 il
