4958 7017
1981 864 2366 922 Fondazione
2390 838 2775 922 Mernofonte
2800 865 2976 922 onlus

1390 960 1600 1018 Studio
1624 979 1731 1035 per
1754 960 2226 1018 l’elaborazione
2250 960 2632 1018 informatica
2655 961 2813 1018 delle
2838 960 2991 1018 fonti
3018 960 3571 1018 storico—artistiche

712 1248 880 1305 l’una
902 1247 965 1304 in
987 1247 1285 1322 principio
1311 1266 1344 1305 e
1369 1248 1485 1305 due
1511 1248 1566 1305 al
1591 1247 1716 1305 fine
1742 1248 1840 1305 del
1865 1248 2126 1305 volume.
2155 1249 2241 1305 La
2264 1247 2512 1305 materia
2535 1247 2595 1305 vi
2620 1248 2653 1305 e
2678 1248 3045 1305 dottamente
3070 1247 3342 1305 esaurita.

483 1443 690 1512 1618.
725 1444 1100 1512 CASSIANI
1122 1443 1328 1525 Pieri,
1361 1445 1473 1512 De
1504 1443 1720 1512 calidi
1749 1454 1961 1533 potus
1994 1443 2183 1533 apud
2211 1454 2488 1512 veteres
2518 1465 2654 1512 usu
2684 1443 3011 1533 epistola,
3044 1443 3422 1512 Bononiae
3460 1443 3669 1525 1606,
3702 1443 3776 1511 in
3804 1444 3872 1525 4,
3904 1465 4098 1533 parv.

483 1654 690 1724 1619.
730 1655 1250 1723 CAVALLUCCI
1277 1654 1678 1736 Vincenzo,
1716 1654 1856 1723 Del
1890 1654 2113 1723 modo
2149 1654 2221 1723 di
2255 1654 2486 1744 tinger
2519 1654 2589 1723 la
2620 1676 2929 1744 porpora
2962 1654 3156 1744 degli
3193 1654 3480 1736 antichi,
3519 1654 3821 1744 Perugia
3862 1654 4070 1736 1786,
4108 1654 4182 1722 in
4217 1665 4483 1736 ottavo,

711 1771 817 1838 M.
852 1769 967 1838 63.

483 1980 690 2049 1620.
733 1981 1079 2062 CAYLUS,
1120 1980 1438 2049 Tableau
1475 1980 1605 2049 tire
1643 1980 1732 2049 de
1769 1980 2075 2062 l’Iliade,
2117 1980 2206 2049 de
2243 1980 2617 2049 l’Odissèe
2655 1980 3055 2049 d’Homere
3094 1991 3163 2049 et
3199 1980 3288 2049 de
3325 1980 3660 2049 l’Enéide
3698 1980 3787 2049 de
3824 1980 4103 2070 Virgile
4143 2002 4319 2049 avec
4358 1980 4484 2049 des

713 2095 1211 2164 observations
1244 2095 1613 2185 generales
1647 2117 1765 2164 sur
1792 2095 1897 2164 les
1929 2096 2328 2177 coùtumes,
2361 2095 2555 2164 Paris
2595 2095 2804 2177 1706,
2837 2095 2911 2163 in
2944 2096 3006 2164 8.

483 2305 690 2374 1621.
725 2306 1025 2374 CENALI
1047 2307 1119 2374 P.
1153 2305 1470 2387 Roberti,
1504 2307 1616 2374 De
1645 2327 1815 2374 vera
1842 2327 2359 2387 mensurarum,
2391 2305 2938 2395 ponderumque
2966 2305 3262 2387 ratione,
3295 2305 3585 2374 Parisiis
3625 2305 3833 2387 1547,
3866 2305 3940 2373 in
3973 2306 4035 2374 8.

711 2416 1004 2474 Edizione
1034 2416 1310 2474 dedicata
1339 2435 1373 2474 a
1400 2418 1733 2474 Francesco
1763 2418 1788 2473 I
1818 2435 1851 2474 e
1881 2416 2133 2491 copiosa
2159 2435 2266 2491 per
2294 2417 2350 2474 le
2377 2416 2666 2474 relazioni
2696 2416 2807 2474 che
2839 2416 2888 2474 si
2917 2425 3168 2474 trovano
3199 2416 3289 2474 fra
3317 2417 3447 2474 loro
3478 2416 3576 2474 dei
3606 2416 3731 2474 vari
3759 2416 3909 2491 pesi,
3942 2435 3975 2474 e
4005 2416 4227 2474 misure
4257 2416 4318 2474 di
4348 2417 4487 2491 quel

711 2521 915 2587 tempo
939 2531 1149 2587 presso
1175 2512 1397 2570 diversi
1420 2512 1649 2587 popoli.

483 2708 690 2777 1622.
733 2709 1035 2777 CERVIO
1068 2708 1467 2777 Vincenzo.
1511 2708 1566 2776 Il
1602 2708 1977 2777 trinciante
2016 2708 2359 2798 ampliato
2398 2730 2437 2777 e
2474 2708 2737 2777 ridotto
2775 2708 2849 2776 in
2885 2708 3303 2798 perfezione
3341 2708 3458 2777 dal
3497 2709 3673 2777 Cav.
3715 2708 3938 2777 Reale
3975 2708 4376 2777 fuoruscito
4415 2708 4487 2777 di

711 2823 956 2905 Narni,
989 2823 1334 2905 Venezia,
1366 2845 1617 2913 presso
1649 2823 1749 2913 gli
1780 2823 1973 2892 eredi
2004 2823 2076 2892 di
2107 2823 2272 2892 Gio.
2306 2823 2633 2905 Varisco,
2675 2823 2884 2905 1593,
2917 2823 2991 2891 in
3019 2824 3087 2905 4,
3119 2823 3258 2913 pic.

712 2935 847 2992 Con
871 2935 987 2992 due
1011 2935 1229 2992 tavole.
1257 2934 1521 2992 Libretto
1547 2935 2023 3009 elegantemente
2051 2943 2344 3009 stampato
2370 2953 2403 2992 e
2430 2934 2730 3009 singolare
2753 2953 2860 3009 per
2883 2935 2939 2992 le
2963 2934 3186 2992 notizie
3211 2935 3306 2992 de’
3338 2934 3597 2992 costumi
3622 2953 3655 2992 e
3680 2934 3778 2992 dei
3802 2934 4005 3009 tempi.

479 3130 686 3199 1623.
729 3131 1194 3212 CHAMBERS,
1229 3130 1509 3220 Design
1547 3130 1632 3199 of
1663 3130 1980 3199 Chinese
2015 3130 2383 3220 buildings
2422 3130 2787 3212 furniture,
2829 3130 3133 3212 dresses,
3174 3130 3546 3199 machines
3587 3130 3726 3199 and
3761 3130 4085 3212 utensils,
4127 3130 4487 3220 engraved

710 3245 808 3335 by
843 3247 936 3335 [p.
971 3246 1142 3328 281]
1178 3245 1297 3314 the
1324 3245 1485 3314 best
1511 3245 1739 3314 hands
1770 3245 1961 3314 from
1988 3245 2107 3314 the
2137 3245 2503 3335 originals,
2537 3245 2782 3314 drawn
2811 3245 2885 3313 in
2915 3245 3170 3327 China,
3203 3245 3509 3314 London
3547 3245 3756 3327 1753,
3789 3245 3863 3313 in
3892 3245 4019 3314 fol.
4053 3245 4179 3335 fig.

714 3356 878 3413 Sono
911 3356 977 3412 11
1008 3356 1208 3413 tavole
1231 3356 1350 3413 ben
1373 3355 1679 3430 intagliate
1705 3356 1854 3413 oltre
1878 3374 1958 3413 un
1982 3356 2214 3423 elenco,
2241 3374 2359 3413 una
2380 3355 2731 3430 prefazione
2756 3374 2789 3413 e
2821 3356 2892 3414 19
2916 3355 3135 3430 pagine
3160 3355 3654 3413 d’illustrazione.

479 3570 686 3639 1624.
744 3571 1110 3639 CIACONII
1155 3570 1339 3639 Petri
1392 3570 1743 3652 Toletani,
1800 3570 2174 3660 Opuscula
2224 3570 2298 3638 in
2351 3570 2716 3639 Columna
2765 3581 3063 3639 rostrata
3113 3570 3681 3660 inscriptionem,
3738 3570 3827 3639 de
3878 3570 4341 3660 ponderibus,
4398 3570 4487 3639 de

712 3685 1090 3767 mensuris,
1124 3685 1213 3754 de
1242 3685 1582 3767 nummis,
1615 3687 1894 3754 Romae
1932 3685 2140 3767 1608,
2173 3685 2247 3753 in
2280 3686 2342 3754 8.

713 3796 925 3868 Questi
955 3796 1233 3871 opuscoli
1266 3815 1416 3854 sono
1445 3796 1731 3871 postumi,
1762 3796 1982 3871 poiché
2011 3815 2133 3854 non
2163 3815 2343 3854 erano
2377 3796 2509 3854 stati
2540 3796 2697 3854 finiti
2729 3797 3086 3854 dall’autore
3116 3815 3149 3854 e
3178 3797 3526 3854 nullameno
3557 3815 3821 3854 vennero
3852 3796 3950 3854 dai
3980 3796 4129 3854 dotti
4160 3796 4488 3871 applauditi

710 3911 817 3967 per
840 3892 1232 3950 l’estensione
1257 3893 1415 3950 delle
1440 3892 1788 3967 cognizioni
1813 3892 1924 3950 che
1947 3892 2374 3950 racchiudono.

487 4107 694 4176 1625.
736 4108 1101 4176 CIACONII
1131 4107 1315 4176 Petri
1352 4107 1703 4189 Toletani,
1743 4109 1855 4176 De
1890 4107 2225 4189 triclinio,
2266 4108 2457 4176 Cum
2494 4107 2892 4197 appendice
2928 4107 3163 4176 Fulvii
3199 4107 3445 4176 Ursini
3484 4118 3553 4176 et
3587 4107 3993 4176 Hieronimi
4029 4107 4485 4176 Mercurialis

713 4222 802 4291 de
833 4222 1166 4291 accubitu
1195 4222 1269 4290 in
1299 4244 1522 4291 caena
1552 4222 2028 4312 antiquorum,
2060 4222 2595 4291 Amstelodami
2634 4222 2842 4304 1664,
2875 4222 2949 4290 in
2987 4223 3095 4304 12,
3128 4222 3254 4312 fig.

707 4334 842 4391 Con
866 4334 922 4391 le
946 4334 1147 4391 tavole
1173 4334 1225 4391 a’
1257 4333 1466 4408 luoghi
1490 4333 1737 4391 indicati
1762 4334 1860 4391 dal
1884 4342 2055 4391 testo.

479 4529 686 4598 1626.
737 4530 1024 4598 CIAMPI
1065 4529 1514 4611 Sebastiano,
1565 4529 1820 4598 Statuti
1869 4529 2183 4598 suntuari
2228 4529 2564 4598 ricordati
2611 4529 2728 4598 dal
2773 4529 3046 4598 Villani
3094 4529 3285 4598 circa
3328 4529 3380 4597 il
3425 4529 3765 4598 vestiario
3812 4529 4001 4598 delle
4048 4529 4287 4598 donne
4334 4551 4373 4598 e
4418 4529 4487 4598 le

711 4666 980 4734 pompe
1009 4644 1277 4713 nuziali
1308 4666 1347 4713 e
1376 4644 1703 4726 funerali,
1738 4644 1882 4713 dati
1912 4644 1986 4712 in
2015 4644 2177 4713 luce
2207 4666 2346 4713 con
2377 4644 2859 4726 annotazioni,
2892 4644 3057 4713 Pisa
3093 4644 3301 4726 1815,
3334 4644 3408 4712 in
3436 4645 3504 4726 4,
3536 4646 3642 4713 M.
3677 4644 3791 4713 25.

479 4854 686 4923 1627.
728 4855 1207 4923 CICOGNARA
1242 4854 1644 4944 Leopoldo,
1684 4856 1902 4923 Prose
1938 4854 2012 4922 in
2049 4854 2437 4923 occasione
2475 4854 2547 4923 di
2584 4854 2779 4923 varie
2817 4854 3422 4923 acclamatissime
3458 4876 3709 4936 nozze,
3752 4854 4027 4944 seguite
4063 4854 4137 4922 in
4173 4854 4484 4936 Padova,

713 4991 852 5038 ove
886 4969 945 5038 si
976 4980 1180 5038 tratta
1210 4969 1401 5038 della
1433 4971 1725 5051 Grazia,
1759 4969 1908 5038 dell
1923 4971 2476 5038 ’Acconciatara
2507 4969 2628 5038 del
2658 4993 2847 5057 capo
2862 4969 3290 5058 femminile,
3326 4991 3365 5038 e
3397 4969 3588 5038 della
3615 4972 4129 5051 Persuasione,
4164 4969 4489 5038 Venezia

721 5085 929 5166 1818,
962 5084 1036 5152 in
1064 5085 1131 5153 4.

715 5195 1008 5253 Edizione
1033 5195 1094 5253 di
1126 5196 1240 5253 100
1266 5195 1601 5270 esemplari.

479 5391 686 5460 1628.
721 5392 1166 5460 COLLESCHI
1193 5393 1616 5473 Francesco,
1649 5391 2189 5460 Dissertazione
2221 5391 2403 5460 sulle
2431 5402 2639 5481 poste
2669 5391 2862 5481 degli
2894 5391 3181 5473 antichi,
3214 5391 3511 5460 Firenze
3549 5391 3757 5473 1746,
3790 5391 3864 5459 in
3897 5392 3959 5460 8.

479 5602 686 5672 1629.
725 5603 1182 5671 COLUMNAE
1213 5602 1415 5671 Fabii
1448 5602 1743 5692 Lyncei,
1780 5604 1892 5671 De
1924 5624 2253 5692 purpura,
2291 5602 2746 5692 opusculum,
2783 5624 2972 5671 nunc
3006 5602 3264 5671 iterum
3296 5602 3441 5671 luci
3475 5602 3721 5671 datum
3754 5624 3972 5692 opera
4004 5613 4073 5671 et
4107 5602 4344 5671 studio
4376 5604 4482 5671 Io.

712 5717 1039 5786 Danielis
1070 5717 1387 5799 maioris,
1421 5717 1660 5786 Kiliae
1699 5717 1907 5799 1675,
1940 5717 2014 5785 in
2042 5718 2110 5799 4,
2142 5739 2336 5807 parv.

711 5830 846 5886 Due
884 5828 1109 5903 piccoli
1149 5828 1463 5886 volumetti
1503 5828 1684 5903 legati
1726 5828 2004 5896 assieme;
2046 5829 2144 5886 nel
2187 5829 2453 5886 secondo
2494 5829 2589 5886 de’
2636 5828 2798 5903 quali
2840 5837 2928 5886 sta
2965 5828 3008 5885 il
3048 5828 3381 5886 dizionario
3422 5828 3886 5903 ostracologico;
3928 5847 4050 5886 non
4087 5829 4209 5903 può
4250 5828 4486 5886 vedersi

712 5924 1073 5982 esecuzione
1098 5924 1203 5999 più
1229 5933 1417 5982 esatta
1442 5943 1475 5982 e
1501 5924 1606 5999 più
1632 5925 1905 5999 elegante
1933 5925 2091 5982 delle
2117 5925 2318 5982 tavole
2344 5924 2406 5981 in
2433 5925 2632 5999 legno,
2662 5924 2723 5982 di
2751 5924 2848 5982 cui
2875 5925 2908 5982 è
2935 5933 3143 5982 ornato
3171 5933 3384 5999 questo
3412 5924 3584 5982 libro:
3616 5943 3716 5982 ma
3741 5925 3800 5982 la
3823 5924 4091 5999 pessima
4116 5933 4276 5982 carta
4300 5924 4363 5981 in
4389 5924 4487 5982 cui

712 6020 745 6077 e
772 6028 1065 6094 stampato
1089 6020 1272 6077 rende
1297 6019 1626 6077 l’edizione
1649 6038 1809 6094 poco
1836 6019 2264 6094 appariscente.

483 6215 690 6284 1630.
736 6217 1117 6284 DAMMAN
1153 6215 1620 6297 Hadr-Gand,
1666 6215 1955 6305 Imperii
1999 6237 2081 6284 ac
2126 6215 2508 6284 sacerdotii
2551 6226 2838 6284 ornatus
2882 6215 3328 6284 diversarum
3370 6215 3695 6305 gentium
3734 6215 4117 6305 peculiaris
4160 6215 4484 6297 vestitus,

713 6330 1134 6412 excudebat,
1166 6330 1338 6399 Abr.
1373 6330 1617 6412 Bruin,
1651 6330 1965 6399 Colonia
2001 6330 2209 6412 1578,
2242 6330 2316 6398 in
2344 6331 2412 6412 4,
2445 6330 2571 6420 fig.

714 6442 878 6499 Sono
912 6442 991 6498 24
1025 6442 1081 6499 le
1113 6442 1314 6499 tavole
1347 6441 1445 6499 dei
1479 6441 1739 6499 costumi
1772 6441 1939 6499 civili
1972 6441 2269 6516 imperiali
2303 6460 2336 6499 e
2369 6441 2448 6499 26
2482 6442 2682 6516 quelle
2716 6441 2814 6499 dei
2847 6441 3106 6499 costumi
3138 6441 3409 6516 religiosi
3443 6441 3600 6499 assai
3632 6442 3787 6499 bene
3820 6441 4131 6516 disegnate
4164 6442 4240 6499 ed
4272 6441 4481 6499 incise:

2171 6657 2347 6694 WWW.
2358 6637 2734 6710 memofonte.
2748 6639 2766 6694 i
2770 6648 2791 6694 t
