4958 7017
1981 864 2366 922 Fondazione
2390 864 2775 922 Memofonte
2800 865 2976 922 onlus

1390 960 1600 1018 Studio
1624 979 1731 1035 per
1754 960 2226 1018 l’elaborazione
2250 960 2632 1018 informatica
2655 961 2813 1018 delle
2838 960 2991 1018 fonti
3018 960 3571 1018 storico—artistiche

474 1248 655 1306 2891.
687 1249 939 1304 KEDERI
962 1247 1222 1315 Nicolai,
1251 1247 1504 1305 Nummi
1532 1247 1760 1322 aliquot
1785 1247 2007 1305 diversi
2032 1247 2530 1322 praestantissimi
2557 1266 2633 1305 ex
2660 1256 2923 1322 argento,
2952 1266 3171 1322 nempe
3197 1249 3271 1305 X.
3303 1247 3459 1315 Olai,
3492 1247 3670 1305 Sveci
3696 1249 3738 1305 I.
3769 1247 4015 1305 Anundi
4042 1247 4412 1315 Carbonarii,
4441 1249 4484 1305 I.

707 1343 970 1418 Haquini
995 1343 1157 1411 Rufi,
1184 1345 1226 1401 I.
1257 1343 1555 1401 Svenonis
1579 1343 1775 1401 bifida
1796 1344 1982 1401 barba
2003 1343 2235 1401 Daniae
2258 1343 2416 1418 regis
2442 1352 2574 1411 etc.,
2602 1343 2843 1418 Lipsiae
2875 1343 3050 1411 1706,
3077 1343 3139 1400 in
3162 1344 3219 1411 4,
3247 1343 3373 1418 fig.,
3400 1345 3488 1401 M.
3524 1344 3614 1401 12.

712 1440 847 1497 Con
872 1439 905 1497 5
933 1440 1133 1497 tavole
1157 1439 1464 1514 intagliate
1488 1439 1550 1496 in
1572 1458 1755 1497 rame.

474 1632 655 1690 2892.
684 1633 937 1688 KEDERI
958 1631 1218 1699 Nicolai,
1245 1633 1339 1689 De
1365 1640 1609 1706 argento
1633 1631 1796 1689 runis
1824 1650 1930 1689 seu
1954 1631 2139 1689 literis
2165 1631 2423 1706 gothicis
2448 1631 2755 1706 insignito,
2782 1631 3024 1706 Lipsiae
3056 1632 3231 1699 1703,
3258 1631 3320 1688 in
3343 1632 3400 1699 4,
3428 1631 3468 1689 f.
3495 1633 3583 1689 M.
3619 1632 3709 1689 12.

716 1727 851 1784 Con
874 1745 993 1784 una
1015 1727 1218 1784 tavola
1240 1726 1302 1783 in
1324 1745 1506 1784 rame.

474 1919 655 1977 2893.
684 1920 937 1975 KEDERI
958 1918 1218 1986 Nicolai,
1245 1920 1455 1976 Runae
1479 1918 1541 1975 in
1564 1918 1828 1976 nummis
1855 1918 2104 1976 vetustis
2129 1918 2426 1986 inventae,
2454 1918 2695 1993 Lipsiae
2727 1919 2902 1986 1704,
2929 1918 2991 1975 in
3014 1919 3071 1986 4,
3098 1920 3186 1976 M.
3222 1919 3311 1976 12.

479 2112 557 2185 [p.
587 2110 687 2180 66]

474 2302 655 2360 2894.
684 2303 952 2369 KEDERI,
979 2303 1280 2359 Nummus
1307 2320 1519 2359 aureus
1543 2320 1813 2376 perrarus
1840 2301 2133 2359 Othinum
2158 2301 2345 2376 signa,
2373 2310 2431 2359 et
2453 2301 2679 2359 indicia
2702 2301 3012 2369 exhibens,
3039 2301 3201 2376 Lips.
3237 2302 3412 2369 1722,
3439 2301 3500 2358 in
3523 2302 3580 2369 4,
3607 2303 3695 2359 M.
3731 2302 3821 2359 12.

715 2399 801 2455 La
824 2397 1127 2472 medaglia
1150 2398 1183 2455 è
1207 2397 1516 2472 intagliata
1538 2398 1637 2455 nel
1662 2397 2073 2472 frontespizio.

474 2589 655 2648 2895.
685 2591 911 2646 KHELL
933 2589 1198 2664 Josephi,
1225 2589 1533 2664 Epistolae
1558 2590 1711 2647 duae
1736 2590 1811 2647 de
1836 2589 2090 2647 totidem
2112 2589 2376 2647 nummis
2404 2589 2605 2647 aeneis
2631 2589 3151 2664 Nummophilacii
3176 2589 3520 2657 Haveriani,
3547 2589 3951 2647 Vindobonae
3983 2589 4158 2657 1761,
4185 2589 4247 2646 in
4271 2590 4328 2657 4,
4356 2589 4483 2664 fig.,

706 2687 794 2743 M.
830 2686 920 2743 17.

474 2876 655 2935 2896.
690 2878 916 2933 KHELL
942 2876 1207 2951 Josephi,
1239 2878 1333 2934 De
1363 2876 1725 2934 numismate
1755 2876 2015 2951 Augusti
2047 2895 2226 2934 aureo
2257 2876 2490 2934 formae
2520 2895 2676 2934 max.
2710 2895 2785 2934 ex
2812 2876 3124 2934 ruderibus
3155 2876 3481 2934 Herculani
3511 2885 3677 2934 eruto
3708 2876 3967 2944 libellus,
3999 2876 4274 2934 Viennae
4311 2876 4485 2944 1765,

706 2972 768 3029 in
791 2973 847 3030 4.

474 3165 655 3223 2897.
698 3166 924 3221 KHELL
958 3164 1223 3239 Josephi,
1264 3164 1689 3239 Appendicula
1726 3165 1908 3222 altera
1945 3165 2020 3222 ad
2056 3164 2421 3222 numismata
2457 3183 2673 3239 graeca
2707 3165 3073 3239 populorum
3108 3173 3166 3222 et
3202 3164 3441 3222 urbium
3478 3183 3512 3222 a
3548 3165 3777 3222 Jacobo
3817 3165 4088 3222 Gesnero
4126 3165 4242 3222 tab.
4285 3164 4486 3222 aeneis

705 3269 1160 3335 repraesentata,
1187 3260 1591 3318 Vindobonae
1623 3260 1798 3328 1764,
1825 3260 1887 3317 in
1910 3261 1967 3328 4,
1995 3260 2121 3335 fig.,
2148 3262 2236 3318 M.
2272 3261 2362 3318 17.

703 3356 838 3413 Con
861 3356 899 3412 4
924 3356 1124 3413 tavole
1148 3355 1455 3430 intagliate
1479 3355 1541 3412 in
1563 3374 1746 3413 rame.

474 3548 655 3606 2898.
704 3549 1200 3605 KHEVENULLER
1241 3547 1544 3605 Francisci
1588 3547 1856 3615 Antonii,
1903 3549 2142 3622 Regum
2185 3556 2455 3605 veterum
2497 3547 2861 3605 numismata
2904 3548 3198 3605 anecdota
3241 3556 3339 3605 aut
3379 3566 3616 3622 perrara
3657 3547 3814 3605 notis
3858 3547 4165 3615 illustrata,
4211 3547 4486 3605 Viennae

706 3643 1002 3711 Austriae,
1029 3643 1092 3700 in
1115 3644 1172 3711 4,
1200 3643 1305 3718 fig.

721 3740 922 3814 Opera
948 3748 1469 3814 apparentemente
1497 3739 1803 3814 giovanile
1829 3739 1891 3796 in
1917 3739 2242 3797 occasione
2269 3739 2330 3797 di
2355 3739 2626 3814 pubblici
2653 3739 2844 3797 esami
2872 3740 2927 3797 al
2953 3739 3205 3797 termine
3232 3740 3542 3797 dell’anno
3572 3739 3913 3797 scolastico:
3945 3758 4062 3797 con
4087 3748 4172 3797 tre
4198 3740 4399 3797 tavole
4426 3739 4487 3797 di

706 3835 1028 3910 medaglie;
1057 3854 1156 3893 ma
1182 3835 1708 3893 sostanzialmente
1733 3835 1838 3910 poi
1861 3835 2178 3910 profonda,
2205 3835 2424 3910 poiché
2450 3836 2548 3893 del
2572 3854 2629 3910 p.
2657 3837 2906 3893 Erasmo
2932 3835 3207 3893 Froelich
3230 3835 3594 3910 professore,
3622 3835 3665 3892 il
3691 3836 3866 3910 quale
3893 3836 4114 3893 all’uso
4141 3835 4239 3893 dei
4265 3835 4487 3910 collegi

706 3939 968 3988 metteva
991 3931 1226 4005 l’opera
1249 3949 1282 3988 e
1307 3930 1390 4005 gli
1416 3930 1618 3988 alunni
1641 3939 2000 4005 prestavano
2025 3930 2068 3987 il
2092 3949 2291 3988 nome.
2319 3931 2367 3987 Il
2392 3930 2503 3988 che
2528 3931 2690 3988 dallo
2718 3939 3077 4005 stampatore
3102 3931 3135 3988 e
3159 3930 3423 3988 indicato
3448 3930 3510 3987 in
3534 3949 3615 3988 un
3640 3930 3851 3988 avviso
3878 3931 3933 3988 al
3958 3931 4184 3988 lettore.

474 4123 655 4181 2899.
684 4124 1007 4180 KIRCHERI
1029 4122 1362 4190 Athanasii,
1390 4122 1780 4197 Archetypon
1802 4122 2138 4197 politicum,
2168 4122 2296 4180 sive
2323 4122 2615 4197 sapientia
2636 4122 2953 4197 regnatrix,
2980 4123 3368 4180 Amsterdam
3397 4122 3572 4190 1672,
3599 4122 3661 4179 in
3684 4123 3741 4190 4,
3769 4122 3873 4197 fig.

706 4220 773 4275 In
801 4219 1188 4293 quest’opera
1214 4218 1257 4275 il
1287 4218 1596 4286 Kirchero,
1630 4218 1960 4293 spiegando
1989 4237 2070 4276 un
2098 4218 2482 4293 medaglione
2514 4218 2814 4293 singolare
2843 4218 3083 4276 coniato
3112 4219 3210 4276 nel
3238 4220 3383 4276 XVI
3414 4219 3620 4276 secolo
3648 4237 3754 4293 per
3781 4218 3990 4276 ordine
4019 4218 4080 4276 di
4108 4218 4345 4293 Filippo
4373 4220 4426 4275 II
4456 4237 4490 4276 a

708 4315 975 4372 Onorato
1011 4314 1261 4372 Ioannio
1298 4314 1608 4372 marchese
1644 4314 1705 4372 di
1741 4315 2064 4382 Centellas,
2102 4323 2260 4372 tesse
2296 4315 2354 4372 la
2387 4314 2595 4372 istoria
2629 4315 2966 4372 dell’uomo
3002 4314 3230 4372 illustre
3266 4314 3377 4372 che
3413 4314 3673 4372 divenne
3708 4314 4043 4372 institutore
4079 4315 4177 4372 del
4212 4314 4487 4389 Principe

706 4411 892 4468 Reale
917 4410 1097 4468 Cario
1122 4412 1207 4468 VI
1232 4410 1407 4485 figlio
1433 4411 1531 4468 del
1555 4412 1644 4468 Re
1669 4429 1702 4468 e
1726 4411 1893 4485 parla
1916 4410 2014 4468 dei
2039 4410 2177 4468 fasti
2202 4410 2263 4468 di
2288 4411 2489 4485 quella
2512 4410 2788 4485 famiglia
2811 4410 3258 4468 diffusamente.

474 4602 655 4660 2900.
687 4603 957 4659 KLOTZII
982 4601 1269 4676 Adolphi,
1301 4602 1612 4676 Opuscula
1637 4601 1973 4659 nummaria
1998 4601 2216 4676 quibus
2236 4601 2387 4676 juris
2416 4601 2643 4676 antiqui
2670 4601 3074 4676 historiaeque
3100 4602 3390 4659 nonnulla
3416 4601 3614 4676 capita
3639 4601 4027 4676 explicantur,
4058 4602 4248 4659 Halae
4274 4602 4483 4676 Magd.

714 4698 889 4765 1772,
915 4697 977 4754 in
1004 4698 1057 4765 8,
1084 4699 1172 4755 M.
1200 4698 1297 4755 47.

704 4794 905 4868 Opera
930 4793 1285 4861 dottissima,
1315 4793 1426 4851 che
1453 4793 1754 4851 estendesi
1783 4793 2211 4868 specialmente
2240 4794 2391 4851 sulle
2418 4802 2659 4851 monete
2686 4793 3038 4851 calunniose
3065 4812 3098 4851 e
3127 4793 3403 4851 satiriche
3430 4812 3463 4851 e
3492 4812 3560 4851 su
3587 4793 3716 4851 altri
3741 4793 3909 4868 punti
3936 4793 3997 4851 di
4024 4793 4244 4861 diritto;
4274 4812 4307 4851 e
4336 4794 4488 4851 sulla

706 4889 1005 4947 necessità
1028 4890 1186 4947 delle
1211 4898 1469 4947 monete.

474 5081 655 5139 2901.
684 5082 1007 5138 KOBHLER
1029 5081 1175 5138 Jean
1198 5080 1416 5148 David,
1443 5082 1813 5155 Remarques
1841 5099 1939 5138 sur
1962 5081 2049 5138 les
2075 5080 2389 5138 medailles
2415 5089 2474 5138 et
2497 5081 2584 5138 les
2610 5099 2966 5155 monnoyes,
2995 5099 3029 5138 a
3051 5080 3257 5138 Berlin
3288 5081 3463 5148 1740,
3489 5080 3551 5137 in
3574 5081 3631 5148 4,
3659 5080 3763 5155 fig.

717 5177 1137 5251 Quest’opera,
1175 5176 1371 5234 divisa
1403 5176 1465 5233 in
1499 5177 1615 5234 due
1648 5176 1817 5251 parti,
1854 5195 1976 5234 non
2008 5176 2285 5251 riguarda
2318 5176 2429 5234 che
2464 5176 2835 5251 medaglioni
2870 5176 3161 5234 moderni:
3201 5176 3479 5234 contiene
3517 5177 3549 5234 8
3586 5177 3786 5234 tavole
3820 5176 4126 5251 intagliate
4160 5176 4222 5233 in
4254 5195 4418 5234 rame
4453 5195 4486 5234 e

706 5273 892 5330 molte
915 5273 1075 5330 belle
1100 5291 1133 5330 e
1160 5272 1445 5347 singolari
1469 5272 1693 5330 notizie
1717 5272 2000 5330 istoriche
2026 5272 2215 5330 anche
2238 5272 2486 5330 relative
2512 5272 2632 5347 agli
2658 5272 2859 5330 artisti.

479 5466 557 5539 [p.
587 5464 687 5534 67]

474 5656 655 5714 2902.
682 5657 897 5713 LANDI
920 5655 1276 5723 Constantii,
1303 5657 1370 5712 In
1395 5664 1666 5713 veterum
1688 5655 2121 5713 numismatum
2142 5674 2531 5713 romanorum
2554 5655 2945 5713 miscellanea
2968 5655 3422 5730 explicationes,
3449 5655 3727 5730 Lugduni
3759 5655 3934 5723 1560,
3961 5655 4023 5712 in
4046 5656 4103 5723 4,
4130 5657 4218 5713 M.
4247 5655 4344 5714 96.

715 5751 912 5809 Prima
940 5751 1219 5809 edizione
1251 5770 1432 5809 senza
1460 5752 1516 5809 le
1546 5752 1765 5819 tavole,
1798 5770 1897 5809 ma
1925 5752 2002 5809 da
2028 5751 2318 5826 pregiarsi
2346 5770 2453 5826 per
2481 5752 2539 5809 la
2567 5751 2943 5809 descrizione
2973 5770 3006 5809 e
3034 5751 3441 5826 provenienza
3469 5751 3530 5809 di
3560 5751 3845 5809 ciascuna
3874 5751 4177 5826 medaglia
4205 5770 4238 5809 e
4266 5751 4487 5826 poiché

705 5847 885 5922 piena
918 5847 979 5905 di
1014 5847 1362 5922 cognizioni
1396 5847 1633 5905 intorno
1670 5847 1790 5922 agli
1828 5847 1983 5905 studi
2018 5847 2427 5905 numismatici
2462 5847 2523 5905 di
2558 5848 2848 5922 quell’età
2881 5847 2993 5905 che
3028 5866 3150 5905 non
3184 5866 3365 5905 erano
3401 5847 3591 5915 molti,
3629 5848 3889 5905 essendo
3924 5856 4068 5905 tutte
4104 5848 4160 5905 le
4195 5847 4487 5905 memorie

707 5944 865 6001 delle
890 5952 1130 6001 monete
1155 5952 1350 6001 estese
1376 5962 1410 6001 a
1433 5943 1607 6018 guisa
1630 5943 1691 6001 di
1715 5943 2067 6011 narrazioni,
2095 5962 2132 6001 o
2158 5943 2219 6001 di
2244 5943 2499 6018 epistole
2525 5962 2559 6001 a
2582 5943 2836 6018 qualche
2863 5962 2972 6001 suo
2998 5944 3165 6001 dotto
3191 5952 3717 6018 contemporaneo.

474 6135 655 6193 2903.
686 6136 901 6192 LANDI
928 6134 1284 6202 Constantii,
1317 6134 1716 6192 Selectiorum
1741 6134 2175 6192 numismatum
2199 6134 2522 6209 praecipue
2548 6153 2936 6192 romanorum
2963 6134 3393 6209 expositiones,
3425 6134 3704 6209 Lugduni
3731 6136 4100 6192 Batavorum
4133 6134 4308 6202 1695,
4338 6134 4400 6191 in
4427 6135 4484 6202 4,

707 6230 983 6305 figurato.

718 6327 996 6384 Seconda
1035 6345 1068 6384 e
1107 6326 1375 6401 pregiata
1414 6326 1693 6384 edizione
1734 6335 1961 6384 mutato
2002 6326 2045 6383 il
2085 6326 2277 6384 titolo:
2323 6327 2472 6384 oltre
2512 6326 2555 6383 il
2597 6326 2990 6401 frontespizio
3032 6326 3291 6401 figurato
3335 6326 3546 6384 sonavi
3586 6326 3663 6384 45
3707 6327 3908 6384 tavole
3947 6327 4066 6384 ben
4105 6326 4412 6401 intagliate
4454 6345 4487 6384 e

707 6422 1035 6480 l’edizione
1063 6423 1096 6480 e
1123 6422 1186 6479 in
1213 6422 1357 6497 ogni
1387 6441 1494 6480 sua
1518 6431 1683 6497 parte
1712 6431 1986 6480 accurata
2012 6441 2129 6480 con
2154 6423 2314 6480 belle
2341 6422 2736 6480 illustrazioni
2764 6423 2840 6480 ed
2866 6422 3186 6480 utilissime
3216 6441 3393 6497 sopra
3418 6431 3566 6480 tutto
3593 6441 3700 6497 per
3726 6423 3782 6480 le
3811 6422 4097 6497 allegorie
4125 6422 4223 6480 dei
4249 6422 4487 6480 rovesci

2171 6657 2347 6694 WWW.
2358 6637 2734 6710 memofonte.
2748 6639 2791 6694 il
