4958 7017
1981 864 2366 922 Fondazione
2390 838 2775 922 Memofonte
2800 865 2976 922 onlus

1390 960 1600 1018 Studio
1624 979 1731 1035 per
1754 960 2226 1018 l’elaborazione
2250 960 2632 1018 informatica
2655 961 2813 1018 delle
2838 960 2991 1018 fonti
3018 960 3571 1018 storico—artistiche

484 1247 838 1305 Simoncelli
862 1248 1056 1315 Bald.,
1081 1247 1225 1305 Dell
1238 1249 1384 1305 ’arte
1409 1247 1510 1305 del
1533 1247 1876 1315 cavalcare,
1903 1247 2084 1305 4621.

482 1391 881 1449 Simulacrum
905 1411 1162 1449 aeneum
1178 1394 1359 1465 pueri
1384 1394 1606 1449 etrusci
1631 1403 1762 1459 etc.,
1790 1391 1970 1450 2629.

482 1537 793 1609 Sintagma
817 1536 892 1593 de
918 1555 1243 1609 corporum
1266 1536 1711 1609 diagrammata
1737 1538 1936 1609 optice
1963 1536 2244 1603 exhibita,
2275 1535 2410 1594 859.

484 1679 666 1737 Siries
692 1679 886 1754 Luigi,
917 1679 1257 1753 Catalogue
1282 1680 1390 1737 des
1407 1682 1646 1753 pierres
1670 1681 1944 1753 grave'es,
1974 1680 2153 1737 3004.

484 1822 746 1897 Sirigatti
770 1824 926 1890 Lor.,
951 1825 1037 1880 La
1055 1825 1299 1896 pratica
1317 1825 1714 1896 prospettiva,
1745 1822 1881 1890 860,
1912 1822 2047 1880 861.

484 1966 684 2024 Smids
710 1967 880 2034 Lud.,
906 1969 1153 2024 Pictura
1180 1966 1453 2040 loquens,
1487 1967 1661 2024 1041.

484 2110 684 2168 Smids
710 2110 1030 2185 Ludolphi,
1055 2113 1304 2168 Roman.
1334 2113 1476 2184 Imp.
1500 2111 1930 2184 pinacotheca,
1959 2110 2137 2168 3005.

484 2254 677 2312 Smith
702 2254 898 2322 Char.,
920 2256 1180 2312 Ancient
1202 2266 1470 2312 costume
1496 2255 1571 2328 of
1580 2254 1879 2328 England,

484 2398 643 2472 Snap
669 2398 847 2465 And.,
872 2399 1260 2455 L’anatomia
1285 2397 1386 2455 del
1409 2397 1668 2465 cavallo,
1695 2397 1876 2455 4622.

482 2543 753 2615 Soggetti
769 2561 888 2615 per
909 2542 1128 2615 quadri
1151 2542 1234 2599 ad
1257 2561 1367 2599 uso
1391 2542 1466 2599 de
1482 2543 1493 2562 ’
1511 2544 1741 2615 pittori,
1769 2542 1908 2599 211.

482 2685 788 2743 Solemnia
815 2685 1129 2743 electionis
1151 2685 1447 2759 Leopoldi
1467 2688 1530 2743 R.
1560 2688 1728 2759 Imp.,
1762 2685 1935 2743 1455.

482 2828 730 2886 Solenni
755 2831 999 2902 esequie
1016 2848 1135 2902 per
1157 2828 1216 2886 la
1241 2840 1431 2886 morte
1456 2829 1518 2886 di
1539 2831 1611 2886 D.
1646 2830 1810 2886 Gior.
1846 2828 2070 2886 Clerici
2096 2831 2154 2886 in
2177 2828 2436 2896 Milano,
2471 2828 2644 2886 1503.

484 2972 700 3030 Solerii
724 2973 893 3040 Ans,
918 2975 1013 3030 De
1031 2972 1220 3046 pileo,
1255 2973 1429 3031 1797.

484 3117 839 3174 Sommerau
863 3116 1067 3184 Louis,
1092 3119 1206 3174 Les
1232 3118 1584 3190 tapisséries
1608 3117 1683 3174 de
1706 3116 1985 3190 Raphael
2007 3117 2049 3174 cl
2061 3117 2291 3184 ’Urbin,
2320 3116 2498 3174 3456.

484 3260 856 3318 Sommerius
880 3260 1042 3328 Wil,
1067 3263 1162 3318 De
1185 3263 1266 3318 M.
1293 3262 1568 3334 Agrippa
1596 3260 1804 3318 ineluti
1827 3263 2126 3328 auctorit.,
2156 3261 2335 3328 3344,
2364 3260 2542 3318 3006.

482 3405 784 3461 Sontuosa
811 3403 1258 3467 illuminazione
1283 3404 1346 3461 di
1373 3406 1591 3461 Torino
1609 3423 1728 3477 per
1748 3423 1929 3467 nozze
1952 3406 2041 3471 R.,
2075 3403 2248 3461 1504.

484 3547 737 3622 Soprani
761 3547 916 3615 Raf,
948 3550 1073 3605 Vite
1098 3548 1449 3621 de’pittori,
1477 3548 1659 3615 2371,
1686 3548 1866 3605 2372.

484 3691 759 3749 Sormani
783 3691 940 3759 Nio,
970 3693 1264 3749 Giornate
1282 3711 1401 3765 per
1423 3691 1482 3749 la
1508 3693 1651 3749 città
1676 3692 1739 3749 di
1760 3691 2018 3759 Milano,
2045 3691 2225 3749 4253.

484 3836 654 3893 Sorte
679 3835 944 3903 Cristof.,
975 3837 1404 3899 Osservazioni
1427 3835 1590 3893 nella
1608 3838 1857 3909 pittura,
1885 3836 2024 3903 212,
2052 3836 2190 3893 213.

484 3978 729 4036 Sonciet
751 3980 812 4036 P.
840 3980 927 4046 E.,
952 3981 1222 4036 Histoire
1248 3978 1730 4052 chronologique
1754 3979 1829 4036 de
1853 3979 2234 4052 Pythocloris,
2264 3979 2442 4036 3007.

484 4122 750 4197 Spagnio
775 4123 954 4190 And.,
979 4125 1074 4180 De
1100 4123 1277 4190 bono,
1308 4123 1383 4180 de
1408 4122 1584 4190 malo,
1616 4123 1691 4180 de
1708 4122 1990 4196 pulchro,
2024 4123 2197 4180 1070.

484 4266 755 4341 Spalletti
781 4266 972 4334 Gius.,
997 4269 1080 4324 Di
1105 4287 1225 4324 una
1252 4266 1455 4324 tavola
1480 4266 1739 4340 ospitale
1766 4278 2001 4324 trovata
2029 4269 2087 4324 in
2110 4269 2321 4334 Roma,
2351 4266 2528 4324 3345.

484 4410 875 4485 Spandugino
900 4411 1108 4478 Teod.,
1133 4410 1542 4484 Dell’origine
1567 4411 1667 4468 dei
1683 4413 1952 4484 principi
1977 4411 2189 4478 turchi,
2223 4411 2396 4469 1798.

484 4553 828 4628 Spanheim,
853 4556 968 4611 Les
996 4555 1220 4611 Cesars
1244 4554 1319 4611 de
1346 4553 1558 4627 l’Emp.
1589 4553 1809 4621 Julien,
1838 4554 2016 4612 3009.

484 4697 828 4772 Spanheim,
853 4700 948 4755 De
966 4700 1349 4771 praestantia
1376 4709 1434 4755 et
1457 4717 1567 4755 usu
1592 4700 2033 4765 numismatum,
2063 4698 2241 4755 3008.

482 4843 797 4915 Specimen
823 4842 898 4915 of
910 4842 1006 4899 the
1030 4844 1276 4899 ancient
1297 4841 1621 4915 sculpture,
1651 4841 1829 4899 3557.

482 4985 803 5059 Speculum
830 5005 1119 5043 romanae
1144 4986 1654 5059 magnificentiae,
1684 4985 1862 5043 3886.

484 5129 688 5203 Spelta
710 5129 870 5196 Ant.,
895 5131 981 5186 La
1005 5131 1197 5186 Pavia
1224 5129 1565 5202 trionfante,
1600 5129 1773 5186 1042.

484 5272 777 5347 Sperling,
803 5273 1107 5330 Judicium
1130 5273 1373 5330 Paridis
1399 5272 1596 5340 embl.,
1631 5272 1804 5331 1959.

484 5416 787 5491 Spergesii
811 5418 841 5474 ]
845 5435 954 5484 os.,
979 5419 1074 5474 De
1099 5419 1355 5474 monetis
1380 5417 1835 5484 veronensibus,
1865 5417 2043 5474 3010.

482 5561 881 5633 Spiegazione
905 5560 968 5617 di
984 5562 1209 5633 pitture
1236 5571 1475 5633 esposte
1502 5562 1560 5617 in
1589 5559 2036 5633 Campidoglio,
2070 5560 2243 5617 1282.

482 5705 881 5777 Spiegazione
905 5704 968 5761 di
984 5706 1209 5777 pitture
1236 5715 1475 5777 esposte
1499 5703 1662 5761 nella
1687 5703 1822 5761 sala
1847 5703 1948 5761 del
1963 5703 2220 5777 palazzo
2243 5704 2584 5771 Barberini,
2614 5703 2792 5761 3457.

482 5849 881 5921 Spiegazione
905 5848 968 5905 di
991 5848 1108 5905 due
1132 5848 1374 5905 antiche
1399 5867 1596 5911 mazze
1621 5848 1684 5905 di
1694 5848 1869 5921 ferro
1894 5848 1957 5905 di
1978 5850 2273 5915 Messina,
2303 5847 2481 5905 3346.

487 6136 565 6209 [p.
594 6134 786 6204 lXViii]

484 6422 814 6497 Spilsbury,
846 6422 1185 6480 Collection
1211 6423 1286 6496 of
1296 6425 1542 6496 antique
1567 6442 1735 6496 gems
1761 6442 1869 6490 ec.,
1899 6423 2077 6480 3011.

2171 6657 2347 6694 WWW.
2358 6637 2734 6710 memofonte.
2748 6639 2791 6694 it
